2467 4042
320 236 450 302 310
625 251 967 289 macons
1142 231 1468 287 METAMM
1485 271 1500 287 .

499 400 653 472 Quid
701 398 877 479 Styga
904 446 924 481 ‚
968 397 1112 478 quid
1157 396 1435 459 tenebras
1489 406 1552 460 et
1607 401 1845 460 nomina
1891 419 2042 462 vana
2085 403 2319 465 timetis
2344 453 2359 479 ,

369 500 469 550 155
499 489 804 550 Materiem
850 495 1048 548 vatum
1074 534 1092 567 ‚
1140 486 1389 565 falsique
1433 485 1700 566 pericula
1744 487 1953 550 mundi
1972 485 2009 551 Ῥ

500 576 761 657 Corpora
786 623 804 656 ,
850 577 972 636 sive
1018 592 1200 654 rogus
1246 575 1479 636 flamma
1502 623 1522 657 ‚
1568 592 1678 637 seu
1722 576 1860 638 tabe
1906 584 2179 640 vetustas

499 664 826 726 Abstulerit
849 711 868 746 ‚
914 662 1066 724 mala
1109 679 1287 742 posse
1333 665 1458 743 pati
1501 680 1621 724 non
1668 663 1787 725 ulla
1830 668 2059 745 putetis
2079 713 2094 726 .

499 754 688 814 Morte
734 759 941 814 carent
984 753 1215 812 animae
1245 771 1263 832 ;
1308 768 1662 832 semperque
1706 753 1911 833 priore
1957 753 2174 816 relicta

505 840 656 903 Sede
702 842 870 902 novis
914 839 1189 902 domibus
1232 840 1440 900 vivunt
1483 838 1868 920 habitantque
1915 850 2199 923 receptae
2218 890 2235 904 .

371 942 474 992 160
503 930 634 1010 Ipse
663 947 772 1009 ego
793 960 878 973 —
897 946 1034 989 nam
1061 928 1306 989 memini
1324 959 1410 972 —-
1429 926 1671 989 Troiani
1699 936 1968 1009 tempore
1997 928 2144 991 belli
2171 944 2213 985 r.
2228 945 2351 985 oevi.

502 1017 856 1079 Panthoides
901 1014 1264 1097 Euphorbus
1312 1033 1474 1077 eram
1499 1063 1518 1098 ,
1564 1018 1663 1077 cui
1707 1024 1954 1097 pectore
2003 1018 2310 1096 quondam

500 1105 705 1168 Haesit
746 1108 809 1167 in
855 1106 1100 1167 adverso
1146 1106 1340 1184 gravis
1384 1104 1551 1166 hasta
1594 1106 1843 1166 minoris
1888 1103 2136 1167 Atridae
2158 1154 2175 1168 .

505 1193 762 1274 Cognovi
808 1193 1070 1273 clipeum
1094 1240 1114 1275 ,
1155 1192 1354 1254 laevae
1401 1195 1727 1272 gestamina
1772 1200 2015 1255 nostrae
2035 1241 2053 1274 ‚

502 1283 706 1362 Nuper
749 1282 1029 1343 Abanteis
1073 1280 1296 1361 templo
1341 1280 1585 1343 Iunonis
1628 1283 1695 1342 in
1737 1281 1911 1360 Argis
1932 1330 1946 1342 .

383 1383 484 1433 165
514 1370 725 1432 Omnia
770 1377 1081 1432 mutantur
1103 1417 1123 1452 ,
1167 1368 1317 1430 nihil
1360 1371 1568 1432 interit
1594 1416 1609 1430 .
1664 1377 1825 1431 errat
1851 1416 1870 1451 ‚
1916 1377 1979 1430 et
2022 1369 2192 1432 Illinc

503 1458 635 1521 Huc
680 1461 841 1520 venit
863 1506 883 1540 ‚
927 1459 1068 1520 hinc
1112 1456 1256 1520 illuc
1281 1505 1300 1540 ,
1346 1465 1408 1518 et
1452 1455 1751 1537 quoslibet
1794 1466 2051 1538 occupat
2096 1467 2267 1520 artus

505 1547 807 1628 Spiritus;
853 1564 1006 1626 eque
1050 1547 1197 1607 feris
1242 1544 1497 1608 humana
1539 1548 1605 1607 in
1650 1563 1902 1626 corpora
1944 1549 2167 1608 transit
2184 1595 2204 1628 ‚

503 1636 689 1715 Inque
737 1636 894 1697 feras
939 1641 1146 1696 noster
1170 1681 1190 1715 ‚
1234 1651 1347 1695 nec
1391 1641 1662 1714 tempore
1708 1633 1944 1713 deperit
1986 1633 2114 1694 ullo
2130 1682 2146 1696 .

505 1724 700 1803 thue
746 1725 914 1785 novis
959 1722 1149 1785 facssis
1194 1723 1464 1802 signatur
1510 1739 1648 1783 cera
1691 1723 1899 1801 figuris
1918 1769 1937 1804 ,

376 1826 478 1876 170
505 1813 628 1873 Nec
673 1819 872 1873 manet
914 1818 987 1873 ut
1028 1812 1225 1872 fuerat
1249 1858 1269 1892 ‚
1315 1828 1427 1872 nec
1471 1811 1693 1871 formas
1742 1817 1941 1871 servat
1985 1810 2229 1872 easdem
2247 1858 2267 1893 ,

511 1899 629 1962 Sed
658 1908 856 1962 tamen
884 1902 1012 1981 ipsa
1040 1898 1246 1961 eadem
1274 1906 1368 1960 est
1392 1919 1410 1980 ς
1437 1901 1693 1959 animam
1719 1899 1805 1959 sic
1835 1916 2077 1979 semper
2102 1899 2354 1960 eandem

505 1989 655 2051 Esse
681 2037 701 2073 ,
747 1989 852 2050 sed
896 1990 960 2050 in
1003 1990 1194 2050 varias
1239 1987 1425 2048 doceo
1471 1987 1727 2066 migrare
1770 1986 1995 2066 figuras
2012 2034 2026 2048 .

505 2077 664 2158 Ergo
712 2109 797 2122 -—
842 2095 956 2138 nec
999 2078 1188 2156 pietas
1236 2077 1314 2137 sit
1358 2077 1515 2136 victa
1559 2073 1837 2156 cupidine
1883 2076 2115 2136 ventris
2160 2108 2249 2119 —

506 2167 740 2227 Parcite
766 2213 786 2248 ‚
830 2167 1119 2226 vaticinor
1142 2211 1161 2247 ‚
1209 2171 1488 2244 cognatas
1534 2161 1713 2225 caede
1758 2162 2015 2224 nefanda

381 2269 479 2319 175
508 2254 841 2316 Exturbare
887 2256 1155 2333 animas3
1201 2270 1316 2314 nec
1362 2253 1649 2331 sanguine
1695 2252 1936 2330 sanguis
1983 2250 2179 2313 alatur
2197 2299 2214 2313 .

508 2342 586 2404 Et
631 2344 908 2422 quoniam
954 2359 1165 2421 magno
1203 2340 1366 2401 feror
1412 2357 1667 2419 aequore
1712 2339 2007 2419 plenaque
2052 2341 2251 2401 ventis

510 2430 649 2493 Vela
681 2431 876 2494 ‘dedit
919 2430 1067 2491 nihil
1112 2436 1205 2491 est
1248 2435 1377 2490 toto
1401 2476 1421 2510 ‚
1467 2428 1625 2507 quod
1669 2435 1899 2508 perstet
1923 2474 1941 2508 ,
1985 2429 2050 2489 in
2101 2427 2249 2489 orbe
2269 2475 2284 2488 .

512 2520 739 2583 Cuncta
781 2519 978 2580 fluunt
1001 2565 1020 2600 ,
1065 2518 1379 2597 omnisque
1422 2534 1637 2596 vagans
1682 2517 1973 2577 formatur
2018 2517 2217 2596 imago
2241 2563 2255 2577 .

510 2608 643 2688 lpsa
689 2625 926 2688 quoque
974 2606 1211 2668 assiduo
1256 2605 1540 2667 labuntur
1584 2612 1854 2684 tempora
1900 2610 2068 2665 motu
2086 2651 2108 2687 ,

374 2710 482 2761 180
510 2697 641 2757 Non
687 2714 862 2758 secus
908 2714 977 2757 ac
1020 2695 1244 2757 flumen
1272 2741 1287 2756 .
1342 2711 1539 2772 neque
1575 2695 1736 2754 enim
1771 2693 2104 2754 consistere
2135 2692 2351 2754 flmen

517 2786 633 2846 Mc
681 2786 824 2846 levis
868 2783 1016 2845 hora
1057 2789 1303 2865 potest:
1350 2781 1456 2843 sed
1500 2787 1570 2843 ut
1603 2780 1761 2842 unda
1798 2780 2131 2861 impellitur
2166 2780 2354 2861 unda,

517 2874 931 2953 Urgueturque
979 2872 1184 2933 eadem
1228 2872 1475 2932 veniens
1518 2877 1853 2950 urguetque
1894 2869 2201 2953 priorem3

513 2966 804 3042 Tmnpflra
849 2963 936 3023 sic
981 2961 1218 3040 fugiunt
1261 2961 1486 3040 pariter
1512 3005 1532 3039 ,
1586 2960 1928 3038 pariterque
1986 2965 2323 3037 sequuntur
2336 3001 2353 3037 ‚

517 3050 589 3110 Et
637 3068 783 3111 uma
828 3057 970 3111 sunt
1015 3065 1253 3128 semper
1281 3094 1296 3109 .
1350 3065 1487 3109 nam
1533 3046 1692 3125 quod
1739 3046 1855 3107 fuit
1897 3051 2036 3107 ante
2064 3093 2084 3127 ‚

1908 3133 2191 3195 relictum
2235 3140 2353 3211 est,

393 3246 485 3288 12-55.
518 3230 729 3306 Fitque
777 3226 934 3306 quod
980 3224 1138 3286 haud
1183 3226 1381 3286 fuerat
1403 3271 1423 3305 ‚
1468 3229 1885 3302 momentaque
1931 3228 2153 3283 cuncta

2033 3318 2325 3372 novantur
2341 3355 2354 3368 .

517 3406 725 3462 Cernis
773 3412 835 3464 et
878 3418 1150 3462 emensas
1193 3402 1260 3460 in
1303 3400 1499 3460 lucem
1544 3397 1792 3460 tendere
1820 3405 2079 3478 noctes,

517 3490 593 3546 Et
641 3490 808 3548 iubar
853 3489 967 3548 hoc
1011 3485 1269 3547 nitidum
1315 3489 1522 3565 nigrae
1570 3485 1893 3548 succedere
1940 3488 2140 3547 nocti.

521 3574 637 3634 Nec
685 3575 845 3635 color
892 3583 984 3634 est
1028 3573 1186 3634 idem
1233 3574 1398 3635 caelo
1424 3620 1445 3655 ,
1490 3590 1632 3635 cum
1676 3572 1828 3634 lassa
1876 3574 2079 3651 quiete
