<?xml version="1.0" encoding="UTF-8"?>
<!DOCTYPE html PUBLIC "-//W3C//DTD XHTML 1.0 Transitional//EN"
    "http://www.w3.org/TR/xhtml1/DTD/xhtml1-transitional.dtd">
<html xmlns="http://www.w3.org/1999/xhtml" xml:lang="en" lang="en">
 <head>
  <title>
</title>
<meta http-equiv="Content-Type" content="text/html;charset=utf-8" />
  <meta name='ocr-system' content='tesseract 3.04.00' />
  <meta name='ocr-capabilities' content='ocr_page ocr_carea ocr_par ocr_line ocrx_word'/>
</head>
<body>
  <div class='ocr_page' id='page_1' title='image "./povidiusnaso00ehwagoog_0087.png"; bbox 0 0 2467 4042; ppageno 0'>
   <div class='ocr_carea' id='block_1_1' title="bbox 370 305 757 385">
    <p class='ocr_par' dir='ltr' id='par_1_1' title="bbox 370 305 757 385">
     <span class='ocr_line' id='line_1_1' title="bbox 370 305 757 385; baseline 0.008 -18"><span class='ocrx_word' id='word_1_1' title='bbox 370 309 398 384; x_wconf 91' lang='grc' dir='ltr'>Ι,</span> <span class='ocrx_word' id='word_1_2' title='bbox 414 307 471 384; x_wconf 82' lang='grc'>15,</span> <span class='ocrx_word' id='word_1_3' title='bbox 486 305 528 370; x_wconf 89' lang='lat'>41</span> <span class='ocrx_word' id='word_1_4' title='bbox 542 309 639 385; x_wconf 84' lang='lat'>-11,</span> <span class='ocrx_word' id='word_1_5' title='bbox 654 310 690 383; x_wconf 77' lang='lat'>2,</span> <span class='ocrx_word' id='word_1_6' title='bbox 706 310 757 372; x_wconf 75' lang='lat'>32.</span> 
     </span>
    </p>
   </div>
   <div class='ocr_carea' id='block_1_2' title="bbox 76 462 939 875">
    <p class='ocr_par' dir='ltr' id='par_1_2' title="bbox 76 462 939 875">
     <span class='ocr_line' id='line_1_2' title="bbox 175 462 882 540; baseline -0.001 -18"><span class='ocrx_word' id='word_1_7' title='bbox 175 462 226 523; x_wconf 91' lang='lat' dir='ltr'>Ad</span> <span class='ocrx_word' id='word_1_8' title='bbox 242 468 358 535; x_wconf 84' lang='lat' dir='ltr'>vatem,</span> <span class='ocrx_word' id='word_1_9' title='bbox 380 462 510 537; x_wconf 86' lang='lat' dir='ltr'>pretium</span> <span class='ocrx_word' id='word_1_10' title='bbox 526 462 683 536; x_wconf 80' lang='lat' dir='ltr'>carminis,</span> <span class='ocrx_word' id='word_1_11' title='bbox 703 464 773 540; x_wconf 90' lang='lat' dir='ltr'>ipsa</span> <span class='ocrx_word' id='word_1_12' title='bbox 787 467 882 525; x_wconf 84' lang='lat' dir='ltr'>venit=</span> 
     </span>
     <span class='ocr_line' id='line_1_3' title="bbox 76 546 881 621; baseline -0.002 -9"><span class='ocrx_word' id='word_1_13' title='bbox 76 558 119 612; x_wconf 71' lang='lat'>³5</span> <span class='ocrx_word' id='word_1_14' title='bbox 132 547 249 621; x_wconf 79' lang='lat' dir='ltr'>Magna</span> <span class='ocrx_word' id='word_1_15' title='bbox 264 546 356 607; x_wconf 88' lang='lat' dir='ltr'>datur</span> <span class='ocrx_word' id='word_1_16' title='bbox 370 562 501 607; x_wconf 85' lang='lat' dir='ltr'>merces.</span> <span class='ocrx_word' id='word_1_17' title='bbox 534 547 669 607; x_wconf 83' lang='lat' dir='ltr'><strong>Heroum</strong></span> <span class='ocrx_word' id='word_1_18' title='bbox 685 549 767 608; x_wconf 88' lang='lat' dir='ltr'>clara</span> <span class='ocrx_word' id='word_1_19' title='bbox 781 552 881 610; x_wconf 83' lang='lat' dir='ltr'>valete</span> 
     </span>
     <span class='ocr_line' id='line_1_4' title="bbox 172 630 881 705; baseline 0.003 -14"><span class='ocrx_word' id='word_1_20' title='bbox 172 630 313 691; x_wconf 83' lang='lat' dir='ltr'>Nomina</span> <span class='ocrx_word' id='word_1_21' title='bbox 344 646 406 690; x_wconf 92' lang='lat' dir='ltr'>non</span> <span class='ocrx_word' id='word_1_22' title='bbox 420 637 494 705; x_wconf 85' lang='lat' dir='ltr'>apta</span> <span class='ocrx_word' id='word_1_23' title='bbox 507 636 555 690; x_wconf 89' lang='lat' dir='ltr'>est</span> <span class='ocrx_word' id='word_1_24' title='bbox 569 631 666 705; x_wconf 84' lang='lat' dir='ltr'>gratia</span> <span class='ocrx_word' id='word_1_25' title='bbox 681 639 784 693; x_wconf 85' lang='lat' dir='ltr'>vestra</span> <span class='ocrx_word' id='word_1_26' title='bbox 798 634 881 694; x_wconf 89' lang='lat' dir='ltr'>mihi.</span> 
     </span>
     <span class='ocr_line' id='line_1_5' title="bbox 130 714 854 793; baseline 0.004 -18"><span class='ocrx_word' id='word_1_27' title='bbox 130 716 181 776; x_wconf 82' lang='lat' dir='ltr'>Ad</span> <span class='ocrx_word' id='word_1_28' title='bbox 197 731 268 775; x_wconf 87' lang='lat' dir='ltr'>mea</span> <span class='ocrx_word' id='word_1_29' title='bbox 282 715 438 775; x_wconf 78' lang='lat' dir='ltr'>formosos</span> <span class='ocrx_word' id='word_1_30' title='bbox 454 716 556 774; x_wconf 88' lang='lat' dir='ltr'>vultus</span> <span class='ocrx_word' id='word_1_31' title='bbox 572 714 714 776; x_wconf 87' lang='lat' dir='ltr'>adhibete</span> <span class='ocrx_word' id='word_1_32' title='bbox 732 719 854 793; x_wconf 87' lang='lat' dir='ltr'>puellae</span> 
     </span>
     <span class='ocr_line' id='line_1_6' title="bbox 174 798 939 875; baseline 0.007 -16"><span class='ocrx_word' id='word_1_33' title='bbox 174 798 332 872; x_wconf 85' lang='lat' dir='ltr'>Carmina,</span> <span class='ocrx_word' id='word_1_34' title='bbox 353 814 528 875; x_wconf 81' lang='lat' dir='ltr'>purpureus</span> <span class='ocrx_word' id='word_1_35' title='bbox 546 799 713 872; x_wconf 87' lang='lat' dir='ltr'>quaemihi</span> <span class='ocrx_word' id='word_1_36' title='bbox 729 801 822 863; x_wconf 88' lang='lat' dir='ltr'>dictat</span> <span class='ocrx_word' id='word_1_37' title='bbox 838 805 939 864; x_wconf 80' lang='lat' dir='ltr'>Amor.</span> 
     </span>
    </p>
   </div>
   <div class='ocr_carea' id='block_1_3' title="bbox 61 932 1040 3655">
    <p class='ocr_par' dir='ltr' id='par_1_3' title="bbox 61 932 1040 3655">
     <span class='ocr_line' id='line_1_7' title="bbox 61 932 991 1045; baseline -0.001 -14"><span class='ocrx_word' id='word_1_38' title='bbox 61 938 96 1031; x_wconf 78' lang='lat'>2</span> <span class='ocrx_word' id='word_1_39' title='bbox 132 932 239 1038; x_wconf 59' lang='lat' dir='ltr'>Quem</span> <span class='ocrx_word' id='word_1_40' title='bbox 254 982 353 1044; x_wconf 88' lang='lat' dir='ltr'>penes</span> <span class='ocrx_word' id='word_1_41' title='bbox 369 973 417 1026; x_wconf 91' lang='lat' dir='ltr'>est</span> <span class='ocrx_word' id='word_1_42' title='bbox 431 966 586 1027; x_wconf 89' lang='lat' dir='ltr'>dominam</span> <span class='ocrx_word' id='word_1_43' title='bbox 601 966 747 1027; x_wconf 92' lang='lat' dir='ltr'>servandi</span> <span class='ocrx_word' id='word_1_44' title='bbox 762 983 849 1043; x_wconf 89' lang='lat' dir='ltr'>cura,</span> <span class='ocrx_word' id='word_1_45' title='bbox 871 970 991 1045; x_wconf 78' lang='lat' dir='ltr'>Bagoe,</span> 
     </span>
     <span class='ocr_line' id='line_1_8' title="bbox 171 1053 925 1127; baseline 0.001 -14"><span class='ocrx_word' id='word_1_46' title='bbox 171 1053 252 1113; x_wconf 86' lang='lat' dir='ltr'>Dum</span> <span class='ocrx_word' id='word_1_47' title='bbox 266 1066 384 1127; x_wconf 81' lang='lat' dir='ltr'>perago</span> <span class='ocrx_word' id='word_1_48' title='bbox 399 1057 499 1111; x_wconf 89' lang='lat' dir='ltr'>tecum</span> <span class='ocrx_word' id='word_1_49' title='bbox 516 1067 631 1126; x_wconf 85' lang='lat' dir='ltr'>pauca,</span> <span class='ocrx_word' id='word_1_50' title='bbox 656 1053 713 1111; x_wconf 90' lang='lat' dir='ltr'>sed</span> <span class='ocrx_word' id='word_1_51' title='bbox 728 1059 816 1126; x_wconf 79' lang='grc'><strong>0010,</strong></span> <span class='ocrx_word' id='word_1_52' title='bbox 838 1069 925 1114; x_wconf 86' lang='lat' dir='ltr'>vaca.</span> 
     </span>
     <span class='ocr_line' id='line_1_9' title="bbox 128 1135 796 1211; baseline -0.004 -14"><span class='ocrx_word' id='word_1_53' title='bbox 128 1138 285 1197; x_wconf 79' lang='lat' dir='ltr'>Hesterna</span> <span class='ocrx_word' id='word_1_54' title='bbox 301 1135 366 1193; x_wconf 90' lang='lat' dir='ltr'>vidi</span> <span class='ocrx_word' id='word_1_55' title='bbox 382 1135 564 1210; x_wconf 88' lang='lat' dir='ltr'>spatiantem</span> <span class='ocrx_word' id='word_1_56' title='bbox 579 1137 648 1196; x_wconf 86' lang='lat' dir='ltr'>lucc</span> <span class='ocrx_word' id='word_1_57' title='bbox 663 1137 796 1211; x_wconf 86' lang='lat' dir='ltr'>puellam</span> 
     </span>
     <span class='ocr_line' id='line_1_10' title="bbox 172 1219 851 1295; baseline -0.004 -14"><span class='ocrx_word' id='word_1_58' title='bbox 172 1222 243 1295; x_wconf 88' lang='lat' dir='ltr'>Illa,</span> <span class='ocrx_word' id='word_1_59' title='bbox 264 1235 345 1295; x_wconf 88' lang='lat' dir='ltr'>quae</span> <span class='ocrx_word' id='word_1_60' title='bbox 359 1220 457 1279; x_wconf 87' lang='lat' dir='ltr'>Danai</span> <span class='ocrx_word' id='word_1_61' title='bbox 473 1219 609 1295; x_wconf 88' lang='lat' dir='ltr'>porticus</span> <span class='ocrx_word' id='word_1_62' title='bbox 626 1236 734 1295; x_wconf 81' lang='lat' dir='ltr'>agmen</span> <span class='ocrx_word' id='word_1_63' title='bbox 750 1220 851 1280; x_wconf 87' lang='lat' dir='ltr'>habet.</span> 
     </span>
     <span class='ocr_line' id='line_1_11' title="bbox 93 1303 930 1380; baseline -0.006 -11"><span class='ocrx_word' id='word_1_64' title='bbox 93 1304 287 1376; x_wconf 73' lang='lat' dir='ltr'>arretinus,</span> <span class='ocrx_word' id='word_1_65' title='bbox 312 1310 346 1364; x_wconf 90' lang='lat' dir='ltr'>ut</span> <span class='ocrx_word' id='word_1_66' title='bbox 359 1303 489 1378; x_wconf 81' lang='lat' dir='ltr'>placuit,</span> <span class='ocrx_word' id='word_1_67' title='bbox 513 1304 597 1379; x_wconf 92' lang='lat' dir='ltr'>misi,</span> <span class='ocrx_word' id='word_1_68' title='bbox 621 1305 801 1380; x_wconf 75' lang='lat' dir='ltr'>scriptoque·</span> <span class='ocrx_word' id='word_1_69' title='bbox 814 1306 930 1380; x_wconf 85' lang='lat' dir='ltr'>rogavi.</span> 
     </span>
     <span class='ocr_line' id='line_1_12' title="bbox 171 1387 853 1463; baseline -0.007 -13"><span class='ocrx_word' id='word_1_70' title='bbox 171 1388 347 1463; x_wconf 82' lang='lat' dir='ltr'>Rescripsit</span> <span class='ocrx_word' id='word_1_71' title='bbox 361 1387 481 1463; x_wconf 88' lang='lat' dir='ltr'>trepida</span> <span class='ocrx_word' id='word_1_72' title='bbox 497 1391 570 1447; x_wconf 77' lang='lat' dir='ltr'>‘non</span> <span class='ocrx_word' id='word_1_73' title='bbox 585 1388 669 1449; x_wconf 88' lang='lat' dir='ltr'>licet’</span> <span class='ocrx_word' id='word_1_74' title='bbox 687 1389 738 1448; x_wconf 92' lang='lat' dir='ltr'>illa</span> <span class='ocrx_word' id='word_1_75' title='bbox 753 1404 853 1449; x_wconf 91' lang='lat' dir='ltr'>manu.</span> 
     </span>
     <span class='ocr_line' id='line_1_13' title="bbox 126 1471 965 1550; baseline 0 -16"><span class='ocrx_word' id='word_1_76' title='bbox 126 1474 183 1550; x_wconf 85' lang='grc'><strong>111,</strong></span> <span class='ocrx_word' id='word_1_77' title='bbox 208 1489 262 1534; x_wconf 90' lang='lat' dir='ltr'>cur</span> <span class='ocrx_word' id='word_1_78' title='bbox 275 1487 338 1532; x_wconf 93' lang='lat' dir='ltr'>non</span> <span class='ocrx_word' id='word_1_79' title='bbox 355 1471 460 1544; x_wconf 89' lang='lat' dir='ltr'>liceat,</span> <span class='ocrx_word' id='word_1_80' title='bbox 486 1472 643 1547; x_wconf 80' lang='lat' dir='ltr'>quaerenti</span> <span class='ocrx_word' id='word_1_81' title='bbox 657 1473 777 1533; x_wconf 87' lang='lat' dir='ltr'>reddita</span> <span class='ocrx_word' id='word_1_82' title='bbox 792 1481 965 1548; x_wconf 90' lang='lat' dir='ltr'>causaest,</span> 
     </span>
     <span class='ocr_line' id='line_1_14' title="bbox 172 1556 929 1632; baseline -0.001 -15"><span class='ocrx_word' id='word_1_83' title='bbox 172 1557 263 1632; x_wconf 84' lang='lat' dir='ltr'>Quod</span> <span class='ocrx_word' id='word_1_84' title='bbox 277 1556 404 1617; x_wconf 91' lang='lat' dir='ltr'>nimium</span> <span class='ocrx_word' id='word_1_85' title='bbox 420 1556 563 1616; x_wconf 85' lang='lat' dir='ltr'>dominae</span> <span class='ocrx_word' id='word_1_86' title='bbox 577 1572 651 1617; x_wconf 89' lang='lat' dir='ltr'>cura</span> <span class='ocrx_word' id='word_1_87' title='bbox 665 1559 796 1617; x_wconf 87' lang='lat' dir='ltr'>molesta</span> <span class='ocrx_word' id='word_1_88' title='bbox 809 1565 860 1617; x_wconf 90' lang='lat' dir='ltr'>tua</span> <span class='ocrx_word' id='word_1_89' title='bbox 874 1563 929 1618; x_wconf 90' lang='grc'><strong>001.</strong></span> 
     </span>
     <span class='ocr_line' id='line_1_15' title="bbox 128 1641 963 1717; baseline -0.002 -13"><span class='ocrx_word' id='word_1_90' title='bbox 128 1642 162 1704; x_wconf 90' lang='lat' dir='ltr'>Si</span> <span class='ocrx_word' id='word_1_91' title='bbox 178 1642 281 1717; x_wconf 86' lang='lat' dir='ltr'>sapis,</span> <span class='ocrx_word' id='word_1_92' title='bbox 306 1656 325 1700; x_wconf 95' lang='grc'>0</span> <span class='ocrx_word' id='word_1_93' title='bbox 341 1647 463 1715; x_wconf 90' lang='lat' dir='ltr'>custos,</span> <span class='ocrx_word' id='word_1_94' title='bbox 484 1641 608 1701; x_wconf 91' lang='lat' dir='ltr'>odium..</span> <span class='ocrx_word' id='word_1_95' title='bbox 625 1641 697 1700; x_wconf 91' lang='lat' dir='ltr'>mihi</span> <span class='ocrx_word' id='word_1_96' title='bbox 714 1641 838 1701; x_wconf 87' lang='lat' dir='ltr'>crede...</span> <span class='ocrx_word' id='word_1_97' title='bbox 854 1643 963 1702; x_wconf 89' lang='lat' dir='ltr'>mereri</span> 
     </span>
     <span class='ocr_line' id='line_1_16' title="bbox 80 1725 966 1802; baseline -0.005 -11"><span class='ocrx_word' id='word_1_98' title='bbox 80 1739 119 1793; x_wconf 74' lang='grc'>10</span> <span class='ocrx_word' id='word_1_99' title='bbox 173 1725 301 1786; x_wconf 90' lang='lat' dir='ltr'>Desine.</span> <span class='ocrx_word' id='word_1_100' title='bbox 335 1739 426 1800; x_wconf 88' lang='lat' dir='ltr'>quem</span> <span class='ocrx_word' id='word_1_101' title='bbox 441 1725 547 1785; x_wconf 89' lang='lat' dir='ltr'>metuit</span> <span class='ocrx_word' id='word_1_102' title='bbox 563 1726 712 1801; x_wconf 88' lang='lat' dir='ltr'>quisque,</span> <span class='ocrx_word' id='word_1_103' title='bbox 737 1727 857 1801; x_wconf 89' lang='lat' dir='ltr'>perisse</span> <span class='ocrx_word' id='word_1_104' title='bbox 874 1727 966 1802; x_wconf 87' lang='lat' dir='ltr'>cupit.</span> 
     </span>
     <span class='ocr_line' id='line_1_17' title="bbox 126 1808 1040 1886; baseline 0.004 -17"><span class='ocrx_word' id='word_1_105' title='bbox 126 1811 185 1870; x_wconf 86' lang='lat' dir='ltr'>Vir</span> <span class='ocrx_word' id='word_1_106' title='bbox 201 1824 327 1885; x_wconf 85' lang='lat' dir='ltr'>quoqne</span> <span class='ocrx_word' id='word_1_107' title='bbox 341 1825 404 1870; x_wconf 90' lang='lat' dir='ltr'>non</span> <span class='ocrx_word' id='word_1_108' title='bbox 419 1808 555 1885; x_wconf 89' lang='lat' dir='ltr'>sapiens.</span> <span class='ocrx_word' id='word_1_109' title='bbox 586 1809 660 1884; x_wconf 90' lang='lat' dir='ltr'>quid</span> <span class='ocrx_word' id='word_1_110' title='bbox 675 1810 755 1869; x_wconf 91' lang='lat' dir='ltr'>enim</span> <span class='ocrx_word' id='word_1_111' title='bbox 770 1826 895 1871; x_wconf 84' lang='lat' dir='ltr'>servare</span> <span class='ocrx_word' id='word_1_112' title='bbox 908 1811 1040 1886; x_wconf 87' lang='lat' dir='ltr'>laboret,</span> 
     </span>
     <span class='ocr_line' id='line_1_18' title="bbox 169 1893 863 1969; baseline -0.006 -13"><span class='ocrx_word' id='word_1_113' title='bbox 169 1895 261 1957; x_wconf 91' lang='lat' dir='ltr'>Unde</span> <span class='ocrx_word' id='word_1_114' title='bbox 275 1893 365 1969; x_wconf 92' lang='lat' dir='ltr'>nihil,</span> <span class='ocrx_word' id='word_1_115' title='bbox 389 1894 530 1966; x_wconf 87' lang='lat' dir='ltr'>quamvis</span> <span class='ocrx_word' id='word_1_116' title='bbox 547 1900 743 1969; x_wconf 79' lang='lat' dir='ltr'>contueare,</span> <span class='ocrx_word' id='word_1_117' title='bbox 764 1896 863 1969; x_wconf 76' lang='lat' dir='ltr'>periti</span> 
     </span>
     <span class='ocr_line' id='line_1_19' title="bbox 127 1977 842 2053; baseline -0.004 -12"><span class='ocrx_word' id='word_1_118' title='bbox 127 1979 193 2041; x_wconf 87' lang='lat' dir='ltr'>Sed</span> <span class='ocrx_word' id='word_1_119' title='bbox 207 1984 294 2053; x_wconf 82' lang='lat' dir='ltr'>gerat</span> <span class='ocrx_word' id='word_1_120' title='bbox 307 1978 359 2037; x_wconf 88' lang='lat' dir='ltr'>ille</span> <span class='ocrx_word' id='word_1_121' title='bbox 375 1993 432 2037; x_wconf 92' lang='lat' dir='ltr'>suo</span> <span class='ocrx_word' id='word_1_122' title='bbox 448 1992 563 2037; x_wconf 86' lang='lat' dir='ltr'>morem</span> <span class='ocrx_word' id='word_1_123' title='bbox 579 1977 714 2039; x_wconf 81' lang='lat' dir='ltr'>furiosus</span> <span class='ocrx_word' id='word_1_124' title='bbox 729 1978 842 2053; x_wconf 86' lang='lat' dir='ltr'>amori,</span> 
     </span>
     <span class='ocr_line' id='line_1_20' title="bbox 168 2061 906 2139; baseline -0.003 -15"><span class='ocrx_word' id='word_1_125' title='bbox 168 2063 209 2124; x_wconf 84' lang='lat' dir='ltr'>Et</span> <span class='ocrx_word' id='word_1_126' title='bbox 224 2069 344 2123; x_wconf 87' lang='lat' dir='ltr'>castum</span> <span class='ocrx_word' id='word_1_127' title='bbox 362 2061 463 2121; x_wconf 92' lang='lat' dir='ltr'>multis</span> <span class='ocrx_word' id='word_1_128' title='bbox 483 2063 567 2138; x_wconf 89' lang='lat' dir='ltr'>quod</span> <span class='ocrx_word' id='word_1_129' title='bbox 582 2064 699 2138; x_wconf 86' lang='lat' dir='ltr'>placet,</span> <span class='ocrx_word' id='word_1_130' title='bbox 722 2078 794 2123; x_wconf 87' lang='lat' dir='ltr'>csse</span> <span class='ocrx_word' id='word_1_131' title='bbox 811 2068 906 2139; x_wconf 86' lang='lat' dir='ltr'>putet.</span> 
     </span>
     <span class='ocr_line' id='line_1_21' title="bbox 85 2144 805 2212; baseline -0.013 0"><span class='ocrx_word' id='word_1_132' title='bbox 85 2161 118 2212; x_wconf 80' lang='lat'>·.¹›</span> <span class='ocrx_word' id='word_1_133' title='bbox 128 2146 210 2209; x_wconf 87' lang='lat' dir='ltr'>Huic</span> <span class='ocrx_word' id='word_1_134' title='bbox 224 2144 335 2207; x_wconf 79' lang='lat' dir='ltr'>furtiva</span> <span class='ocrx_word' id='word_1_135' title='bbox 349 2151 402 2205; x_wconf 92' lang='grc'>100</span> <span class='ocrx_word' id='word_1_136' title='bbox 418 2145 543 2206; x_wconf 87' lang='lat' dir='ltr'>libertus</span> <span class='ocrx_word' id='word_1_137' title='bbox 559 2162 684 2207; x_wconf 88' lang='lat' dir='ltr'>munere</span> <span class='ocrx_word' id='word_1_138' title='bbox 702 2148 805 2207; x_wconf 78' lang='lat' dir='ltr'>detur:</span> 
     </span>
     <span class='ocr_line' id='line_1_22' title="bbox 170 2228 805 2305; baseline 0 -16"><span class='ocrx_word' id='word_1_139' title='bbox 170 2230 268 2305; x_wconf 81' lang='lat' dir='ltr'>Quem</span> <span class='ocrx_word' id='word_1_140' title='bbox 283 2229 409 2290; x_wconf 90' lang='lat' dir='ltr'>dederis</span> <span class='ocrx_word' id='word_1_141' title='bbox 424 2228 480 2304; x_wconf 92' lang='lat' dir='ltr'>illi,</span> <span class='ocrx_word' id='word_1_142' title='bbox 500 2230 610 2290; x_wconf 89' lang='lat' dir='ltr'>reddat</span> <span class='ocrx_word' id='word_1_143' title='bbox 625 2238 657 2291; x_wconf 92' lang='lat' dir='ltr'>ut</span> <span class='ocrx_word' id='word_1_144' title='bbox 675 2231 725 2291; x_wconf 91' lang='lat' dir='ltr'>illa</span> <span class='ocrx_word' id='word_1_145' title='bbox 741 2231 805 2291; x_wconf 90' lang='lat' dir='ltr'>tibi.</span> 
     </span>
     <span class='ocr_line' id='line_1_23' title="bbox 126 2313 956 2386; baseline -0.002 -9"><span class='ocrx_word' id='word_1_146' title='bbox 126 2315 281 2377; x_wconf 84' lang='lat' dir='ltr'>Conscius</span> <span class='ocrx_word' id='word_1_147' title='bbox 298 2329 372 2380; x_wconf 86' lang='lat' dir='ltr'>esse</span> <span class='ocrx_word' id='word_1_148' title='bbox 385 2313 479 2386; x_wconf 88' lang='lat' dir='ltr'>velis,</span> <span class='ocrx_word' id='word_1_149' title='bbox 503 2314 627 2374; x_wconf 88' lang='lat' dir='ltr'>domina</span> <span class='ocrx_word' id='word_1_150' title='bbox 642 2322 689 2375; x_wconf 85' lang='lat' dir='ltr'>est</span> <span class='ocrx_word' id='word_1_151' title='bbox 705 2315 840 2374; x_wconf 89' lang='lat' dir='ltr'>obnoxia</span> <span class='ocrx_word' id='word_1_152' title='bbox 855 2331 956 2375; x_wconf 89' lang='lat' dir='ltr'>servo.</span> 
     </span>
     <span class='ocr_line' id='line_1_24' title="bbox 170 2398 851 2460; baseline -0.001 -2"><span class='ocrx_word' id='word_1_153' title='bbox 170 2399 323 2459; x_wconf 83' lang='lat' dir='ltr'>Conscius</span> <span class='ocrx_word' id='word_1_154' title='bbox 339 2398 537 2457; x_wconf 79' lang='grc'><strong>0000100001</strong></span> <span class='ocrx_word' id='word_1_155' title='bbox 559 2398 755 2459; x_wconf 88' lang='lat' dir='ltr'>dissimulare</span> <span class='ocrx_word' id='word_1_156' title='bbox 772 2399 851 2460; x_wconf 86' lang='lat' dir='ltr'>licet.</span> 
     </span>
     <span class='ocr_line' id='line_1_25' title="bbox 126 2482 923 2558; baseline -0.003 -15"><span class='ocrx_word' id='word_1_157' title='bbox 126 2482 251 2558; x_wconf 86' lang='lat' dir='ltr'>Scripta</span> <span class='ocrx_word' id='word_1_158' title='bbox 267 2484 349 2557; x_wconf 82' lang='lat' dir='ltr'>leget</span> <span class='ocrx_word' id='word_1_159' title='bbox 367 2495 505 2542; x_wconf 87' lang='lat' dir='ltr'>secum...</span> <span class='ocrx_word' id='word_1_160' title='bbox 524 2488 651 2542; x_wconf 85' lang='lat' dir='ltr'>matrem</span> <span class='ocrx_word' id='word_1_161' title='bbox 668 2483 791 2543; x_wconf 90' lang='lat' dir='ltr'>misisse</span> <span class='ocrx_word' id='word_1_162' title='bbox 808 2490 923 2557; x_wconf 88' lang='lat' dir='ltr'>putato.</span> 
     </span>
     <span class='ocr_line' id='line_1_26' title="bbox 80 2565 841 2642; baseline -0.008 -11"><span class='ocrx_word' id='word_1_163' title='bbox 80 2577 119 2631; x_wconf 78' lang='grc'>10</span> <span class='ocrx_word' id='word_1_164' title='bbox 171 2567 302 2627; x_wconf 89' lang='lat' dir='ltr'>Venerit</span> <span class='ocrx_word' id='word_1_165' title='bbox 317 2565 471 2640; x_wconf 82' lang='lat' dir='ltr'>ignotus...</span> <span class='ocrx_word' id='word_1_166' title='bbox 490 2567 657 2642; x_wconf 90' lang='lat' dir='ltr'>postmodo</span> <span class='ocrx_word' id='word_1_167' title='bbox 677 2574 767 2628; x_wconf 90' lang='lat' dir='ltr'>notus</span> <span class='ocrx_word' id='word_1_168' title='bbox 783 2573 841 2626; x_wconf 87' lang='lat' dir='ltr'>eat.</span> 
     </span>
     <span class='ocr_line' id='line_1_27' title="bbox 125 2651 976 2726; baseline -0.002 -14"><span class='ocrx_word' id='word_1_169' title='bbox 125 2651 185 2712; x_wconf 85' lang='lat' dir='ltr'>ibit</span> <span class='ocrx_word' id='word_1_170' title='bbox 203 2651 243 2711; x_wconf 85' lang='lat' dir='ltr'>ad</span> <span class='ocrx_word' id='word_1_171' title='bbox 259 2651 427 2724; x_wconf 87' lang='lat' dir='ltr'>adiectam,</span> <span class='ocrx_word' id='word_1_172' title='bbox 450 2665 530 2725; x_wconf 88' lang='lat' dir='ltr'>quae</span> <span class='ocrx_word' id='word_1_173' title='bbox 546 2666 607 2710; x_wconf 92' lang='lat' dir='ltr'>non</span> <span class='ocrx_word' id='word_1_174' title='bbox 624 2652 793 2726; x_wconf 80' lang='lat' dir='ltr'>languebit,</span> <span class='ocrx_word' id='word_1_175' title='bbox 815 2651 976 2710; x_wconf 89' lang='lat' dir='ltr'>amicam...</span> 
     </span>
     <span class='ocr_line' id='line_1_28' title="bbox 169 2732 742 2810; baseline 0 -17"><span class='ocrx_word' id='word_1_176' title='bbox 169 2734 276 2795; x_wconf 77' lang='lat' dir='ltr'>Vrsatt</span> <span class='ocrx_word' id='word_1_177' title='bbox 298 2732 421 2795; x_wconf 89' lang='lat' dir='ltr'>iudiciis</span> <span class='ocrx_word' id='word_1_178' title='bbox 437 2750 530 2810; x_wconf 79' lang='lat' dir='ltr'>aegra</span> <span class='ocrx_word' id='word_1_179' title='bbox 547 2736 587 2794; x_wconf 89' lang='lat' dir='ltr'>sit</span> <span class='ocrx_word' id='word_1_180' title='bbox 602 2736 654 2794; x_wconf 87' lang='lat' dir='ltr'>illa</span> <span class='ocrx_word' id='word_1_181' title='bbox 671 2735 742 2796; x_wconf 88' lang='lat' dir='ltr'>tuis.</span> 
     </span>
     <span class='ocr_line' id='line_1_29' title="bbox 126 2817 838 2894; baseline -0.004 -13"><span class='ocrx_word' id='word_1_182' title='bbox 126 2819 161 2881; x_wconf 90' lang='lat' dir='ltr'>Si</span> <span class='ocrx_word' id='word_1_183' title='bbox 180 2817 273 2879; x_wconf 80' lang='lat' dir='ltr'>saciet</span> <span class='ocrx_word' id='word_1_184' title='bbox 285 2818 394 2880; x_wconf 87' lang='lat' dir='ltr'>tarde..</span> <span class='ocrx_word' id='word_1_185' title='bbox 411 2835 449 2878; x_wconf 88' lang='lat' dir='ltr'>ne</span> <span class='ocrx_word' id='word_1_186' title='bbox 463 2826 493 2879; x_wconf 88' lang='lat' dir='ltr'>te</span> <span class='ocrx_word' id='word_1_187' title='bbox 508 2835 595 2880; x_wconf 90' lang='lat' dir='ltr'>mora</span> <span class='ocrx_word' id='word_1_188' title='bbox 609 2821 701 2894; x_wconf 83' lang='lat' dir='ltr'>longa</span> <span class='ocrx_word' id='word_1_189' title='bbox 719 2820 838 2894; x_wconf 80' lang='lat' dir='ltr'>fatiget,</span> 
     </span>
     <span class='ocr_line' id='line_1_30' title="bbox 169 2903 820 2979; baseline 0 -17"><span class='ocrx_word' id='word_1_190' title='bbox 169 2903 311 2979; x_wconf 80' lang='lat' dir='ltr'>Inposita</span> <span class='ocrx_word' id='word_1_191' title='bbox 325 2903 443 2978; x_wconf 79' lang='lat' dir='ltr'>gremio</span> <span class='ocrx_word' id='word_1_192' title='bbox 462 2909 589 2964; x_wconf 87' lang='lat' dir='ltr'>stertere</span> <span class='ocrx_word' id='word_1_193' title='bbox 605 2906 704 2965; x_wconf 88' lang='lat' dir='ltr'>lronte</span> <span class='ocrx_word' id='word_1_194' title='bbox 722 2910 820 2979; x_wconf 89' lang='lat' dir='ltr'>potes.</span> 
     </span>
     <span class='ocr_line' id='line_1_31' title="bbox 80 2986 888 3064; baseline -0.004 -14"><span class='ocrx_word' id='word_1_195' title='bbox 80 2998 118 3050; x_wconf 70' lang='lat'>²5</span> <span class='ocrx_word' id='word_1_196' title='bbox 128 2987 197 3049; x_wconf 82' lang='lat' dir='ltr'>Nec</span> <span class='ocrx_word' id='word_1_197' title='bbox 211 3000 261 3059; x_wconf 85' lang='lat' dir='ltr'>tu,</span> <span class='ocrx_word' id='word_1_198' title='bbox 281 2986 438 3061; x_wconf 82' lang='lat' dir='ltr'>linigeram</span> <span class='ocrx_word' id='word_1_199' title='bbox 454 2988 520 3047; x_wconf 80' lang='lat' dir='ltr'>fleri</span> <span class='ocrx_word' id='word_1_200' title='bbox 540 2988 612 3063; x_wconf 91' lang='lat' dir='ltr'>quid</span> <span class='ocrx_word' id='word_1_201' title='bbox 632 2989 732 3064; x_wconf 89' lang='lat' dir='ltr'>possit</span> <span class='ocrx_word' id='word_1_202' title='bbox 747 2990 787 3048; x_wconf 87' lang='lat' dir='ltr'>ad</span> <span class='ocrx_word' id='word_1_203' title='bbox 802 2989 888 3061; x_wconf 90' lang='lat' dir='ltr'>Isim,</span> 
     </span>
     <span class='ocr_line' id='line_1_32' title="bbox 171 3070 840 3145; baseline -0.001 -14"><span class='ocrx_word' id='word_1_204' title='bbox 171 3070 361 3145; x_wconf 80' lang='lat' dir='ltr'>Quaesieris.</span> <span class='ocrx_word' id='word_1_205' title='bbox 391 3079 498 3133; x_wconf 90' lang='grc'><strong>00010</strong></span> <span class='ocrx_word' id='word_1_206' title='bbox 516 3088 610 3132; x_wconf 87' lang='lat' dir='ltr'>curva</span> <span class='ocrx_word' id='word_1_207' title='bbox 629 3072 744 3132; x_wconf 88' lang='lat' dir='ltr'>theatra</span> <span class='ocrx_word' id='word_1_208' title='bbox 758 3072 840 3131; x_wconf 91' lang='lat' dir='ltr'>time.</span> 
     </span>
     <span class='ocr_line' id='line_1_33' title="bbox 125 3154 876 3217; baseline -0.003 -1"><span class='ocrx_word' id='word_1_209' title='bbox 125 3155 282 3216; x_wconf 84' lang='lat' dir='ltr'>Conscius</span> <span class='ocrx_word' id='word_1_210' title='bbox 297 3154 443 3216; x_wconf 85' lang='grc' dir='ltr'><strong>000100οο</strong></span> <span class='ocrx_word' id='word_1_211' title='bbox 460 3156 616 3217; x_wconf 87' lang='lat' dir='ltr'>commissi</span> <span class='ocrx_word' id='word_1_212' title='bbox 632 3159 717 3217; x_wconf 85' lang='lat' dir='ltr'>tollet</span> <span class='ocrx_word' id='word_1_213' title='bbox 731 3157 876 3216; x_wconf 77' lang='lat' dir='ltr'>honores</span> 
     </span>
     <span class='ocr_line' id='line_1_34' title="bbox 170 3238 966 3316; baseline -0.003 -16"><span class='ocrx_word' id='word_1_214' title='bbox 170 3238 248 3314; x_wconf 81' lang='lat' dir='ltr'>Quis</span> <span class='ocrx_word' id='word_1_215' title='bbox 262 3238 362 3299; x_wconf 90' lang='lat' dir='ltr'>minor</span> <span class='ocrx_word' id='word_1_216' title='bbox 376 3245 425 3300; x_wconf 88' lang='lat' dir='ltr'>est</span> <span class='ocrx_word' id='word_1_217' title='bbox 439 3248 554 3316; x_wconf 86' lang='lat' dir='ltr'>autem,</span> <span class='ocrx_word' id='word_1_218' title='bbox 579 3259 671 3316; x_wconf 82' lang='lat' dir='ltr'>quani</span> <span class='ocrx_word' id='word_1_219' title='bbox 688 3241 836 3315; x_wconf 88' lang='lat' dir='ltr'>tacuisse,</span> <span class='ocrx_word' id='word_1_220' title='bbox 858 3239 966 3299; x_wconf 74' lang='lat' dir='ltr'>labori</span> 
     </span>
     <span class='ocr_line' id='line_1_35' title="bbox 123 3323 1030 3400; baseline 0.003 -20"><span class='ocrx_word' id='word_1_221' title='bbox 123 3324 183 3381; x_wconf 86' lang='grc'><strong>1110</strong></span> <span class='ocrx_word' id='word_1_222' title='bbox 198 3325 314 3397; x_wconf 86' lang='lat' dir='ltr'>placet,</span> <span class='ocrx_word' id='word_1_223' title='bbox 338 3331 503 3399; x_wconf 87' lang='lat' dir='ltr'>versatque</span> <span class='ocrx_word' id='word_1_224' title='bbox 518 3325 657 3399; x_wconf 88' lang='lat' dir='ltr'>domum,</span> <span class='ocrx_word' id='word_1_225' title='bbox 682 3341 782 3400; x_wconf 81' lang='lat' dir='ltr'>neque</span> <span class='ocrx_word' id='word_1_226' title='bbox 797 3323 926 3384; x_wconf 89' lang='lat' dir='ltr'>verbera</span> <span class='ocrx_word' id='word_1_227' title='bbox 941 3325 1030 3383; x_wconf 86' lang='lat' dir='ltr'>sentit</span> 
     </span>
     <span class='ocr_line' id='line_1_36' title="bbox 81 3404 813 3482; baseline -0.008 -10"><span class='ocrx_word' id='word_1_228' title='bbox 81 3412 118 3472; x_wconf 78' lang='grc'>10</span> <span class='ocrx_word' id='word_1_229' title='bbox 172 3404 229 3467; x_wconf 82' lang='lat' dir='ltr'>ille</span> <span class='ocrx_word' id='word_1_230' title='bbox 244 3414 365 3482; x_wconf 85' lang='lat' dir='ltr'>potens.</span> <span class='ocrx_word' id='word_1_231' title='bbox 395 3408 445 3468; x_wconf 86' lang='lat' dir='ltr'>alii</span> <span class='ocrx_word' id='word_1_232' title='bbox 461 3410 588 3469; x_wconf 86' lang='lat' dir='ltr'>sordida</span> <span class='ocrx_word' id='word_1_233' title='bbox 602 3409 690 3469; x_wconf 89' lang='lat' dir='ltr'>turba</span> <span class='ocrx_word' id='word_1_234' title='bbox 705 3411 813 3470; x_wconf 86' lang='lat' dir='ltr'>iacent.</span> 
     </span>
     <span class='ocr_line' id='line_1_37' title="bbox 123 3491 968 3570; baseline -0.008 -17"><span class='ocrx_word' id='word_1_235' title='bbox 123 3491 223 3566; x_wconf 81' lang='lat' dir='ltr'>Huic,</span> <span class='ocrx_word' id='word_1_236' title='bbox 248 3507 339 3552; x_wconf 86' lang='lat' dir='ltr'>verae</span> <span class='ocrx_word' id='word_1_237' title='bbox 356 3498 388 3553; x_wconf 93' lang='lat' dir='ltr'>ut</span> <span class='ocrx_word' id='word_1_238' title='bbox 406 3493 517 3553; x_wconf 90' lang='lat' dir='ltr'>lateant</span> <span class='ocrx_word' id='word_1_239' title='bbox 533 3510 662 3569; x_wconf 88' lang='lat' dir='ltr'>causac,</span> <span class='ocrx_word' id='word_1_240' title='bbox 686 3496 838 3570; x_wconf 83' lang='lat' dir='ltr'>finguntur</span> <span class='ocrx_word' id='word_1_241' title='bbox 853 3493 968 3553; x_wconf 75' lang='lat' dir='ltr'>inanes:</span> 
     </span>
     <span class='ocr_line' id='line_1_38' title="bbox 169 3576 988 3655; baseline -0.005 -17"><span class='ocrx_word' id='word_1_242' title='bbox 169 3577 278 3651; x_wconf 78' lang='lat' dir='ltr'>Atque</span> <span class='ocrx_word' id='word_1_243' title='bbox 291 3576 380 3637; x_wconf 89' lang='lat' dir='ltr'>ambo</span> <span class='ocrx_word' id='word_1_244' title='bbox 397 3577 511 3639; x_wconf 88' lang='lat' dir='ltr'>domini</span> <span class='ocrx_word' id='word_1_245' title='bbox 527 3578 610 3655; x_wconf 88' lang='lat' dir='ltr'>quod</span> <span class='ocrx_word' id='word_1_246' title='bbox 627 3578 738 3655; x_wconf 87' lang='lat' dir='ltr'>probat</span> <span class='ocrx_word' id='word_1_247' title='bbox 751 3596 826 3650; x_wconf 90' lang='lat' dir='ltr'>una,</span> <span class='ocrx_word' id='word_1_248' title='bbox 848 3578 988 3653; x_wconf 86' lang='lat' dir='ltr'>probant.</span> 
     </span>
    </p>
   </div>
   <div class='ocr_carea' id='block_1_4' title="bbox 0 0 1238 4042">
    <p class='ocr_par' dir='ltr' id='par_1_4' title="bbox 0 0 1238 4042">
     <span class='ocr_line' id='line_1_39' title="bbox 0 0 1238 4042; baseline 0 0"><span class='ocrx_word' id='word_1_249' title='bbox 0 0 1238 4042; x_wconf 95' lang='lat' dir='ltr'> </span> 
     </span>
    </p>
   </div>
  </div>
 </body>
</html>
