2467 4042
434 219 469 270 11.
489 220 639 272 oco-634.
975 216 1039 281 251

119 382 166 443 Ex
188 384 259 444 vitio
281 384 432 463 positum.
474 399 562 461 saepe
585 381 629 442 illi
651 381 767 443 dixerat
788 382 873 443 Almo

166 465 277 552 ‘Nata,
301 478 369 531 tene
393 464 560 549 linguam,'
585 488 641 530 neo
664 478 762 538 tamen
785 470 834 531 illa
857 477 956 531 tenet.

122 559 203 632 Quae
228 558 316 620 simul
338 577 372 619 ac
396 561 492 637 tetigit
514 557 655 620 Iuturnae
679 567 780 637 stagna
804 560 934 640 sororis,

166 641 301 726 ‘Effuge’
326 649 367 708 ait
390 641 485 726 ‘ripas
499 641 522 707 l'
548 646 626 707 dicta
649 648 801 726 refertque
825 646 918 706 lovis.

48 735 176 798 60511Ιο
198 739 286 797 etiam
310 734 454 795 lunonem
476 734 548 796 adiit
559 781 569 816 ,
592 736 791 815 miserataque
815 744 940 815 nuptas,

167 818 274 885 ‘Naida
297 822 451 884 luturnam
474 826 518 883 vir
541 818 629 884 tuns'
653 825 751 902 inquit
774 816 902 884 ‘amat'

121 911 255 992 luppiter
278 914 440 992 intumuit,
464 930 581 991 quaque
605 922 734 973 estnon
757 930 810 972 usa
834 911 985 992 modeste,

168 1001 286 1081 Eripuit
308 1001 437 1080 linguam
449 1046 459 1080 ,
483 1000 724 1080 Mercuriumque
747 1010 850 1061 vocat:

123 1084 203 1153 ‘Duc
225 1090 301 1151 hanc
325 1089 360 1150 ad
384 1106 508 1169 manes,
531 1088 615 1149 locus
639 1088 688 1149 illc
712 1088 868 1149 silentibus
892 1097 999 1168 aptus,

50 1191 122 1244 610,
166 1178 322 1259 Nympha,
345 1177 399 1239 sed
422 1178 555 1237 infernae
580 1176 707 1257 nympha
730 1176 846 1257 paludis
870 1171 962 1239 erit)

121 1267 205 1329 lussa
228 1265 304 1326 lovis
327 1267 423 1326 dunt.
465 1268 580 1345 accepit
602 1266 688 1326 lucus
712 1277 835 1328 euntes,

168 1353 282 1415 Dicitur
305 1352 353 1413 illa
377 1353 446 1414 duci
469 1361 541 1414 tunc
564 1351 712 1432 placuisse
736 1354 809 1416 deo.

124 1442 188 1503 Vim
213 1449 296 1521 parat
318 1440 384 1522 hie,
409 1440 489 1501 voltu
513 1459 566 1520 pro
591 1441 690 1502 verbis
713 1441 760 1501 illa
783 1449 947 1523 precatur,

167 1529 206 1590 Et
229 1530 340 1590 lrustra
363 1537 445 1589 muto
469 1529 575 1588 nititur
598 1547 650 1589 ore
673 1528 774 1607 loqui.

55 1630 108 1682 616
123 1618 230 1697 Fitque
253 1619 374 1700 gravis,
396 1618 590 1696 geminosque
612 1619 713 1698 parit,
736 1619 788 1696 qui
811 1620 938 1698 compita

673 1713 794 1767 servant

168 1793 207 1856 Et
230 1794 349 1874 vigilant
373 1802 474 1855 nostra
497 1812 615 1874 semper
637 1796 669 1856 in
693 1794 767 1855 urbe
780 1842 789 1876 ,
812 1793 920 1856 Lares.

472 1932 524 1998 22.
546 1930 607 1997 EO

125 2061 262 2122 Proxima
286 2061 404 2139 cognati
426 2059 528 2120 dixere
553 2058 678 2121 Caristia
701 2061 779 2141 cari,

169 2148 208 2210 Et
229 2150 310 2210 renit
332 2148 367 2209 ad
392 2148 489 2209 socios
512 2147 600 2209 turba
623 2139 790 2228 propinqua
813 2147 902 2210 deos.

126 2236 247 2299 Scilicet
269 2256 286 2297 a
308 2236 430 2298 tumulis
455 2243 486 2297 et
509 2239 559 2315 qui
583 2238 723 2318 periere,
746 2238 922 2317 propinquis

60 2338 111 2388 620
169 2325 310 2387 Protinus
334 2323 369 2385 ad
393 2326 474 2385 vivos
498 2343 557 2386 ora¹
573 2324 687 2385 relerrc
710 2326 811 2405 iuvat,

126 2413 256 2493 Postque
281 2422 325 2474 tot
347 2415 472 2474 amissos
495 2411 639 2493 quidquid
663 2413 700 2474 de
723 2416 866 2492 sangnine
891 2421 1000 2488 restat,

169 2502 334 2582 dspicere,
358 2504 528 2581 et-generls
551 2501 741 2562 dinumerare
763 2502 890 2581 gradus.

126 2589 251 2651 lnnocni
273 2592 413 2651 veniant.
454 2590 560 2670 procul
581 2589 675 2669 hinc,
697 2590 802 2670 procul
825 2592 934 2670 impius
957 2597 1020 2652 esto

171 2677 297 2761 Frater,
321 2687 351 2741 et
373 2681 405 2739 in
426 2688 530 2759 partus
553 2688 648 2740 mater
671 2679 777 2741 acerba
800 2697 891 2761 onos3

63 2779 112 2831 625
127 2766 182 2829 Cui
203 2775 289 2848 pater
313 2778 359 2829 est
382 2769 465 2828 vivax
477 2816 487 2849 ,
510 2770 563 2850 qui
585 2770 690 2829 matris
712 2768 821 2849 digerit
844 2785 958 2850 annos,

171 2855 253 2929 Quae
277 2859 387 2937 premit
409 2860 532 2919 invisam
556 2875 661 2920 socrus
684 2859 786 2938 iniqua
809 2876 935 2919 nurum.
1008 2855 1014 2870 ‘

126 2944 294 3008 Tantalidae
318 2947 425 3009 lratres
448 2944 546 3007 absint
558 2995 568 3027 ,
590 2955 622 3007 et
644 2946 757 3007 Iasonis
781 2964 874 3026 uxor,

169 3032 208 3094 Et
230 3053 305 3113 quae
329 3035 467 3096 ruricolis
490 3037 603 3117 semina
626 3041 704 3097 tosta
728 3034 826 3115 dedit,

126 3120 164 3182 Et
187 3139 273 3182 soror
297 3129 327 3181 et
348 3121 488 3202 Progne,
510 3121 685 3201 Tereusque
709 3121 823 3182 duabus
846 3122 985 3202 iniquus,

64 3219 114 3272 630
171 3208 209 3271 m
232 3210 413 3288 quicumque
437 3227 505 3270 suas
529 3228 583 3288 per
607 3209 705 3270 seclus
728 3218 818 3288 nuget
839 3226 929 3288 opes.

127 3298 177 3360 Dis
199 3299 319 3378 generis
343 3298 410 3359 date
433 3306 501 3358 tura
524 3296 616 3359 boni.
658 3296 823 3359 Concordia
845 3296 942 3358 lertur

170 3386 221 3448 llla
244 3388 405 3466 praecipue
429 3388 508 3446 mitis
532 3385 636 3447 adesse
659 3385 723 3449 die.

126 3474 164 3538 Et
186 3474 275 3537 libate
298 3474 412 3557 dapes,
435 3482 491 3557 ut,
513 3476 590 3555 grati
611 3477 720 3555 pignus
743 3475 883 3555 honoris,

169 3564 289 3627 Nutriat
310 3566 457 3627 incinctos
481 3566 571 3625 missa
593 3563 699 3644 patella
721 3563 830 3630 Lares.
