2467 4042
159 257 224 326 lot
535 255 807 318 EPISTULAII.

285 409 415 487 ⁸Somnia
430 426 492 487 quo
507 409 590 470 cerni
607 418 746 484 tempore
763 425 837 470 uera
852 411 961 485 solent,

247 494 383 558 Stamina
398 495 437 555 de
451 493 554 570 digitis
569 492 710 553 cecidere
727 510 842 569 sopore
856 494 1005 569 remissis,

192 602 201 617 ·
289 579 435 655 Collaque
451 576 576 655 pulvino
591 583 697 638 nostru
712 577 840 639 ierenda
856 578 938 639 dedi

246 664 301 724 Hic
320 679 379 740 ego
396 670 541 725 ventosas
556 668 677 723 nantem
693 662 838 736 delphina
851 678 908 738 per
923 664 1025 724 undas

181 758 233 812 200
287 748 418 810 Cemare
432 762 494 808 non
507 745 602 807 dubia
616 762 685 806 sum
700 744 774 806 milri
788 748 858 808 visa
873 747 948 808 lide=

246 832 340 908 Quem
354 839 525 908 postquam·
531 828 645 891 bibulis
660 829 754 892 inlisit
767 829 877 892 fluctus
892 831 1027 903 harenis

286 917 377 978 Unda
390 916 480 978 simul
497 913 642 975 mIserum
659 914 783 990 vitaque
798 916 943 977 deseruit.
984 956 987 961 -

246 1000 401 1076 Quidquid
416 999 526 1073 idest,
547 998 649 1059 timeo.
672 1013 730 1059 nec
744 1005 777 1060 tu
791 1015 860 1059 mea
875 1000 995 1061 somnia
1010 1001 1090 1073 ride,

285 1084 348 1144 Nec
362 1084 421 1145 uisi
438 1082 601 1158 tranquillo
617 1081 763 1143 brachua
777 1084 870 1143 crede
885 1086 987 1144 mari.-

181 1177 232 1232 loo
245 1167 277 1229 Si
297 1167 348 1230 u‘bi
366 1183 429 1229 nou
447 1165 564 1244 parcis,
586 1166 718 1228 dilectae
735 1182 829 1243 parce
847 1168 976 1243 puellae,
1080 1216 1082 1221 ,

287 1251 372 1327 Quae
386 1267 553 1326 numquam
567 1249 627 1310 nisi
645 1257 675 1313 ta
690 1251 809 1326 sospite
824 1267 937 1328 sospes
952 1268 1017 1312 ero.

245 1335 326 1412 Spes
342 1343 443 1398 tamen
458 1342 506 1398 est
521 1335 625 1396 iractis
640 1335 759 1396 vicinae
775 1336 861 1412 pacis
875 1337 906 1395 iu
921 1337 1032 1397 undis=

285 1420 361 1481 Tum
375 1420 515 1497 placidas
531 1425 594 1480 toto
609 1426 735 1495 pectore
750 1421 833 1481 finde
849 1421 926 1481 vias.

243 1501 378 1578 Interea,
400 1504 483 1565 nanti
500 1502 646 1580 quoniam
661 1504 738 1565 lreia
753 1506 860 1578 pervia
874 1519 935 1565 non
949 1513 1045 1571 sunu

179 1596 231 1650 alo
283 1587 390 1649 Leniat
403 1588 520 1649 invisas
535 1587 633 1648 littera
649 1587 746 1648 missa
759 1604 872 1650 moras.
920 1625 923 1633 ‹

567 1724 768 1740 ...-.-.,...„..

610 1802 728 1869 XVIIII.

241 1887 332 1987 Pone
347 1929 474 1986 metum!
497 1923 570 1985 nihil
588 1924 638 1985 hic
654 1924 761 1985 itanum
775 1922 890 1984 iurabis
905 1921 1035 1987 amantis

286 2007 472 2071 PromIssam
487 2009 563 2070 satIs
578 2015 627 2069 est
642 2016 673 2069 te
685 2008 782 2069 semel
798 2023 871 2069 esse
884 2007 966 2068 mihi.

240 2092 381 2170 Perlege!
404 2092 545 2155 discedat
559 2094 605 2154 sio
619 2107 751 2168 corpora
765 2094 896 2168 languor
908 2091 947 2151 ab
963 2091 1033 2164 isto,

189 2222 194 2232 .
283 2176 342 2252 Qui
357 2192 444 2238 meus
459 2182 507 2237 ost
522 2178 583 2238 ulla
601 2185 686 2253 parte
704 2177 828 2237 dolente
844 2176 943 2238 dolor.

215 2260 321 2336 aQuid
337 2261 438 2338 pudor
453 2277 508 2321 ora
523 2260 647 2324 subito..
669 2277 754 2334 nam,
776 2261 856 2321 sicut
869 2261 899 2321 in
913 2259 993 2321 aede
1007 2258 1138 2332 Danae,

284 2344 436 2421 Suspicor
447 2345 598 2421 ingenuas
613 2344 775 2407 erubuisse
790 2360 897 2420 genas.

243 2429 420 2505 coniugium
435 2437 618 2506 pactumque
633 2430 740 2503 fidem,
763 2445 824 2491 non
840 2427 967 2490 crimina
981 2444 1091 2504 poseo.

284 2513 411 2575 Debitus
425 2521 458 2575 ut
472 2514 600 2589 coniux,
622 2531 683 2576 nou
699 2521 731 2575 ut
745 2514 865 2575 adulter
879 2529 960 2574 amo.

241 2594 346 2658 Verba
359 2598 430 2658 licet
441 2605 581 2674 repetas,
604 2614 685 2674 quae
700 2600 842 2673 demptus
857 2599 897 2658 ab
909 2596 1021 2660 arbore
1038 2598 1120 2658 retus

202 2693 235 2744 to
287 2680 410 2744 Pertulit
424 2681 465 2743 ad
479 2689 582 2743 castas
597 2698 647 2743 me
660 2682 789 2744 inciente
803 2698 923 2744 manus.

243 2765 384 2827 InuenIes
398 2766 460 2827 illic
473 2765 505 2826 id
519 2773 550 2828 ta
565 2768 736 2843 spondere,
757 2767 842 2842 quod
857 2772 929 2841 opto

283 2851 326 2911 Te
340 2849 458 2926 potitus,
482 2851 585 2926 elego,
604 2868 696 2927 quam
713 2850 890 2911 memInisse
903 2851 1003 2910 ιιειιιιι.

242 2933 328 2995 Nunc
342 2950 468 3011 quoque
485 2935 566 2996 idem
580 2936 683 2997 timeo.
705 2935 762 2996 sed
778 2935 860 2997 idem
875 2941 973 2995 tumen
991 2933 1094 2993 acrius
1108 2934 1184 2994 illud

199 3086 204 3091 ,
283 3017 466 3095 Adsumpsit
479 3019 578 3091 vires,
596 3026 753 3094 auremque
767 3017 890 3080 flamma
904 3024 1060 3079 moraest

205 3112 234 3165 lo
245 3101 365 3177 Quique
380 3103 436 3164 luit
448 3119 612 3179 numquam
633 3120 762 3179 parvus,
784 3119 864 3164 nuno
879 3111 1016 3178 tempore
1033 3102 1129 3178 lango

282 3186 319 3248 Et
334 3203 406 3263 spe,
429 3203 521 3263 quam
535 3188 668 3249 dederas
684 3187 817 3262 tumidi,
838 3187 933 3249 crevit
944 3201 1041 3249 amor.

242 3268 336 3346 Spem
353 3271 425 3331 mihi
443 3278 476 3333 ιιι
489 3272 632 3333 dederas.
655 3288 742 3333 meus
757 3272 806 3332 hic
824 3272 877 3333 tibi
890 3270 1142 3332 crediditardor=

283 3354 350 3418 Nan
366 3361 531 3431 potestne
547 3356 659 3417 lactum
675 3363 753 3418 teste
768 3371 881 3432 negare
894 3357 962 3415 dea.

244 3438 362 3513 Adicit,
383 3446 412 3500 et
428 3454 592 3515 praesens,
615 3447 648 3501 ut
661 3448 739 3511 erat,
763 3447 815 3501 lua
831 3440 925 3501 verba
940 3440 1064 3515 notavit,

197 3531 233 3582 ao
285 3521 323 3582 Et
337 3522 404 3584 visa
427 3530 466 3583 at
480 3530 563 3585 mota
574 3523 658 3585 dicta
672 3524 780 3585 tulisse
795 3541 893 3587 coma.
