2467 4042
400 257 422 309 L
441 268 501 309 vm
515 260 657 309 tto-vnn
672 259 714 310 13.

96 431 131 481 to
145 418 302 497 Temporis
325 425 356 479 et
378 417 457 497 longi
479 419 600 478 iunctus
624 435 724 479 amore
747 415 828 480 tibi?

145 506 245 588 Quid,
269 507 327 566 nisi
350 513 394 567 tot
416 504 500 566 lusus
524 514 554 567 et
576 512 621 566 tot
644 524 709 566 mea
733 509 810 567 seria
834 524 958 588 nosses,

145 594 203 656 Tot
225 611 345 655 nossem
368 594 452 655 lusus
475 596 612 671 seriaque
635 595 699 673 ipse
723 591 799 655 tua?

145 681 246 764 Quia,
269 684 296 742 si
318 681 470 743 dumtaxat
493 681 603 741 Romae
627 681 682 742 tibi
705 685 841 761 cognitus
865 700 980 762 essem,

144 771 263 831 ascitus
285 773 395 831 totiens
418 772 449 829 in
473 787 569 848 genus
592 787 679 830 omne
703 767 790 830 loci?

95 869 131 920 to
145 858 296 919 Cunctana
320 860 351 918 in
375 874 540 936 aequoreos
563 857 701 918 abierunt
724 859 808 918 irrita
832 855 963 920 ventos?

146 946 296 1007 Cunctane
319 945 457 1007 Lethaeis
480 961 577 1005 mersa
600 945 740 1006 feruntur
763 943 872 1024 aquis?

144 1033 210 1095 Non
234 1052 288 1113 ego
312 1041 342 1094 te
362 1033 494 1112 genitum
518 1031 632 1110 placida
659 1050 729 1092 reor
751 1033 826 1093 urbe
850 1033 1011 1119 Quirini„

145 1122 225 1183 Urbe
248 1140 336 1202 mea,
360 1139 435 1200 quae
459 1126 517 1181 iam
540 1137 601 1180 non
624 1119 758 1181 adeunda
782 1121 872 1203 mihi,

146 1210 204 1270 Sed
228 1209 381 1289 scopulis,
404 1211 488 1288 ponti
512 1224 587 1287 quos
608 1207 681 1269 haec
704 1207 793 1269 habet
816 1226 868 1269 ora
891 1211 1035 1292 sinistri„

94 1309 131 1359 40
145 1297 238 1376 Inque
262 1299 334 1357 ieris
358 1296 496 1375 Scythiae
520 1295 750 1374 Sarmaticisque
773 1299 869 1378 iugis,

145 1385 184 1445 Et
208 1393 257 1446 tua
281 1392 351 1446 sunt
374 1385 466 1445 silicis
489 1386 602 1444 circum
627 1383 800 1463 praecordia
824 1402 934 1467 vanae,

144 1472 183 1534 Et
205 1472 334 1551 rigidum
357 1472 431 1532 ierri
453 1474 565 1533 semina
588 1481 694 1550 pectus
716 1471 822 1553 babet,

145 1561 288 1639 Quaeque
311 1558 366 1620 tibi
388 1567 493 1621 tenero
517 1559 665 1638 quondam
689 1559 823 1621 ducenda
846 1561 942 1639 palato

145 1648 237 1709 Plena
260 1647 342 1708 dedit
365 1649 465 1708 nutrix
489 1646 603 1729 ubera,
627 1650 712 1726 tigris
736 1658 818 1710 erat:

93 1737 295 1798 inanimale
317 1744 419 1797 nostra
438 1738 553 1817 minus,
577 1752 666 1813 quam
688 1754 787 1817 nuno,
810 1736 904 1797 aliena
927 1745 1068 1819 putares,

144 1825 336 1902 Duritiaeque
359 1824 432 1884 mibi
454 1840 514 1883 non
537 1841 659 1902 agerere
682 1842 773 1885 reus.

145 1912 203 1972 Sed
228 1915 366 1992 quoniam
390 1910 504 1972 accedit
528 1911 665 1972 fatalibus
688 1911 745 1972 hoc
769 1930 887 1991 quoque
911 1911 1044 1993 damnis,

145 2000 184 2062 Ut
207 2009 327 2062 careant
350 2001 483 2061 numeris
506 2008 641 2079 tempora
664 2003 760 2079 prima
782 2003 862 2081 suis,

143 2088 254 2171 Effice,
277 2091 392 2169 peceati
416 2105 453 2148 ne
477 2089 534 2148 sim
557 2105 672 2148 memor
694 2087 806 2168 huius,
829 2098 859 2176 ep
882 2088 931 2149 iiio

95 2189 130 2239 50
146 2176 285 2238 Officium
307 2177 448 2257 laudem,
472 2193 531 2254 quo
555 2194 688 2259 queror,
712 2191 763 2237 ore
788 2185 880 2238 tuum.

497 2367 611 2441 VIIII.

143 2529 241 2589 Detur
262 2527 408 2588 inoffenso
431 2529 507 2589 vitae
531 2528 587 2588 tibi
608 2537 730 2607 tangere
753 2532 883 2610 metam,

145 2616 203 2688 Qui
226 2616 300 2696 legis
323 2615 379 2676 boc
402 2606 488 2677 nobis
511 2634 570 2677 non
593 2619 733 2678 inimicus
756 2634 851 2696 opus.

143 2699 238 2784 Atque
262 2706 376 2766 utinam
398 2722 453 2784 pro
477 2713 507 2766 te
529 2714 653 2785 possent
675 2723 740 2766 mea
763 2713 829 2765 vota
853 2705 968 2787 valere,

143 2794 226 2865 Quae
248 2811 303 2874 pro
326 2812 374 2853 me
398 2793 489 2854 duros
512 2811 571 2854 non
596 2796 720 2872 tetigere
745 2791 833 2854 deos!

112 2882 244 2943 eboreo
266 2884 327 2943 aris
350 2899 475 2961 sospes,
499 2881 608 2943 multos
632 2881 802 2943 numerabis
826 2883 954 2943 amicos:

143 2969 291 3047 Tempora
314 2972 340 3030 si
363 2970 475 3029 inerint
498 2969 621 3048 nubila,
644 2970 725 3031 solus
750 2972 827 3031 eris.

143 3057 280 3136 Aspicis,
303 3064 338 3117 ut
360 3059 480 3116 veniant
501 3057 538 3117 ad
562 3057 684 3117 candida
707 3066 785 3117 tecta
808 3056 980 3138 columbae,

144 3145 275 3222 Accipiat
297 3143 393 3203 nullas
417 3143 535 3204 sordida
558 3146 657 3205 turris·
674 3140 768 3204 aves?

141 3232 257 3292 Horrea
279 3233 420 3291 formicae
444 3231 570 3314 tendunt
593 3231 629 3290 ad
653 3234 750 3292 inania
774 3248 953 3309 numquam:

95 3333 129 3383 10
143 3320 249 3382 Nullus
273 3320 308 3380 ad
332 3321 454 3380 amissas
478 3319 534 3380 ibit
556 3322 668 3380 amicus
691 3338 781 3400 opes.

141 3409 240 3488 thue
264 3426 363 3469 comes
387 3408 485 3469 radios
507 3426 562 3488 per
585 3408 656 3469 solis
680 3407 819 3470 euntibus
843 3407 948 3468 umbra
971 3416 1036 3490 est,

142 3498 217 3560 Cum
240 3498 311 3559 latet
333 3497 382 3557 hic
405 3515 527 3577 pressus
551 3497 704 3578 nubibus,
727 3497 776 3558 iila
800 3498 893 3577 fugit,

141 3586 249 3647 Mobile
272 3588 316 3647 sic
340 3588 476 3665 sequitur
498 3586 648 3647 Fortunae
671 3587 782 3648 lumina
805 3585 929 3664 vulgus:

105 3696 188 3739 orm.
215 3697 260 3737 111.
886 3691 902 3739 2
