2467 4042
176 188 221 255 48
596 191 768 243 'rmsnmu

220 353 502 434 10Peelcribusque
525 352 615 415 dabas
638 353 731 415 multa
754 353 880 434 tegenda
902 357 997 419 meis.

268 443 382 522 Cuique
405 460 459 522 ego
482 441 639 503 narrabam
661 445 772 503 secreti
794 445 938 523 quicquid
959 444 1127 531 habebam,

266 531 399 610 Excepto
422 530 501 611 qued
523 547 572 591 me
594 529 748 611 perdidit,
769 549 850 592 uuus
872 548 957 593 eras.

266 619 299 680 ld
323 636 441 698 quoque
464 621 491 680 si
512 622 644 700 scisses,
665 618 746 680 salvo
768 618 904 680 fruerere
927 620 1037 703 sodali,

266 706 456 786 Consilioque
479 706 575 767 forem
598 724 703 786 sospes
715 754 725 787 ,
747 708 863 788 amice,
886 716 956 771 tuo.

219 807 251 857 15
267 794 326 856 Sed
348 812 414 856 mea
436 813 483 856 me
506 797 538 855 in
560 812 687 873 poenam
709 796 850 856 nimirum
873 795 932 857 iata
954 796 1138 865 trahebant:

266 882 360 945 Omne
383 882 477 944 bonae
500 882 640 945 claudent
661 881 798 944 utilitatis
819 886 897 947 iter.

266 971 335 1032 Sive
357 971 466 1032 malum
490 974 574 1051 potui
596 979 696 1033 tamen
717 970 775 1033 hnc
797 973 891 1033 vitare
914 974 1061 1056 cavendo,

267 1060 327 1122 Seu
350 1061 426 1120 ratic
449 1059 541 1121 fatum
564 1061 684 1121 vincere
706 1059 788 1121 nulla
810 1059 905 1122 valet:

265 1148 312 1209 Tu
334 1156 454 1227 tamen,
477 1166 495 1209 o
518 1147 604 1208 nobis
627 1164 685 1209 usu
708 1149 894 1209 iunctissime
917 1148 1004 1232 lengo
1016 1194 1025 1230 ,

217 1247 252 1297 ιο
265 1235 338 1297 Pars
360 1235 502 1296 desiderii
524 1238 650 1296 maxima
671 1253 766 1315 paene
789 1238 867 1316 mei,

266 1324 314 1385 Sis
336 1341 473 1406 memor,
495 1332 526 1384 et
548 1325 650 1403 siquas
672 1323 744 1385 fecit
765 1322 821 1384 tibi
842 1326 937 1403 gratia
958 1326 1056 1404 vires,

266 1412 333 1473 liias
355 1430 410 1492 pro
434 1411 520 1472 nobis
542 1413 720 1493 experiare,
742 1430 832 1491 rogo,

265 1500 402 1561 Numinis
424 1507 458 1561 ut
481 1500 554 1560 laesi
575 1500 628 1561 fiat
648 1502 832 1561 mansuetior
854 1502 917 1583 ira,

266 1589 437 1668 Mutatoque
460 1590 558 1650 minor
581 1590 621 1648 sit
643 1605 708 1649 mea
732 1605 827 1668 poena
849 1587 932 1652 loco.

217 1687 251 1738 25
266 1676 358 1757 ldque
379 1679 443 1758 ita,
466 1679 493 1737 si
516 1675 631 1737 nullum
653 1676 752 1738 scelus
774 1678 874 1737 estin
897 1683 1018 1755 pectere
1042 1687 1175 1766 nostro,

265 1764 510 1845 Principiumque
532 1766 593 1826 mei
615 1766 749 1826 criminis
772 1782 857 1826 error
879 1763 985 1826 habet.

263 1853 326 1914 Nee
349 1852 438 1914 breve
466 1870 522 1914 nec
544 1862 644 1915 tutum
656 1871 748 1934 ,que
771 1855 832 1914 sint
854 1870 940 1933 mea,
964 1852 1089 1937 dicere,
1119 1875 1196 1921 casu

264 1941 389 2002 Lumina
412 1942 524 2003 funesti
547 1943 665 2002 conseia
687 1942 764 2002 iacta
785 1940 873 2022 mali3

264 2028 407 2110 Mensque
429 2030 625 2110 reformidat,
649 2029 742 2090 veluti
764 2047 817 2091 sua
840 2028 984 2110 vulnera,
1006 2037 1131 2110 tempus

217 2128 251 2179 ιο
265 2117 340 2179 lilud
352 2164 362 2199 ,
385 2126 416 2179 et
437 2118 589 2179 admonitu
612 2118 646 2178 nt
668 2136 762 2179 nurus
784 2120 849 2197 ipse
871 2116 990 2197 pudor,

264 2205 302 2266 Et
326 2223 530 2287 quaecumque
553 2206 627 2267 adeo
650 2214 777 2285 possunt
799 2207 905 2267 afferre
928 2204 1099 2282 pudorem,

265 2293 317 2355 llla
339 2297 400 2374 tegi
422 2312 509 2356 caeca
532 2294 651 2356 condita
673 2303 761 2356 nocte
784 2294 892 2355 decet.

265 2381 312 2443 Nil
334 2384 426 2463 igitur
449 2384 576 2444 referam
588 2430 597 2463 ‚
621 2384 679 2444 nisi
701 2399 749 2444 me
772 2399 935 2462 peccasse,
958 2380 1011 2443 sed
1033 2381 1087 2442 illu

264 2469 397 2532 Praemia
419 2479 541 2553 peccate
565 2469 645 2532 nulla
667 2473 759 2550 petita
782 2470 872 2552 mihi,

198 2558 485 2639 assultuumque
510 2576 609 2620 meum
633 2562 746 2620 crimen
768 2558 877 2620 debere
900 2558 1017 2639 vecari,

264 2645 389 2709 Nomina
412 2649 439 2709 si
460 2648 538 2709 iacto
562 2646 688 2710 reddere
711 2665 780 2708 vera
802 2646 897 2709 velis.

264 2733 346 2804 Quae
369 2737 395 2796 si
418 2753 478 2796 non
501 2738 541 2796 ita
565 2744 694 2797 sunt-
713 2735 824 2816 alium,
849 2753 908 2814 quo
931 2733 1048 2812 longius
1073 2734 1176 2799 absim
1183 2783 1198 2820 „

266 2821 399 2892 Quaere!
420 2856 462 2868 -
481 2822 652 2886 suburbana
675 2833 722 2886 est
743 2825 792 2886 lric
814 2823 890 2884 mihi
911 2830 992 2885 terra
1013 2821 1121 2886 locus.

641 3007 812 3090 VH..

263 3173 343 3237 Vade
365 3175 546 3258 salutatum,
569 3175 668 3238 subito
692 3184 850 3257 perarata,
871 3173 1026 3255 Perillam,

263 3262 398 3345 Littera,
421 3267 567 3327 sermonis
589 3265 648 3325 fida
671 3267 807 3327 ministra
829 3262 906 3326 meil

264 3350 323 3412 Aut
345 3352 425 3414 illam
448 3355 582 3415 invenies
605 3351 686 3414 dulci
709 3371 777 3415 eum
800 3362 894 3414 matre
917 3351 1090 3435 sedentem,

263 3435 322 3498 Aut
345 3441 425 3501 inter
447 3441 540 3502 libros
563 3440 756 3521 Pieridasque
780 3459 866 3503 suas.

234 3522 414 3605 sQuicquid
437 3536 526 3610 aget,
549 3546 618 3590 cum
641 3537 671 3589 te
695 3531 798 3592 scierit
820 3531 959 3613 venisse,
981 3527 1158 3613 relinquet,
