2467 4042
330 235 371 303 ll,
386 232 421 309 9,
438 233 478 296 18
493 267 525 278 -
547 232 668 310 lose
972 235 1015 300 33

37 346 68 438 [0
84 349 130 442 Tu
144 384 228 459 nihl,
251 391 285 445 tu
301 391 381 445 certe
429 382 755 458 memini..Graeclue‚
779 384 915 460 negabas

120 469 183 530 Uno
200 484 299 545 posse
313 469 447 543 aliquem
461 474 601 544 tempore
615 483 720 528 amam
734 468 822 529 duas.

89 553 138 614 Per
150 559 177 612 le
193 569 250 630 ego
267 552 416 629 decipior.
448 569 504 628 per
518 560 549 613 tc
563 552 738 628 deprensus
754 552 893 628 inermis,

123 640 210 712 liceo,
235 637 316 698 duas
332 652 394 698 uno
410 643 549 713 ternpore
563 637 662 713 turpis
679 652 759 697 arno.

68 722 209 799 ruraque
225 723 385 782 lormousa
399 727 457 781 est.
486 737 641 797 operosae
656 721 788 782 cultibus
805 722 929 783 ambaer

121 805 237 866 Artibus
253 808 285 865 in
307 804 401 867 dubio
417 811 478 876 est,
501 805 579 865 haec
595 805 651 880 sil,
675 821 713 865 an
728 806 780 866 illa
794 805 886 881 prior.

90 889 232 950 Pulchrior
243 890 306 950 hac
321 889 374 950 illa
388 896 446 950 esi.
477 889 555 949 haec
570 895 619 950 est
634 905 760 964 quoque
773 888 931 966 pulchrior
947 891 998 953 illa

123 974 155 1034 Ec
167 975 263 1050 magis
279 973 360 1033 haec
374 972 481 1046 nobis,
505 981 535 1034 et
549 973 650 1048 magis
663 964 715 1033 illa
731 973 841 1049 placer.

90 1059 195 1131 Errant,
215 1065 248 1118 ul
261 1058 366 1119 ventis
381 1057 577 1118 discordibus
593 1064 662 1118 arla
678 1057 840 1135 phaselos,

65 1156 88 1206 ro
126 1141 349 1219 Dividuumque
363 1148 469 1205 tenent
482 1143 559 1203 aller
572 1148 603 1203 et
617 1142 694 1202 aller
708 1158 805 1203 amor.

94 1227 155 1301 ocio
167 1227 321 1303 geminas,
343 1225 492 1303 Erycina,
514 1242 603 1289 rneoa
623 1226 691 1287 sine
708 1227 770 1287 fine
784 1229 930 1288 dolores?

124 1311 182 1371 lion
195 1320 261 1373 erat
274 1312 307 1371 in
325 1326 415 1372 curas
430 1326 493 1370 una
507 1313 610 1386 puella
624 1310 724 1372 salisl

95 1394 156 1469 onir
169 1396 238 1457 lolia
251 1394 434 1470 arboribus,
458 1395 533 1470 quid
550 1396 642 1472 pleno
658 1395 761 1457 sidera
775 1396 877 1470 caelo,

126 1481 154 1539 ln
166 1480 239 1541 lrela
254 1482 403 1541 collectas
419 1480 567 1556 alioquid
583 1480 674 1540 addis
692 1487 813 1555 aquas?

69 1573 90 1623 15
98 1563 145 1623 Sed
158 1572 251 1626 lamen
267 1565 331 1626 hoc
345 1563 470 1637 molius,
493 1564 627 1639 quamsi
643 1564 710 1625 sine
727 1580 831 1625 amore
845 1565 986 1625 iacerem.

125 1648 259 1711 Hostibus
273 1648 399 1720 eveniat
409 1647 472 1708 vita
489 1664 600 1709 severa
615 1648 702 1709 meis.

96 1732 217 1794 hostibus
231 1734 358 1794 eveniat
372 1732 467 1793 viduo
482 1733 616 1793 dormire
631 1733 737 1807 cubili,

127 1817 157 1878 hl
168 1818 266 1879 medio
283 1818 357 1878 laxe
371 1832 489 1893 ponere
504 1818 642 1877 membra
655 1824 734 1878 loro.

98 1902 126 1960 hl
137 1901 198 1962 nihi
211 1918 332 1964 saevus
347 1917 435 1961 amor
449 1914 577 1962 somnos
592 1902 754 1977 abrumpat
768 1902 896 1976 inertes,

72 1988 94 2041 h
131 1984 243 2062 Simque
256 1987 321 2047 mci
341 1986 411 2046 leoli
425 2002 488 2046 non
503 2001 562 2061 ego
578 1986 666 2046 solus
683 2001 772 2047 onus

99 2065 135 2127 lle
146 2086 204 2131 nea
218 2071 384 2147 disperdat
397 2070 479 2131 nullo
495 2069 679 2145 prohibente
694 2069 811 2146 puella,

129 2151 155 2213 si
167 2157 236 2216 salis
251 2171 319 2216 una
333 2161 446 2229 potest.
476 2152 618 2214 siminus
634 2170 710 2229 una,
735 2153 825 2213 duae.

101 2232 240 2299 Sufficiam.
272 2239 422 2316 graciles,
442 2254 505 2298 non
520 2243 591 2298 sunt
605 2238 673 2299 sine
688 2237 806 2297 viribus
821 2245 915 2300 arius.

129 2318 268 2399 Pondere,
293 2339 357 2383 non
371 2322 475 2383 nervis
493 2337 625 2397 corpora
640 2330 747 2384 nostro
759 2329 874 2382 careni.

75 2401 130 2462 llll
139 2405 214 2467 laleri
228 2408 316 2469 dabit
329 2407 359 2466 in
373 2406 456 2466 vires
473 2405 616 2466 alimenta
630 2407 785 2483 voluptas.

130 2487 251 2569 Decepta
266 2500 318 2554 est
332 2506 428 2567 opera
441 2491 524 2551 nulla
538 2490 642 2566 puella
655 2508 733 2552 mea.

101 2569 178 2649 Saepe
191 2593 263 2653 ego,
288 2576 427 2637 lascivae
441 2582 624 2651 consumpto
642 2582 781 2652 lempore
795 2575 910 2648 noctis,

129 2657 202 2721 Utilis
216 2670 247 2724 el
261 2658 336 2721 lorii
349 2675 483 2735 corpore
494 2675 584 2718 marre
599 2660 652 2719 lui.

101 2737 179 2816 Felix,
201 2763 294 2821 quern
306 2744 439 2805 Veneris
458 2742 625 2803 certamina
639 2751 742 2804 mulua
758 2744 899 2820 perdunt.

77 2823 98 2877 lo
132 2825 163 2885 hi
174 2827 371 2905 iaciant,leti
386 2831 480 2889 c‘ausa
495 2826 535 2888 sit
549 2828 608 2888 ista
622 2827 697 2888 mei!

103 2905 187 2971 lodual
200 2914 344 2975 adversis
360 2913 512 2973 contraria
527 2917 655 2988 peccora
670 2913 738 2974 telis

131 2992 219 3073 Miles,
238 3006 270 3059 et
285 3004 441 3060 aeternum
457 2997 607 3072 sanguine
620 3013 732 3057 nornen
749 3005 839 3058 emal.

104 3071 208 3147 Quaerat
220 3099 335 3144 avarus
352 3098 443 3156 opes,
468 3088 498 3142 et
513 3097 593 3158 qnae
607 3082 732 3143 lassarit
745 3083 862 3142 arando

132 3162 279 3240 Aequora,
302 3168 424 3243 periuro
439 3166 605 3241 naufragus
622 3183 675 3226 ore
689 3165 784 3226 bibat.

81 3241 206 3308 birnihi
221 3251 378 3327 conlingat
393 3250 515 3310 veneris
531 3250 733 3325 languescere
747 3256 846 3325 motu,

134 3329 194 3393 Cum
208 3336 336 3410 moriar,
355 3334 490 3395 medium
505 3335 610 3395 solvar
625 3343 655 3396 el
670 3336 748 3396 inter
762 3352 852 3412 opus.

107 3410 322 3495 insanionis,
340 3424 448 3482 nostro
463 3419 625 3481 lacrimans
641 3420 669 3480 in
686 3421 810 3494 lunere,
834 3420 915 3480 dical

88 3582 108 3627 w
136 3498 326 3639 ‘bonveniens
341 3506 422 3565 vilae
436 3520 520 3564 rnors
536 3502 590 3563 luit
604 3506 663 3565 isla
678 3508 771 3565 luae’

110 3590 128 3632 n
163 3628 168 3638 ·
834 3597 852 3649 3
