2467 4042
188 204 255 270 250
594 198 789 252 russonum

321 367 474 446 Virgineus
496 363 592 427 oeulis
613 365 789 443 opposuisse
812 379 935 424 manus.

278 460 336 517 Ara
358 455 431 517 (leae
454 461 537 515 esrts
559 453 683 514 tremuit
704 453 839 529 pariente
861 452 1023 531 minbtra,

322 542 361 605 lit
382 542 475 605 subiit
497 543 614 602 elnsrss
636 542 741 600 territa
762 538 878 601 minuta
902 552 998 600 suos.

280 632 343 694 llos
365 631 418 693 ubi
440 631 579 709 sugnarii
600 636 788 706 eentsmpter
810 625 946 687 Amulius
969 630 1088 708 aequi,
1114 663 1152 674 -

233 734 269 784 ee
326 718 400 782 Nmu
422 726 522 799 raptas
544 717 631 777 lratri
652 718 747 776 rietur
769 714 896 776 bsbsbat
917 731 992 795 opes
1018 747 1056 759 -—

279 809 373 870 Amne
395 806 479 868 iubet
500 807 595 884 mergi
618 805 773 884 gemines.
814 802 913 864 scelus
934 802 1019 863 unda
1042 804 1179 886 refugit,

325 895 360 958 ln
382 897 461 956 siem
483 895 571 973 pueri
592 891 798 953 destituuntur
820 891 928 952 hume.

280 985 370 1046 baete
393 985 462 1062 quis
481 981 611 1042 inianies
634 982 732 1041 nescit
752 981 881 1041 crevisse
903 978 1021 1059 lerino,

324 1070 363 1133 Et
384 1073 485 1152 pinum
507 1070 650 1149 expositis
671 1085 762 1147 saepe
783 1065 888 1129 tulisse
910 1064 1024 1128 cibus?

233 1173 267 1224 ee
281 1160 347 1222 Nun
370 1177 424 1239 ego
447 1167 500 1238 ts,
522 1165 620 1218 tautae
643 1158 746 1217 nutrix
768 1155 906 1217 Larentia
927 1157 1048 1235 gentis,

325 1246 387 1309 Nee
409 1255 522 1308 taeeam
544 1253 680 1323 vestras,
702 1243 843 1305 Faustule
865 1260 1002 1324 pauper,
1026 1262 1125 1325 opes.

282 1335 387 1398 Vester
408 1334 503 1396 bones
525 1334 646 1412 veniet,
668 1349 738 1394 eum
759 1331 923 1393 Larentalia
945 1330 1066 1394 bisam:

324 1425 472 1503 Aeeeptus
495 1423 589 1500 geniis
611 1420 662 1481 illa
682 1419 848 1481 beesmbsr
870 1418 975 1481 babet.

282 1511 385 1574 llsrtia
408 1521 455 1572 ter
477 1528 568 1571 senes
587 1508 688 1589 paules
710 1507 878 1570 adoleverat
899 1524 1011 1588 senes,

233 1614 269 1665 ee
326 1599 364 1662 m
385 1598 507 1662 suberat
528 1598 619 1659 ssaves
640 1600 700 1658 iam
722 1612 805 1658 nera
819 1595 911 1657 barba
933 1612 1057 1658 cumas:

282 1687 427 1751 Omnibus
449 1685 586 1767 agrieeiis
607 1693 869 1764 armentorumque
891 1686 1043 1763 magistris

326 1776 432 1837 iliades
455 1776 562 1837 tratres
584 1776 651 1835 iura
673 1776 765 1853 petita
787 1772 912 1834 babent.

283 1864 376 1945 Saepe
400 1864 520 1925 domum
542 1864 666 1923 veniunt
687 1861 870 1941 praedonum
894 1862 1037 1940 sanguine
1064 1858 1161 1944 iasii,

326 1952 365 2014 Et
386 1951 527 2031 redigunt
549 1958 631 2012 aetus
653 1951 685 2010 in
708 1966 761 2012 sua
784 1964 855 2011 rurs
878 1948 988 2010 berse.

235 2052 270 2105 te
284 2041 322 2103 Ut
343 2056 438 2120 genus
461 2037 642 2117 audierunt,
664 2040 778 2099 animes
799 2045 884 2117 pater
907 2036 1006 2098 editus
1028 2049 1146 2120 auget,

326 2128 365 2190 itt
386 2126 479 2208 pudet
500 2128 531 2188 in
553 2129 658 2207 paucis
678 2142 787 2187 numen
809 2124 919 2187 babere
941 2125 1037 2186 uasis:

283 2216 485 2295 Romuleoque
508 2214 587 2276 eadit
608 2216 752 2276 traiectus
774 2212 909 2275 Amulius
930 2229 1020 2291 ense,

327 2303 487 2385 Regnaque
510 2302 653 2383 longaeve
674 2303 874 2363 restituuntur
896 2318 967 2362 ase.

283 2391 398 2455 Musula
420 2391 611 2454 conduntur.
656 2408 733 2472 quae
755 2391 889 2470 quamvls
911 2406 1000 2469 parra
1023 2389 1175 2473 luerunt,

236 2492 270 2543 ae
326 2480 393 2542 Neu
415 2488 515 2542 mmsn
537 2479 669 2559 expediit
689 2477 892 2540 transsiluisse
914 2477 1024 2538 nemo.

283 2568 365 2649 lam,
387 2568 477 2630 mede
495 2586 553 2649 qna
574 2568 694 2629 fueraut
715 2567 805 2630 silvae
822 2582 1027 2646 pseerumque
1048 2582 1208 2641 recessus,

327 2655 405 2718 Urbs
427 2665 513 2738 erat3
535 2663 674 2717 autema
697 2668 766 2717 cum
788 2663 873 2735 pater
894 2653 983 2716 Urbis
1005 2656 1067 2717 ait:

284 2741 415 2806 ‘Arbiter
435 2762 587 2806 umerum
599 2792 608 2825 ,
631 2743 669 2805 de
692 2746 778 2806 euius
799 2745 941 2823 sanguiue
964 2751 1055 2804 uatus

328 2831 463 2913 Creber,
487 2841 517 2894 et
540 2841 573 2894 ut
594 2832 724 2914 credar,
745 2835 869 2912 pignera
891 2830 983 2893 melta
1005 2830 1107 2912 dabo,

236 2921 308 2984 ‘ibri
331 2929 360 2983 ts
384 2922 562 3002 principium
585 2920 718 2982 liemanu
740 2919 866 2982 dicimus
886 2936 982 2981 annes

328 3009 446 3071 Primus
469 3009 505 3072 de
528 3010 627 3090 patrie
647 3010 767 3070 nemius
788 3008 900 3070 mensis
923 3002 1014 3070 erit?

283 3096 346 3160 Vox
369 3103 432 3159 rata
453 3097 488 3160 iii
500 3144 509 3179 ,
531 3099 688 3178 patrioque
710 3105 795 3159 votat
816 3095 854 3157 ‹ls
877 3097 996 3157 nomine
1019 3112 1184 3159 mensem.

328 3185 444 3247 Dieitur
465 3185 538 3248 base
561 3189 657 3267 pietas
678 3194 761 3265 grata
783 3185 876 3247 trisse
897 3184 971 3246 dee.

283 3272 321 3335 Et
343 3282 442 3336 tamen
464 3285 533 3337 aute
556 3291 660 3336 emues
682 3273 806 3336 llartsm
828 3272 947 3335 soluere
970 3272 1112 3351 priores.

235 3374 271 3425 ee
329 3361 392 3424 llee
414 3361 537 3424 desierat
559 3362 667 3425 studiis
689 3360 793 3424 belliue
816 3359 904 3423 turba
926 3362 1006 3422 attis.

283 3448 400 3510 Pallada
422 3450 602 3530 Cserupidae
614 3497 624 3534 ,
647 3450 755 3511 lliuoia
779 3449 866 3512 Creta
888 3448 1027 3530 Dianam,

328 3534 489 3599 Vuleanum
511 3538 600 3601 tellus
623 3537 799 3619 Hypsipylea
821 3537 910 3620 eelit3
