2467 4042
460 240 503 312 V,
522 246 663 298 62-134.
796 259 908 297 amans
1023 240 1065 307 91

130 405 226 470 Ense
254 410 330 472 iacet
352 406 508 489 Clymeni:
529 406 733 469 Prothoenora
759 408 891 487 percutit
913 404 1067 490 Hypseus,

131 496 262 577 Hypsea
283 496 451 578 Lyncides.
479 497 537 558 init
558 504 589 557 ot
610 494 794 576 grandaevus
816 496 848 556 in
870 495 928 557 illis

49 594 113 647 1⁰0
130 585 323 667 Emathion,
346 587 434 665 aequi
457 585 554 646 cultor
575 584 757 663 timidusque
780 583 921 665 deorum3

131 674 203 745 Qui
214 721 225 755 ,
248 675 388 754 quoniam
410 671 571 755 prohibent
592 674 663 734 anni
685 671 817 755 bellare,
838 670 986 752 loquendo

131 763 261 843 Pugnat
283 770 315 825 et
335 764 460 824 incessit
482 761 684 840 scelerataque
707 760 831 822 devovet
853 777 934 822 arma

131 850 220 914 Huic
245 850 381 913 Chromis
405 850 538 931 amplexo
560 849 698 912 tremulis
721 847 822 911 altaria
843 848 948 929 palmis

131 939 265 1002 Decutit
287 956 359 1001 ense
383 947 494 1020 caput3
516 938 596 1018 quod
618 939 755 1019 protinus
777 936 882 999 incidit
904 954 971 997 arae

50 1037 113 1088 105
132 1028 242 1108 Atque
264 1025 306 1089 ibi
328 1028 493 1089 semianimi
516 1025 605 1088 rerba
628 1027 813 1088 exsecrantia
834 1025 934 1105 lingna

133 1116 266 1198 Edidit,
289 1123 321 1178 et
341 1114 456 1178 medios
478 1116 605 1177 animam
629 1116 772 1195 expiravit
793 1116 825 1175 in
847 1115 948 1194 ignes.
1022 1174 1027 1185 ,

135 1205 220 1266 ilinc
244 1206 354 1284 gemini
376 1205 485 1266 iratres
506 1202 690 1283 Broteasque
717 1209 750 1264 et
770 1200 920 1264 caestibus
942 1201 1066 1264 Ammon

136 1295 300 1372 Invictus,
322 1293 400 1354 vinci
423 1294 450 1353 sl
471 1300 595 1372 possent
617 1290 766 1353 caestibus
789 1308 894 1372 enses,

134 1381 258 1443 Phinea
280 1381 416 1442 cecidere
439 1398 551 1461 manu,
573 1379 751 1459 Cererisque
773 1379 912 1440 sacerdos

55 1479 118 1529 110
136 1471 315 1550 Ampycus,
337 1468 448 1530 albenti
469 1468 583 1531 relatus
605 1475 739 1547 tempora
761 1469 850 1528 vitta.

136 1559 189 1619 Tu
204 1575 324 1637 quoque
337 1605 347 1640 ,
369 1556 540 1637 Lampetide
553 1603 563 1637 ,
585 1573 646 1617 non
659 1555 714 1616 hos
727 1554 912 1617 adhibendus
926 1552 962 1616 ad
976 1572 1049 1616 usus
1057 1602 1067 1636 ,

139 1646 203 1708 Sed
229 1647 280 1725 qul
291 1693 301 1726 ,
323 1647 406 1725 pacis
428 1662 526 1727 opus,
548 1643 692 1706 citharam
719 1661 788 1705 cum
815 1660 887 1704 voce
914 1660 1067 1723 moveres,

140 1735 248 1796 lassus
271 1751 337 1795 eras
361 1732 512 1794 celebrare
535 1732 625 1812 dapes
648 1732 817 1811 festumque
840 1731 990 1793 canendo.

139 1823 199 1884 Cui
223 1821 328 1902 procul
351 1822 459 1883 astanti
480 1820 687 1901 plectrumque
710 1818 818 1881 inbelle
841 1821 956 1881 tenenti

61 1919 122 1970 11⁶
139 1910 278 1972 Pettalus
295 1910 425 1972 irridens
447 1904 569 1988 ‘Stygiis
592 1926 665 1969 cane
688 1903 798 1970 cetera'
821 1907 895 1969 dixit

141 1992 305 2060 ‘ilanibus'
329 2004 361 2059 et
381 1997 463 2059 laevo
486 2014 661 2058 mucronem
683 2003 817 2076 tempore
840 1996 919 2057 lixit.

142 2086 303 2168 Concidit,
326 2092 358 2147 et
378 2084 479 2164 digitis
501 2082 697 2147 morientibus
719 2084 769 2146 ille
792 2091 922 2145 retentat

142 2175 206 2236 Fila
228 2174 331 2255 lyrae3
353 2191 484 2252 casuque
506 2173 563 2234 init
585 2171 751 2235 miserabile
775 2189 911 2233 carmen.

141 2263 207 2325 Nec
229 2264 301 2324 sinit
322 2261 403 2324 hunc
420 2264 532 2342 inpune
555 2261 640 2322 ierox
663 2260 805 2322 cecidisse
828 2258 1005 2343 Lycormas,

66 2364 125 2414 120
141 2353 298 2431 Raptaque
321 2349 358 2411 de
381 2349 485 2411 dextro
509 2349 632 2410 robusta
654 2349 793 2430 repagula
815 2350 894 2429 posti

142 2438 270 2502 Ossibus
292 2438 386 2500 inlisit
407 2437 521 2499 mediae
545 2438 690 2498 cervicis.
718 2445 748 2499 at
769 2436 819 2498 iile

142 2525 311 2590 Procubrdt
332 2535 430 2588 terrae
453 2528 573 2588 mactati
594 2543 678 2587 more
701 2527 835 2588 iuvenci.

142 2616 270 2678 Demere
293 2613 457 2694 temptabat
478 2613 552 2676 laevi
576 2632 695 2694 quoque
717 2612 826 2674 robora
847 2615 942 2694 postis

142 2703 307 2784 Cinyphius
328 2701 467 2764 Pelates:
490 2704 647 2783 temptanti
669 2701 791 2763 dextera
813 2701 870 2763 lixa
895 2711 943 2762 eat

68 2804 127 2855 aaa
142 2791 275 2871 Cuspide
298 2790 491 2852 Marmaridae
514 2790 658 2871 Corythi,
679 2789 819 2870 llgnoque
842 2787 989 2852 cohaesit.

143 2879 286 2941 Haerenti
307 2879 385 2941 latus
408 2878 507 2940 bausit
527 2877 628 2940 Abas:
651 2894 707 2939 nec
730 2878 845 2939 corruit
865 2877 934 2959 ille,

143 2967 204 3029 Sed
226 2969 374 3028 retinente
397 2984 517 3029 manum
539 2968 671 3028 moriens
693 2984 710 3027 e
733 2974 819 3047 poste
840 2965 999 3047 pependit.

143 3057 297 3117 Sternitur
319 3061 352 3116 et
372 3054 523 3116 Menaiens
535 3102 545 3136 ,
567 3054 688 3116 Perseia
711 3062 808 3116 castra
830 3061 968 3135 secutus,

141 3143 185 3205 lit
204 3142 408 3204 Nasamoniaci
431 3141 553 3223 Dorylas
576 3142 740 3205 ditissimus
764 3143 844 3223 agri3

73 3245 128 3296 aad
142 3232 231 3295 Dives
254 3233 318 3311 agri
340 3230 484 3313 Dorylas,
507 3248 566 3310 quo
589 3248 649 3291 non
671 3229 846 3311 possederat
867 3230 942 3291 alter

142 3319 246 3381 Latius
258 3366 268 3400 ,
291 3326 342 3381 aut
364 3319 487 3380 totidem
510 3317 632 3380 tollebat
652 3321 729 3381 turis
753 3335 892 3380 acervos.

142 3407 239 3470 liuius
256 3409 289 3468 in
311 3406 431 3487 obliquo
454 3408 578 3468 missum
601 3409 685 3470 stetit
705 3407 826 3487 inguine
850 3407 981 3487 ierrum3

143 3495 256 3557 Letiier
278 3494 328 3556 ille
350 3493 457 3556 locus.
484 3513 573 3575 quem
595 3504 753 3575 postquam
777 3493 907 3556 vulneris
930 3502 1034 3555 auctor

143 3582 361 3666 singultantem
383 3585 510 3645 animam
533 3591 564 3644 et
585 3591 752 3646 versantem
774 3582 885 3644 lumina
907 3582 980 3645 vidit
