2467 4042
168 228 211 292 *14
586 228 758 280 TRISTIUM

256 394 334 456 Haeo
353 411 408 473 ego
427 399 533 454 ouuota
552 395 659 474 prius,
682 410 770 471 mam
788 400 842 473 te,
864 393 1040 472 carissime,
1060 396 1195 458 credam

208 496 242 544 to
256 482 402 545 Mutatum
425 498 527 543 euram
550 480 724 561 deposuisse
747 483 822 541 mei.

256 570 410 633 Innumeri
431 576 549 630 montes
572 572 650 630 inter
672 586 721 629 me
743 576 833 648 teque
856 569 979 648 riaeqise

255 658 450 738 Fluminaque
473 666 505 718 et
527 660 623 738 osmpi
646 675 702 718 nee
724 658 800 718 freta
823 674 916 736 pausa
938 659 1057 720 iaeout.

145 752 164 795 θ
256 747 335 808 Mille
358 754 458 826 potest
479 747 599 827 causis,
623 764 639 807 a
662 754 692 807 te
715 763 790 825 quae
813 744 911 806 littera
935 763 1022 825 saepe

257 835 346 897 Missa
370 837 431 916 sit,
453 836 484 895 in
508 843 626 896 nostras
649 852 716 895 rara
739 835 840 894 venire
862 851 984 914 manus3

208 935 242 984 25
256 923 335 985 llllle
358 929 456 984 tamen
480 940 584 983 causas
607 921 764 984 scribendo
787 923 872 982 vinee
896 922 1095 1006 frequenter,

256 1010 404 1074 Exousem
427 1028 465 1071 ne
488 1019 518 1071 te
541 1028 660 1091 semper
671 1058 681 1093 ,
704 1012 820 1092 amine,
842 1008 931 1070 mihil

623 1203 720 1278 VIII.

255 1363 316 1424 lum
339 1381 405 1424 mea
429 1380 554 1443 cycneas
576 1363 731 1425 imitantur
753 1370 888 1442 tempora
910 1361 1044 1444 plumas,

258 1452 354 1512 ludelt
376 1460 407 1514 et
428 1453 528 1531 nigras
550 1450 616 1512 alba
639 1459 758 1512 seneeta
781 1468 897 1512 eomas.

256 1538 318 1600 lam
341 1539 471 1601 subeunt
493 1541 563 1600 anui
585 1538 704 1618 fragiles
727 1547 758 1600 et
779 1541 904 1600 inertior
927 1547 1024 1620 aetas,

256 1627 376 1708 lamque
399 1646 504 1708 parum
527 1629 613 1688 firmo
636 1645 684 1688 me
708 1627 780 1688 mihi
802 1628 882 1688 terre
904 1645 991 1706 grave
1014 1638 1082 1691 est.

227 1715 342 1777 nNnno
365 1725 451 1796 erat,
474 1724 507 1777 ut
529 1717 627 1795 posito
651 1714 792 1776 deberem
814 1716 872 1776 dne
895 1714 1030 1776 laborum

256 1803 385 1886 Vivere,
407 1822 455 1865 me
477 1803 559 1866 nullo
583 1802 758 1865 sollicitante
781 1812 884 1884 metu,

259 1892 400 1973 Quaeque
423 1910 506 1953 meae
530 1909 649 1971 semper
670 1891 846 1971 placuerunt
869 1894 928 1952 otia
950 1894 1044 1953 menti

259 1980 388 2061 Carpere
412 1988 442 2041 et
464 1983 495 2041 in
519 1978 626 2042 studiis
649 1978 777 2041 molliter
800 1997 866 2041 esse
889 1981 981 2061 meis,

257 2067 296 2130 Et
317 2086 436 2149 parvam
459 2067 755 2130 celebrare-domum
778 2076 952 2147 veteresque
974 2068 1110 2133 Penates

211 2170 244 2219 10
258 2155 296 2218 lit
318 2175 394 2237 quae
417 2175 497 2219 nuno
520 2156 640 2217 domino
663 2174 734 2218 rura
756 2165 878 2236 paterna
902 2165 1020 2237 carent,

257 2245 350 2325 Inque
374 2247 441 2307 sinu
465 2246 601 2306 dominae
625 2247 762 2325 narisque
785 2244 934 2307 sodalibus
956 2248 1048 2324 inque

258 2332 390 2395 Securus
411 2336 507 2413 patria
529 2334 722 2394 consenuisse
745 2351 826 2395 mea.

257 2420 337 2483 llaec
360 2440 425 2483 mea
447 2424 491 2483 sie
514 2421 662 2502 quondam
684 2424 786 2501 peragi
809 2431 977 2501 speraverat
999 2428 1106 2506 aetas,

257 2508 318 2570 Hos
341 2529 395 2591 ego
419 2511 462 2571 sio
485 2528 578 2571 annos
600 2527 713 2590 ponere
736 2509 842 2589 dignus
866 2528 964 2571 eram.

212 2610 244 2658 15
257 2597 323 2659 Non
346 2601 387 2660 ita
409 2597 454 2659 dis
477 2600 573 2658 visum
585 2643 595 2679 ,
618 2599 670 2678 qui
692 2615 740 2659 me
763 2607 903 2677 terraque
926 2601 1060 2677 marique

258 2687 364 2748 dotum
389 2685 559 2747 Sarmaticis
582 2704 748 2765 exposuere
770 2685 862 2748 loeis.

259 2773 292 2834 ln
316 2791 385 2836 cava
408 2773 560 2835 ducuntur
583 2792 706 2854 quassae
729 2773 840 2836 navalia
862 2793 994 2856 puppes,

258 2861 302 2923 No
325 2870 437 2923 temere
459 2864 491 2924 in
514 2861 620 2924 mediis
643 2862 843 2924 destituantur
866 2865 968 2942 aquis.

258 2949 302 3011 Ne
325 2949 409 3012 eadat
432 2959 463 3012 et
485 2950 593 3013 multas
615 2951 727 3031 palmas
750 2950 920 3013 inhonestet
941 2950 1085 3032 adeptus,

211 3052 244 3100 20
259 3038 429 3119 Languidus
452 3041 483 3100 in
505 3042 599 3119 pratis
622 3041 754 3119 momina
777 3041 874 3119 carpit
896 3057 1009 3119 equus.

258 3127 343 3189 Miles
365 3127 417 3189 ubl
440 3130 573 3190 emeritis
596 3145 656 3189 non
680 3135 725 3189 est
748 3129 819 3188 satis
844 3127 923 3189 utilis
946 3128 1049 3208 annis,

258 3216 346 3278 Ponit
367 3217 403 3278 ad
427 3219 587 3297 antiquos,
609 3233 686 3295 quae
709 3215 799 3296 tulit,
821 3233 903 3277 arma
925 3215 1033 3277 Lares.

260 3303 445 3385 sicigitur,
468 3305 552 3367 tarda
574 3307 652 3365 vires
675 3305 828 3365 minuente
851 3311 987 3384 senecta,

259 3390 306 3452 lle
330 3410 448 3472 quoque
471 3393 577 3454 donari
598 3395 656 3453 iam
680 3392 754 3453 rude
778 3400 896 3472 tempus
918 3402 1000 3453 erat.

211 3490 245 3538 25
260 3478 391 3557 Tempus
414 3489 477 3542 erat
499 3498 555 3541 nee
577 3497 625 3541 me
649 3481 839 3559 peregrinum
863 3482 973 3542 dueere
995 3479 1139 3566 eaelum,

259 3564 321 3627 Neo
344 3567 451 3627 siccam
475 3567 578 3628 Getico
601 3568 683 3628 lonte
705 3568 802 3628 levare
826 3570 925 3649 sitim,
