2467 4042
433 240 470 293 11.
490 241 639 293 uro-348.
973 236 1039 302 243

122 400 242 482 lamque
263 421 369 465 nemus
392 403 521 484 Bacchi,
544 402 639 465 Tmoli
663 405 781 484 vineta,
805 403 941 486 tenebat,

4 533 5 573 p
166 491 315 572 Hesperos
339 500 369 553 et
392 494 476 553 lusco
500 492 635 553 roscidus
658 492 719 554 ibat
742 511 836 572 equo·

57 588 108 639 315
122 581 211 640 Antra
236 580 317 640 subit
338 582 406 641 tolis
429 581 562 660 laqueata
586 588 616 641 et
638 582 755 660 pumice
778 582 861 662 viv03

4 713 6 751 Ι
166 667 309 729 Garrulus
331 671 362 729 in
386 671 482 747 primo
505 667 605 728 limine
630 671 711 730 rivus
735 677 815 730 emt.

4 803 6 820 ,
122 756 257 835 Dumque
279 765 385 836 parant
408 756 509 836 epulas
532 756 718 837 potandaque
741 760 808 817 vina
830 757 976 837 ministri,

4 905 5 931 p
166 843 301 905 Cultibus
325 843 446 905 Alciden
469 847 590 905 instruit
612 844 661 905 illa
685 846 764 906 suis.

4 985 5 1009 p
121 932 176 993 Dat
199 935 297 993 tenuis
320 936 436 994 tunicas
460 931 582 993 Gaetulo
606 936 720 994 metrice
744 935 868 1014 tinctas,

55 1031 106 1081 320
164 1020 219 1081 Dat
242 1028 367 1082 teretem
390 1039 515 1100 zonam,
538 1038 595 1100 qua
618 1021 705 1082 modo
730 1023 825 1082 cincta
848 1023 922 1083 luit.

4 1105 5 1188 ζ
119 1106 228 1169 Ventre
252 1111 348 1169 minor
370 1127 442 1169 zona
466 1118 534 1189 est;
557 1111 725 1170 tunicarum
748 1110 843 1171 vincla
867 1110 995 1191 relaxat,

4 1195 5 1200 ’
164 1195 204 1257 llt
226 1206 327 1275 posset
349 1206 446 1259 vastas
469 1200 621 1259 exeruisse
645 1215 767 1260 manus.

4 1345 5 1364 2
119 1282 261 1364 Fregerat
283 1285 411 1346 armillas
435 1304 494 1346 non
517 1285 566 1346 illa
589 1284 624 1345 ad
650 1286 768 1347 brachia
792 1287 902 1367 lactas,

164 1371 344 1433 Scindebant
367 1376 465 1451 magni
488 1373 603 1434 vincula
627 1392 717 1453 parva
738 1374 847 1452 pedes

3 1523 5 1544 p
4 1459 186 1538 attlpsa
209 1461 287 1537 capit
309 1460 479 1539 clavamque
501 1478 619 1539 gravem
644 1461 829 1565 spoliumque
855 1461 949 1523 leonis

4 1547 67 1623 j
163 1546 377 1626 Conditaque
369 1567 400 1609 m
423 1547 561 1628 pharetra
584 1547 643 1609 tela
666 1551 780 1609 minora
803 1567 873 1611 sua

4 1630 5 1650 ¹
120 1634 169 1696 Sic
192 1635 287 1715 epulis
310 1637 405 1698 luncti
428 1639 471 1697 sic
494 1637 566 1697 dant
588 1655 642 1698 sua
666 1655 791 1719 corpora
815 1656 935 1718 somno,

163 1722 327 1805 sepositis
351 1726 432 1786 iuxta
455 1724 621 1786 secubuere
644 1728 735 1787 toris.

119 1812 235 1893 Causa,
258 1815 406 1892 repertori
428 1815 496 1874 ritis
520 1817 589 1893 qnia
611 1832 695 1875 sacra
718 1813 878 1895 parabant,

50 1912 104 1962 330
162 1900 244 1972 Quae
267 1901 400 1961 facerent
421 1920 496 1981 pure
509 1948 519 1983 ‚
542 1920 610 1964 cum
634 1903 713 1963 leret
735 1910 799 1965 orta
822 1904 903 1965 dies.

118 1987 222 2050 Noctis
244 1998 309 2050 erat
331 1989 483 2051 medium.
520 1990 592 2071 quid
615 2009 676 2051 non
699 2008 781 2052 amor
803 1991 957 2073 improbus

665 2076 784 2141 audet?
880 2092 883 2096 '

161 2165 287 2227 Roscida
310 2185 365 2246 per
388 2164 527 2227 tenebras
549 2166 669 2229 Faunus
692 2167 727 2229 ad
752 2174 836 2229 antra
859 2170 957 2230 venit.

116 2252 214 2333 thue
237 2253 318 2315 ridet
341 2257 463 2317 comites
487 2274 591 2317 somno
614 2257 744 2335 vinoque
767 2256 898 2336 solutos,

162 2342 252 2422 Spem
275 2342 355 2422 capit
376 2347 407 2405 in
431 2342 559 2404 dominis
582 2362 648 2405 esse
672 2347 788 2424 soporis
811 2345 907 2407 idem.

47 2442 101 2493 335
115 2429 210 2491 lntrat
221 2478 231 2512 ,
254 2437 286 2491 et
307 2432 366 2492 huc
389 2431 459 2493 illuc
483 2434 660 2493 temerarius
683 2438 765 2494 errat
787 2432 921 2509 adulter,

160 2518 199 2580 Et
220 2520 352 2599 praefert
374 2527 475 2581 cautas
499 2519 753 2601 subsequiturque
776 2538 898 2584 manus.

115 2606 242 2669 Venerat
264 2607 300 2668 ad
324 2611 410 2670 strati
432 2616 547 2688 captata
566 2609 674 2671 cubilla
697 2609 785 2690 lecti,
990 2624 1036 2676 (49)

160 2695 198 2757 Et
219 2695 290 2757 telis
312 2699 407 2778 prima
430 2699 507 2759 forto
530 2699 651 2759 tuturus
675 2705 755 2761 erat.

114 2784 153 2847 Ut
175 2785 274 2864 tetigit
296 2785 369 2847 lulvi
392 2789 481 2847 saetis
503 2788 618 2848 hirsuta
643 2787 737 2848 leonis

43 2885 100 2936 340
157 2872 294 2957 Vellera,
317 2878 472 2956 pertimuit
494 2878 695 2955 sustinuitque
720 2895 855 2939 maurum.

115 2961 338 3043 [Attonitusque
362 2972 445 3025 metu
466 2964 577 3047 rediit,
600 2974 635 3026 ut
657 2983 745 3043 saepe
768 2967 863 3026 uiator

158 3048 323 3112 Teubatum
346 3054 408 3111 riso
432 3052 548 3113 rettulit
571 3070 667 3131 angue
689 3052 796 3131 pedem
807 3052 829 3129 .]

113 3136 184 3198 lnde
207 3140 267 3198 tori
279 3185 289 3219 ,
314 3141 365 3216 qui
388 3140 510 3199 iunctus
532 3149 619 3219 erat,
641 3138 785 3199 velamina
807 3141 901 3218 tangit

157 3224 278 3306 Mollia,
300 3225 435 3285 mendaci
457 3225 664 3305 decipiturque
688 3234 776 3289 nota.

41 3326 98 3377 345
112 3313 276 3393 Ascendit,
299 3312 470 3393 spondaque
494 3314 551 3374 sibi
573 3315 713 3393 propiora
736 3312 899 3393 recumbit,

157 3401 195 3462 Et
218 3401 365 3463 tumidum
389 3419 482 3462 cornu
506 3400 611 3462 durius
633 3405 745 3481 inguen
768 3411 851 3464 erat.

112 3489 230 3553 Interea
253 3492 368 3552 tunicas
392 3507 443 3550 ora
467 3489 607 3552 subducit
630 3488 667 3551 ab
689 3493 765 3553 ima:

156 3579 325 3641 llorrebant
347 3578 448 3641 densis
470 3596 575 3659 aspera
597 3596 686 3641 crura
708 3579 792 3659 pilis.

738 3698 740 3703 .
819 3676 872 3735 ¹6*
