2467 4042
191 233 256 298 226
380 252 478 290 susos
606 233 785 291 METAMM.

324 398 407 472 Quos
428 397 500 460 dum
522 396 662 460 Lucifero
685 401 804 479 genitus
826 400 966 464 miracrda
987 419 1101 464 narrat

279 486 323 550 lle
345 493 484 549 consorte
507 503 563 548 sus
574 533 585 568 ,
608 504 699 549 cursu
723 488 850 549 festinus
873 489 977 551 amero

280 574 403 637 Advolat
425 576 552 636 armenti
575 582 678 638 custos
700 574 837 637 Phoceus
860 576 988 660 ductor,

279 662 319 725 Et
342 659 467 745 ‘Peleu,
488 660 603 725 Peleu!
626 681 749 742 maguae
772 663 827 726 tibi
850 667 972 727 nuntius
995 665 1111 728 adsum

215 762 266 814 sto
281 743 390 812 Cladls'
413 753 476 812 sit.
506 750 714 831 quodcumque
738 752 815 813 ierat
827 800 836 834 ,
859 753 943 814 iubet
965 753 1062 816 edere
1087 753 1203 815 Peleus.

278 838 395 900 Pendet
416 846 447 900 et
468 841 533 919 ipse
556 846 639 901 metu
662 840 771 920 trepidi
793 839 971 902 Trachinius
993 845 1082 905 oris.

280 926 332 989 ille
354 927 470 990 refert:
493 923 600 988 ‘fessos
623 928 660 988 ad
682 928 770 989 litora
792 945 883 1002 curra,
905 931 1052 992 iuuencos

280 1014 458 1096 Appoleram
470 1061 481 1096 ,
503 1015 601 1077 medio
625 1034 694 1077 oum
717 1015 769 1077 Sol
791 1016 955 1079 altissimus
976 1018 1056 1080 orbe
1095 1075 1101 1083 .

280 1103 408 1167 Tantum
430 1105 616 1185 respiceret,
641 1112 785 1184 quantum
807 1122 967 1185 superesse
989 1106 1131 1189 videret5
1162 1132 1164 1135 ·

214 1203 266 1254 eoo
280 1192 412 1270 Parsque
434 1190 526 1253 boum
548 1190 637 1253 fulvis
659 1209 756 1272 genua
778 1192 934 1256 inclinarat
956 1194 1104 1275 herenis,
1233 1209 1234 1224 i

280 1279 479 1359 Latarumque
500 1282 601 1341 iacens
624 1297 744 1361 campos
767 1280 920 1360 spectabat
942 1300 1113 1364 aquarum,

279 1368 352 1429 Pers
374 1367 515 1448 gradihus
537 1368 631 1429 tardis
653 1366 724 1431 illuc
747 1368 864 1431 errabat
886 1377 918 1430 et
939 1370 1030 1454 illue,
1233 1399 1234 1410 ¹

279 1456 357 1518 Nant
379 1455 429 1517 elit
451 1455 590 1535 celsoque
612 1459 725 1518 instant
746 1474 839 1537 super
860 1475 991 1538 sequma
1013 1459 1114 1521 colio.
1233 1453 1234 1476 ³

279 1542 401 1624 Templa
427 1546 502 1605 mari
530 1543 659 1606 subsunt
681 1561 737 1606 nec
759 1561 907 1607 marmore
931 1547 1010 1608 clara
1033 1567 1096 1609 nec
1120 1562 1199 1623 auro,

213 1644 265 1695 tto
281 1630 339 1693 Sed
361 1631 496 1694 trabibus
518 1631 619 1693 dens1s
642 1632 768 1711 lucoque
791 1632 933 1695 umbrosa
955 1642 1097 1699 remutet

279 1719 422 1782 Nereides
444 1719 620 1800 Nereusque
643 1727 768 1802 tenent3
790 1720 845 1782 bos
868 1725 966 1784 navitu
988 1726 1079 1804 ponti

279 1808 380 1871 Edidit
402 1826 467 1870 esse
491 1809 585 1890 deos,
607 1807 679 1870 dum
701 1811 777 1870 retis
799 1808 886 1871 litore
909 1813 1019 1873 siccat.

278 1897 382 1960 luuota
404 1897 489 1977 palus
511 1897 582 1958 huic
604 1905 652 1958 est
663 1944 673 1978 ,
696 1897 797 1958 densis
820 1897 941 1973 obsessa
964 1899 1098 1983 salictis,

280 1985 374 2057 Quam
396 1987 594 2065 restagnantis
617 1985 689 2046 fecit
711 1987 800 2046 maris
822 1986 903 2048 unda
923 1987 1084 2068 paludem.

213 2073 351 2137 seelude
374 2074 491 2153 irugore
513 2075 596 2152 gravi
618 2068 762 2153 strepitus
783 2073 848 2136 loca
869 2078 1004 2155 proxima
1027 2085 1141 2157 terret;

278 2161 369 2224 Belua
391 2169 472 2223 vasta
484 2208 494 2243 ‚
516 2162 605 2241 lupus
628 2163 782 2241 mucisque
804 2162 988 2242 palustribus
1011 2170 1078 2229 exit

280 2250 396 2312 Oblitus
419 2257 450 2311 et
472 2251 608 2331 spumis,
631 2264 792 2328 exspersus
815 2253 958 2330 sanguiue
980 2255 1080 2317 rictus

278 2338 470 2419 Fulmineos,
492 2336 584 2399 rubra
606 2339 740 2399 suffusus
762 2338 873 2400 lumina
894 2339 1029 2405 damma.

279 2427 338 2499 Qui
360 2443 537 2506 quamquam
560 2427 653 2488 saevit
673 2428 786 2506 pariter
809 2426 951 2507 rabieque
974 2430 1129 2513 fameque,

213 2529 264 2582 eto
278 2512 382 2577 Acrior
405 2523 452 2577 est
474 2514 577 2576 rabie.
604 2532 702 2594 neque
725 2516 812 2576 enirn·
826 2518 937 2578 ieiunia
960 2527 1046 2582 curat
1232 2518 1233 2521 ’

279 2604 375 2666 Caede
396 2602 488 2665 boum
511 2602 665 2682 diramque
687 2603 796 2664 famem
818 2605 926 2685 linire,
948 2606 1001 2667 sed
1025 2626 1113 2671 omne

135 2762 140 2772 ¹
279 2693 419 2756 Vulnerat
441 2701 630 2773 armentum,
653 2694 820 2771 sternitque
841 2692 991 2756 hostiliter
1015 2714 1120 2759 omne.

191 2764 202 2785 '
278 2783 351 2845 l‘ars
375 2797 493 2862 quoque
517 2781 553 2842 de
575 2778 663 2841 uobis
685 2781 804 2866 funesto
827 2784 927 2843 saucia
948 2801 1071 2867 morsu,

279 2871 355 2934 llum
378 2869 567 2932 defensamus
579 2916 589 2951 ,
611 2869 671 2931 leto
695 2876 741 2930 est
764 2867 853 2931 data.
881 2874 1026 2951 sanguiue
1049 2874 1120 2938 litus

212 2973 263 3025 tao
280 2959 421 3039 Undaque
443 2959 539 3039 prima
561 2956 651 3020 rubet
673 2956 899 3038 demugitaeque
921 2960 1062 3040 pondes.

279 3048 338 3111 Sed
361 3064 444 3109 mora
466 3046 606 3108 damnosa
629 3054 697 3128 est,
720 3063 776 3107 uec
799 3064 849 3108 nes
871 3048 1007 3111 dubitare
1029 3050 1162 3115 remittit.

278 3137 355 3200 Dum
378 3142 516 3217 superest
537 3134 670 3217 aliquid,
693 3137 794 3197 cuncti
816 3152 978 3220 coeamus,
1000 3147 1032 3202 et
1055 3158 1148 3219 arma,

278 3230 366 3291 Arma
389 3242 599 3307 capessamus,
623 3217 840 3304 coniunctuque
861 3225 920 3287 tela
942 3225 1106 3294 ieramus?

278 3318 399 3379 Dixerat
420 3315 567 3395 agrestis.
594 3330 651 3376 nec
673 3311 762 3375 Pelea
784 3313 890 3376 dumne
912 3315 1088 3382 movebant:

213 3419 265 3470 ³80
280 3406 362 3488 Sed,
385 3418 499 3466 memor
522 3405 665 3486 admissi,
687 3402 816 3464 Nereida
838 3402 949 3483 colligit
971 3403 1078 3468 orbam

277 3495 388 3556 Damna
412 3511 464 3555 sua
487 3495 609 3556 inferias
632 3495 765 3555 extincto
788 3494 907 3554 mittere
929 3491 1050 3555 Pboco.
1106 3484 1113 3501 ‘

278 3582 404 3644 lnduere
428 3597 509 3644 arma
529 3586 609 3644 viros
631 3581 818 3661 violentaque
841 3599 960 3643 sumere
982 3581 1042 3643 tela
