2467 4042
419 261 454 311 11.
473 272 495 313 v
509 263 627 313 sa-vn
641 263 683 314 11.
993 256 1057 321 155

181 421 230 483 Sic
253 422 308 484 tibi
331 424 392 484 sint
413 423 523 484 fratres
545 430 666 502 totaque
690 422 768 484 salva
792 423 916 484 domus:

136 508 281 590 Quodque
305 509 383 572 soles
406 512 503 571 animo
527 528 646 590 semper
658 558 668 591 ,
691 511 770 591 quod
793 528 865 572 voce
886 511 1022 591 precari,

180 597 287 660 Omnia
310 598 485 660 Caesaribus
509 600 552 660 sic
575 607 627 660 tua
649 599 725 661 iacta
746 597 874 680 probes.

108 711 113 724 ¹
136 685 237 766 'lurpe
251 689 319 749 'erit
341 689 373 748 in
395 688 513 748 miseris
535 689 630 749 veteri
652 686 707 748 tibi
728 684 820 748 rebus
842 689 937 748 amico

87 787 122 836 ao
180 774 331 846 Auxilium
354 775 433 837 nulla
456 783 541 854 parte
563 774 668 836 tulisse
693 783 795 837 tuum:

136 863 237 942 Turpe
259 864 374 924 reierre
397 863 504 942 pedem
516 910 525 943 ,
548 880 603 924 nec
627 881 717 942 passu
740 871 819 925 stare
842 863 957 924 tenaci:

180 951 281 1032 'lurpe
303 951 486 1012 laborantem
510 951 678 1012 deseruisse
701 959 812 1013 ratem.

136 1038 250 1120 [Turpe
274 1041 361 1119 sequi
384 1057 486 1100 casum
509 1047 539 1099 et
562 1039 699 1103 fortunae
722 1038 829 1100 cedere
852 1038 997 1099 amicum.

179 1126 218 1189 Et
240 1129 300 1188 nisi
322 1129 361 1189 sit
384 1127 477 1207 ielix,
500 1144 566 1187 esse
589 1144 699 1205 negare
722 1125 842 1204 sunm]

87 1227 121 1278 aa
135 1214 201 1277 Non
223 1218 265 1277 ita
287 1218 426 1279 vixerunt
450 1213 591 1295 Strophio
618 1221 707 1295 atque
731 1215 949 1294 Agamemnone
977 1214 1057 1295 nati,
1100 1246 1102 1252 ·

180 1303 246 1365 Non
269 1304 342 1365 baec
366 1303 493 1383 Aegidae
515 1302 701 1382 Pirithoique
724 1303 816 1365 fides:

137 1391 218 1461 Quos
240 1394 323 1470 prior
346 1400 392 1453 est
414 1393 519 1453 mbata
531 1438 541 1470 ,
564 1408 693 1470 sequeus
716 1391 873 1453 mirabitur
895 1399 993 1472 aetas,

180 1478 214 1539 ln
238 1496 366 1558 qnorum
388 1479 510 1559 plausus
532 1486 594 1541 tota
616 1478 732 1541 theatra
756 1487 880 1541 sonant.

137 1566 184 1627 Tu
207 1585 326 1646 quoque
349 1585 403 1647 per
426 1568 535 1628 durum
557 1575 674 1629 servato
697 1575 814 1647 tempus
837 1569 931 1629 amico

89 1667 123 1716 ao
182 1654 293 1734 Dignus
318 1673 350 1716 es
372 1657 404 1716 in
427 1658 517 1717 tantis
540 1673 649 1717 nomen
671 1655 781 1717 habere
807 1657 893 1717 viris.

136 1742 249 1823 Dignus
272 1761 322 1824 es,
346 1750 394 1825 et,
417 1745 557 1823 quoniam
575 1743 693 1806 laudem
715 1746 825 1824 pietate
848 1744 990 1826 mereris,
1014 1754 1057 1806 (⁵⁷)

180 1831 246 1893 Nou
269 1833 327 1893 erit
350 1832 441 1902 oiiicii
463 1833 557 1911 gratia
580 1832 671 1893 surda
693 1835 755 1896 tui.

138 1918 232 1981 Crede
256 1919 350 2000 mihi,
374 1929 511 1982 nostrum
534 1923 560 1980 si
582 1939 644 1982 non
666 1920 790 1982 mortale
814 1921 949 1983 futurum
972 1929 1017 1982 est

181 2007 329 2089 Carmen,
352 2010 384 2069 in
407 2026 458 2070 ore
483 2009 626 2088 frequens
648 2011 832 2089 posteritatis
855 2012 932 2072 eris.

87 2107 121 2156 35
136 2095 195 2157 Fac
218 2096 305 2158 modo
328 2114 503 2176 permaneas
526 2096 626 2178 lasso,
649 2096 815 2179 Graecina,
837 2097 951 2180 fidelis,

181 2183 275 2254 buret
298 2188 382 2246 etin
405 2184 508 2265 longas
530 2186 661 2266 impetus
683 2188 740 2247 iste
764 2204 879 2248 moras.

137 2272 219 2345 Quae
242 2280 276 2333 tu
299 2289 367 2334 cum
389 2281 524 2354 praestes
537 2290 547 2354 ,
569 2291 653 2335 remo
676 2283 775 2335 tamen
798 2282 867 2336 utor
889 2277 921 2336 in
945 2292 1034 2356 aura,

180 2359 242 2422 Nec
264 2368 354 2423 nocet
376 2360 504 2422 admisso
528 2361 657 2425 subdere
680 2362 777 2426 calcar
800 2380 897 2443 equo.

391 2650 396 2659 .
513 2554 590 2631 vn

135 2713 210 2774 Esse
234 2711 393 2774 salutatum
415 2712 478 2774 vult
500 2721 531 2775 te
554 2732 620 2777 mea
641 2715 740 2779 littera
762 2716 892 2793 primum

180 2802 204 2863 A
227 2801 303 2863 mab
326 2803 461 2881 pacatis,
483 2802 602 2884 Attice,
625 2805 715 2866 missa
739 2802 839 2865 Getis.

135 2891 274 2952 Proxima
297 2889 514 2972 subsequitur,
536 2892 607 2970 quid
631 2910 700 2971 agas
712 2937 721 2971 ,
745 2891 848 2953 audire
870 2890 1025 2971 voluptas,

179 2977 218 3040 Et
241 2980 289 3059 si,
313 2977 457 3058 quidquid
480 2980 563 3060 agis,
586 2981 626 3040 sit
648 2980 703 3042 tibi
727 2997 798 3041 cura
821 2982 897 3041 mei.

106 3065 197 3128 oNec
220 3065 323 3128 dubito
347 3069 419 3147 quin
442 3069 502 3128 sit.
544 3065 596 3128 sed
626 3085 673 3129 me
702 3075 802 3128 tumor
826 3071 889 3147 ipse
911 3065 1056 3128 malorum

181 3154 275 3235 Saepe
299 3172 499 3236 supervacuos
522 3157 602 3234 cogit
623 3154 734 3218 hahere
756 3164 874 3217 metus.

136 3241 178 3303 lia
201 3245 338 3323 veniam,
362 3261 494 3324 quaeso,
517 3245 669 3323 nimioque
691 3246 812 3323 ignosce
836 3244 954 3304 timori.

179 3330 365 3410 Tranquillas
389 3335 478 3395 etiam
499 3332 662 3413 naufragus
684 3332 788 3393 horret
810 3349 918 3410 aquas.

135 3418 193 3490 Qui
216 3420 308 3481 semel
332 3428 378 3482 est
399 3420 498 3483 laesus
521 3420 616 3483 fallaci
639 3423 731 3502 piscis
754 3419 790 3480 ab
813 3420 918 3502 hamo,

87 3521 120 3572 ιο
180 3506 326 3570 Omnibus
348 3526 426 3570 unca
449 3509 524 3571 cibis
547 3527 615 3572 aera
638 3508 762 3572 subesse
785 3516 886 3589 putat.

135 3596 230 3678 Saepe
253 3613 357 3659 canem
378 3596 466 3677 longe
489 3600 584 3660 visum
608 3598 684 3679 fugit
707 3615 797 3683 agna,
821 3597 982 3679 lupumque
