2467 4042
441 194 501 298 trip
516 233 675 282 erl-eso.
769 246 901 284 mentes
997 228 1059 294 181

119 393 195 454 Nee
220 395 281 454 nisi
301 403 437 456 materna
458 392 615 454 volcanum
638 404 722 474 parte
745 402 897 474 potentem

123 482 275 543 Sentiet.
303 490 461 543 aeternum
484 490 530 543 est
552 500 569 541 a
591 500 640 543 me
663 482 742 561 quod
765 486 878 564 traxit,
901 492 932 545 et
953 501 1060 565 expers

121 570 233 650 Atque
255 572 379 632 inmune
401 572 508 653 neeis,
529 569 670 650 nullaque
693 570 838 632 domabile
860 571 994 635 flamma.

123 657 230 737 quue
254 677 309 738 ego
333 658 509 720 defunctum
531 666 612 720 terra
636 657 814 721 caelestibus
836 661 897 721 orie

37 757 105 808 255
122 746 309 828 Accipiam,
331 748 508 827 cunctisque
531 764 632 809 meum
654 746 789 809 laetabile
812 748 924 810 sactum

123 833 184 895 tiis
210 835 276 896 lore
299 833 437 896 conlido.
466 837 560 914 siquis
583 843 684 897 tamen
705 834 856 918 Hercule,
879 839 972 915 siquis

125 921 228 984 Forte
251 922 307 984 deo
330 922 479 985 doliturus
502 926 561 985 erit
573 971 582 1004 ,
606 924 673 985 data
690 925 822 1004 praemia
844 925 942 1008 nolet,

95 1037 100 1043 ·
128 1009 194 1071 Sed
219 1013 367 1073 meruisse
389 1011 454 1073 dari
476 1014 573 1092 sciet,
595 1014 765 1092 invitusque
788 1011 927 1093 probabit
936 1008 955 1074 .'

131 1099 301 1160 Assensere
324 1099 395 1161 slei.
424 1102 556 1161 coniunx
578 1117 698 1179 quoque
720 1102 803 1180 regia
824 1103 887 1162 risa
910 1111 956 1162 est

47 1199 111 1249 260
130 1187 243 1248 Cetera
266 1205 327 1248 non
350 1185 449 1270 duro,
471 1187 547 1249 duro
570 1194 670 1250 tamen
693 1188 797 1250 ultima
819 1188 903 1251 vultu

131 1274 222 1336 [licta
244 1275 349 1337 tulisse
372 1275 472 1358 loris,
494 1294 587 1356 seque
610 1274 774 1338 indoluisse
797 1285 946 1339 notatam.

131 1363 257 1424 Interea
279 1363 488 1443 quodcumque
511 1366 569 1427 luit
591 1364 760 1445 populabile
782 1365 935 1448 tlammae,

132 1450 283 1514 Mulciber
307 1451 492 1514 abstulerat:
514 1471 571 1515 nec
594 1453 801 1532 cognoscenda
823 1456 966 1515 remansit

131 1537 276 1601 Herculis
298 1540 412 1620 effigies
424 1587 434 1622 ‚
457 1558 516 1602 nee
538 1542 697 1620 qrriequam
726 1540 762 1604 ab
789 1543 917 1621 imagine
940 1543 1062 1606 ductum

55 1638 117 1689 eeu
133 1627 242 1689 Matris
264 1626 355 1689 babet
366 1674 376 1711 ,
399 1635 575 1708 tantumque
598 1628 677 1692 loris
700 1632 824 1710 vestigia
846 1639 961 1694 serrat.

133 1714 237 1795 thue
260 1733 355 1777 novus
378 1733 503 1796 serpens
525 1718 623 1797 posita
645 1736 715 1780 cum
737 1719 813 1798 pelle
838 1729 957 1781 senecta

133 1802 303 1865 Luxuriare
325 1803 423 1887 solet,
446 1823 629 1884 squamaque
651 1808 748 1868 virere
771 1809 904 1869 receuti:

134 1892 189 1953 Sic
211 1890 264 1953 ubl
286 1892 426 1955 mortales
449 1892 622 1973 Tirynthius
645 1895 729 1956 exuit
750 1904 852 1977 artus,

134 1979 226 2042 Parte
250 1982 298 2042 sui
319 1980 443 2043 meliore
465 1983 546 2061 viget
557 2029 567 2064 ‚
590 1985 744 2063 maiorque
766 1983 861 2045 rideri

62 2080 121 2130 eto
136 2068 243 2149 Coepit
265 2076 296 2129 et
317 2076 443 2149 urgusta
464 2070 531 2131 llerl
553 2073 695 2150 gravitate
718 2072 887 2134 verendus.
918 2085 941 2128 r.
955 2083 1062 2131 mort.

136 2156 235 2228 Quem
256 2164 342 2236 pater
364 2160 554 2238 omnipotens
575 2160 656 2221 inter
679 2177 748 2220 aava
770 2160 872 2222 mrbila
895 2168 1013 2242 raptum

138 2242 321 2324 Quadriiupo
345 2264 437 2307 cturu
460 2245 644 2308 radiantibus
667 2248 768 2310 intulit
790 2251 895 2311 astris.

185 2331 285 2394 Sensit
314 2333 396 2396 Atlas
427 2334 567 2413 pondus.
604 2353 702 2415 neque
734 2336 830 2399 adhuc
858 2335 1046 2405 Stheneleius

857 2442 919 2489 rras

141 2507 691 2593 Solveratllurystlreus,o‹li1unque
715 2515 746 2574 in
770 2512 853 2593 prole
876 2522 1033 2593 paternum

71 2610 124 2659 sto
139 2596 306 2660 Exercebat
328 2606 435 2661 atrox.
463 2608 493 2661 at
514 2599 611 2680 longis
635 2603 720 2664 auxia
743 2604 825 2663 curis

140 2685 255 2765 Argolis
273 2685 436 2770 Alcmene,
454 2696 581 2767 qrrestus
602 2687 656 2751 ubi
676 2698 768 2770 ponat
790 2690 901 2774 arbes,

141 2772 415 2841 Curnonium
437 2783 562 2839 testatos
585 2776 658 2838 orbe
681 2777 816 2861 labores,

141 2860 233 2925 Grrlre
256 2880 328 2926 euos
351 2881 463 2946 casus,
483 2862 565 2926 loleu
588 2864 700 2929 babet.
726 2865 864 2929 Herculis
887 2866 967 2929 illam

142 2951 277 3032 imperiis
299 2951 486 3032 &metuoque
509 2955 667 3032 animoque
691 2964 847 3036 receperat
868 2955 989 3037 llyllus,

77 3051 128 3102 teo
141 3038 338 3120 lmpleratque
361 3050 481 3103 uterum
503 3059 649 3121 generoso
673 3046 807 3105 semine.
836 3062 904 3106 cum
928 3046 971 3104 sic

141 3126 249 3207 lneiplt
269 3127 433 3191 Alcmene:
456 3125 584 3192 ‘faveam
606 3130 662 3192 tibi
684 3134 806 3194 numina
829 3132 952 3212 saltem,

143 3214 367 3297 Corripiantque
390 3235 490 3280 morae
511 3225 576 3280 tum
599 3237 668 3281 cum
691 3228 806 3282 matura
828 3219 947 3281 vocabis

142 3302 342 3385 Praepositam
364 3305 476 3369 timidis
498 3306 684 3387 parientibus
706 3307 870 3390 llitlryiam,

144 3393 235 3464 Quam
256 3393 330 3454 mihi
354 3394 504 3456 difficilem
526 3394 649 3459 lunonis
671 3400 766 3476 gratia
789 3397 876 3457 lecit.

83 3491 132 3543 285
144 3479 274 3560 Namque
297 3479 451 3544 laboriferi
474 3501 543 3545 curn
565 3486 624 3545 iarn
647 3485 753 3546 natalis
776 3484 893 3546 adesset
1023 3548 1033 3567 Ι

143 3567 277 3631 lleroulis
301 3577 332 3631 et
354 3570 502 3634 decimum
524 3581 715 3652 premeretur
739 3571 836 3634 sidere
859 3576 994 3653 signum,
