2467 4042
197 221 262 287 262
604 221 803 275 russonum

220 399 271 449 120
330 385 482 448 lleusibus
503 394 631 465 egerunt
652 385 746 447 lustro
768 388 882 447 minore
905 386 1030 450 decem.

287 474 389 536 Annus
412 484 497 556 erat,
521 475 669 550 decimum
692 491 762 535 oum
784 474 853 536 luno
875 486 1035 559 receperat
1061 477 1182 541 orbem:

330 561 387 625 llio
409 581 553 624 uumerus
575 581 681 642 magno
702 570 776 624 tuno
799 564 830 624 lu
852 563 965 625 honore
990 566 1078 647 luit·,

286 649 347 713 Seu
370 653 439 731 quin
462 659 508 712 tot
530 650 637 732 digiti,
659 668 715 731 per
737 669 812 731 quos
834 669 993 714 numerere
1016 654 1173 739 solemus,

331 738 391 800 Seu
414 741 483 818 quio
504 738 666 820 bis-quino
689 739 798 801 lemine
819 757 922 803 mense
944 744 1044 823 parit,

222 838 272 889 125
287 827 346 889 Seu
371 827 450 907 quod
472 827 606 907 adusque
625 827 727 889 decem
746 846 872 890 numero
894 839 1055 892 crescente
1080 836 1200 910 renitor,

320 915 513 996 Principium
536 918 639 996 spatiis
662 919 791 979 sumitur
813 917 883 979 inde
905 920 1007 979 novis.

285 1003 357 1065 lnde
379 1013 480 1084 putres
500 1015 623 1065 eentum
646 1004 739 1066 denos
763 1008 890 1067 secrevit
910 1006 943 1069 in
964 1005 1061 1069 orbes

330 1090 475 1153 Romulus
487 1139 496 1174 ,
519 1092 651 1154 bostutos
673 1095 861 1173 instituitque
884 1093 1005 1176 deeem3

286 1178 324 1241 Et
346 1179 471 1243 totidem
493 1180 655 1261 princeps,
678 1182 801 1242 totidem
823 1180 941 1260 pilanus
962 1182 1098 1246 bebebot

221 1279 272 1331 tto
331 1267 483 1349 Corpora,
506 1267 638 1347 legitimo
663 1271 773 1348 quique
796 1269 928 1331 merebat
950 1288 1049 1350 equo.

286 1356 365 1428 Quin
388 1358 477 1419 etiam
498 1364 599 1436 portes
622 1356 745 1418 totidem
768 1356 950 1420 Titiensibus
972 1358 1044 1440 ille,

330 1444 470 1525 Quosque
494 1452 599 1506 vocent
622 1443 772 1526 Ramnes,
794 1444 1018 1526 Luceribusque
1044 1448 1148 1512 dedit.

286 1532 432 1595 Adsuetus
454 1535 547 1613 igitur
569 1550 711 1594 numeros
734 1536 862 1595 servavit
883 1536 914 1595 in
938 1553 1034 1598 enno.

329 1620 393 1683 lloe
415 1620 497 1699 luget
519 1623 615 1700 spatio
638 1621 747 1682 lemine
769 1630 880 1683 moeste
902 1625 1016 1684 virum.

222 1721 272 1771 135
286 1709 350 1771 Neu
374 1708 514 1790 dubites,
537 1712 651 1790 primae
675 1711 787 1771 luerint
809 1712 881 1790 quin
905 1720 972 1772 ente
995 1711 1152 1776 Kalendae

329 1797 432 1859 llartis
444 1844 453 1879 ,
477 1796 513 1858 ad
534 1797 609 1859 bueo
632 1800 763 1859 animum
784 1801 869 1878 signa
891 1799 1004 1861 reterre
1027 1809 1138 1880 potes.

285 1882 401 1947 Lauren
424 1884 592 1947 lleminibus
615 1903 690 1966 quae
714 1893 776 1949 toto
800 1889 932 1966 perstitit
954 1906 1031 1949 anno
1042 1937 1052 1968 ,

330 1973 479 2055 Tollitur,
501 1983 533 2035 et
555 1973 677 2036 frondes
700 1982 770 2036 sunt
792 1976 824 2036 ln
847 1975 959 2036 bonore
983 1994 1095 2037 novae.

287 2062 377 2124 lanua
399 2071 472 2125 tune
494 2065 574 2142 regis
596 2065 693 2142 posite
716 2065 792 2124 viret
814 2062 921 2124 arbore
944 2062 1077 2126 Phoebi:

221 2162 272 2214 140
330 2152 405 2213 Ante
429 2161 496 2213 tuas
518 2152 552 2212 fit
573 2149 675 2232 idem,
697 2154 781 2213 curia
802 2154 922 2232 prisce,
944 2152 1044 2214 fores.

286 2238 516 2319 Vestalemque
539 2247 574 2300 ut
595 2238 666 2300 lolio
690 2241 783 2301 nitent
805 2239 898 2301 velate
915 2243 1066 2319 ,recentis

331 2328 417 2389 Cedit
438 2327 475 2388 ab
497 2326 594 2389 llioeis
616 2326 717 2388 laurea
740 2334 813 2389 oeno
835 2328 926 2391 loeis.

286 2416 390 2497 lldde,
413 2415 493 2497 quod
515 2432 622 2477 arcena
644 2416 711 2477 fieri
733 2433 827 2479 novus
848 2418 926 2496 ignis
948 2419 980 2477 in
1002 2416 1077 2478 aede

330 2504 468 2586 Dicitur,
492 2513 523 2565 et
544 2505 624 2565 vires
646 2503 762 2565 flumme
785 2505 896 2566 reieetu
918 2507 1013 2585 cepit.

222 2603 272 2653 145
287 2591 348 2654 Ner
372 2592 445 2653 mihi
467 2610 557 2673 parva
579 2592 675 2674 tides,
699 2609 792 2654 annos
814 2592 884 2654 hino
906 2595 965 2654 isse
988 2595 1131 2677 priores,

331 2681 413 2743 Anno
437 2681 516 2760 quod
538 2681 595 2742 boo
619 2688 724 2760 coepte
746 2690 793 2743 est
814 2698 916 2742 mense
938 2681 1075 2743 Perenna
1100 2684 1180 2747 coli.

287 2768 363 2830 Hine
387 2772 476 2832 etiem
499 2778 616 2830 veteres
639 2771 706 2831 initi
728 2777 931 2831 memorentur
953 2770 1083 2832 bonores

331 2855 376 2918 td
399 2860 528 2936 spatium
550 2856 644 2939 belli,
665 2857 778 2938 perfide
801 2857 923 2938 Poene,
945 2858 1008 2921 tui.

287 2944 421 3025 Denique
445 2948 567 3025 quintus
590 2944 628 3005 eb
650 2946 707 3006 boo
730 2946 829 3007 lueret
851 2944 1013 3025 Quintilis,
1036 2952 1068 3008 et
1090 2948 1168 3012 inde

223 3044 273 3095 150
331 3034 439 3113 lucipit
451 3081 461 3115 ,
483 3051 500 3095 e
523 3051 648 3095 numero
671 3036 791 3095 nomine
814 3035 951 3114 quisquis
973 3031 1080 3096 babet.

287 3121 429 3202 Primus,
452 3121 594 3183 oliviferis
616 3121 741 3183 Romam
763 3121 910 3183 deductus
933 3120 969 3183 ab
992 3125 1090 3204 ervis,

331 3209 494 3290 Pompilius
516 3226 635 3271 menses
658 3212 753 3271 sensit
774 3209 878 3271 abesse
901 3209 996 3272 duos:

288 3297 356 3360 Sive
380 3300 436 3360 boo
460 3317 477 3359 a
500 3298 598 3360 Samio
622 3297 729 3359 doetus
741 3346 752 3380 ,
774 3299 826 3378 qui
848 3315 937 3377 posse
959 3300 1076 3361 renasci

332 3385 393 3447 Nos
416 3394 502 3466 putet
514 3434 523 3466 ,
546 3386 653 3464 Egeria
677 3387 739 3447 sire
762 3393 901 3447 monente
925 3404 995 3448 suu.

224 3484 274 3534 155
290 3472 348 3533 Sed
372 3480 471 3535 temen
494 3473 634 3535 errabant
656 3476 745 3534 etiem
767 3492 848 3536 nuno
871 3482 1005 3555 temporo
1017 3522 1027 3554 ,
1050 3473 1155 3541 donee

334 3559 468 3621 Caesaris
490 3563 522 3657 ip
536 3560 646 3622 >multis
668 3560 742 3623 beee
766 3580 884 3642 quoque
908 3581 980 3625 euro
1002 3563 1077 3625 luit.
