2467 4042
211 200 277 267 246
619 201 813 253 resronuu

344 365 448 445 Magos
469 364 531 427 dati
553 367 655 427 nutrix
677 368 806 444 praemia
828 365 913 427 lactis
936 367 1051 431 babet.

301 454 393 533 [Quid
416 463 495 516 vetet
517 454 642 515 Arcadio
666 453 761 515 dictos
784 473 801 514 e
822 463 924 515 monte
948 455 1120 534 lupercos?

345 543 464 605 Faunus
487 545 518 603 in
540 541 666 604 Arcadia
689 542 797 620 templa
819 541 953 622 Lycaeus
976 544 1104 624 habet.]
1169 563 1188 610 u

234 644 286 695 ero
300 631 421 712 Nupta,
443 630 514 710 quid
539 627 704 710 expectas?
727 649 788 692 non
810 638 843 692 tu
867 631 1055 710 pollentibus
1079 635 1178 714 herbis,

344 720 405 781 Nec
428 737 540 799 prece,
563 737 619 780 nec
642 721 755 798 magico
778 722 909 780 carmine
933 728 1035 782 mater
1059 726 1138 786 eris.

301 807 412 888 Excipe
435 806 579 870 iecuudae
601 810 749 887 patienter
771 807 896 869 verbere
918 806 1071 893 dextrae,

344 897 405 958 lom
427 914 513 957 socer
536 903 671 975 optatum
693 912 801 957 nomen
824 895 944 957 babebit
968 901 1037 961 avi.

300 984 374 1048 Nam
397 984 453 1046 iuit
475 984 523 1047 illa
546 983 632 1065 dies,
656 984 729 1046 dura
752 1002 820 1046 com
844 995 924 1047 sorte
948 990 1083 1050 maritae

233 1086 287 1136 tao
345 1072 518 1135 Reddebant
540 1075 619 1134 uteri
642 1075 765 1153 pignora
786 1090 853 1135 rara
876 1075 941 1135 sui.

301 1157 394 1235 ‘Quid
418 1157 506 1223 mihi’
530 1160 674 1224 clamabat
697 1156 835 1240 ‘prodest
857 1163 996 1241 rapuisse
1025 1162 1173 1246 Sabinas,’

346 1250 489 1312 Romulus
512 1283 545 1292 —
569 1249 626 1311 hoc
649 1249 700 1310 iilo
723 1260 841 1328 sceptra
862 1258 985 1313 tenente
1014 1253 1077 1315 iuit
1102 1289 1134 1298 -

302 1339 333 1400 Si
356 1357 422 1400 mee
444 1357 504 1400 non
527 1339 628 1420 vires,
650 1338 703 1400 sed
727 1337 837 1400 bellom
860 1341 970 1401 iniuria
993 1340 1102 1406 iecit?

345 1425 452 1488 Utilius
475 1428 572 1490 lueret
594 1445 654 1489 non
677 1426 816 1488 habuisse
838 1423 968 1488 nurus.'

234 1529 287 1578 435
301 1514 400 1576 Monte
423 1515 478 1578 sub
501 1514 635 1595 Esquilio
658 1516 758 1579 mollis
781 1514 943 1577 incaeduus
966 1521 1062 1580 annis

343 1604 466 1666 lunonis
488 1622 610 1683 magnae
634 1606 752 1666 nomine
775 1604 861 1667 locos
882 1613 965 1666 erat.

210 1709 213 1720 ‘
301 1692 366 1755 lluc
390 1692 441 1754 ubi
464 1702 631 1769 venerunt,
654 1695 766 1773 pariter
788 1701 959 1771 nuptaeque
981 1696 1111 1775 virique

346 1781 525 1861 Suppliciter
548 1784 645 1860 posito
668 1781 855 1860 procubuere
877 1798 974 1859 genu:

301 1869 375 1932 Cum
398 1868 497 1931 subito
520 1879 617 1931 motae
641 1877 791 1930 uemuere
814 1870 967 1930 cacumina
992 1870 1111 1954 silvae,

234 1970 287 2021 440
345 1957 382 2020 Et
405 1958 459 2019 dea
482 1976 536 2038 per
558 1959 642 2021 lucos
665 1960 738 2019 mira
762 1957 860 2019 locuta
882 1975 970 2018 suos.

301 2042 434 2109 ‘ltalidas
456 2040 581 2108 matres'
605 2048 703 2125 inquit
724 2041 826 2107 ‘sacer
848 2044 950 2107 hircus
972 2047 1055 2109 inito
1067 2044 1094 2111 .'

347 2134 498 2215 Obstipuit
520 2134 610 2196 dubio
633 2136 737 2196 territa
760 2134 847 2196 turba
869 2151 961 2194 sono.

300 2225 403 2303 lirgur
426 2233 490 2285 eret
502 2270 511 2305 ,
534 2241 643 2286 nomen
666 2222 761 2302 longis
784 2221 934 2283 intercidit
957 2226 1070 2287 annu:

344 2312 448 2391 Nuper
470 2311 506 2372 ab
529 2310 656 2373 Etrusca
679 2320 801 2373 venerat
822 2310 890 2372 exul
912 2310 1027 2373 bumo.

233 2413 287 2463 445
301 2402 352 2463 llle
376 2417 498 2481 caprum
521 2407 651 2461 mactat:
683 2401 780 2460 iussae
805 2418 858 2461 sue
879 2407 963 2477 terga
988 2401 1119 2479 puellae

345 2489 475 2551 Pellibus
498 2490 626 2549 exsectis
649 2486 840 2567 percutiende
864 2486 989 2549 dabant.

300 2578 383 2640 Luna
405 2576 576 2639 resumebat
598 2576 713 2638 decimo
735 2594 810 2637 nove
832 2594 944 2637 cornua
966 2586 1080 2660 motu,
1183 2595 1198 2630 u

347 2666 453 2747 Virque
477 2673 562 2746 pater
585 2665 685 2727 subito
708 2673 859 2745 nuptaque
881 2671 976 2726 mater
1001 2677 1098 2730 erat.

302 2755 401 2816 Gratia
424 2754 575 2816 Lucinae.
617 2754 699 2815 dedit
721 2753 793 2815 haec
817 2754 870 2816 tibi
893 2754 1016 2816 nomina
1040 2756 1158 2840 lutcus,

233 2855 286 2906 450
344 2843 403 2905 Aut
427 2845 495 2923 quia
518 2844 699 2922 principium
722 2852 776 2923 tu,
799 2843 875 2922 dea,
897 2841 972 2903 lucis
998 2843 1127 2909 babes.

300 2934 416 3013 Parce,
439 2949 569 3013 precor,
591 2932 740 3010 gravidis,
764 2931 857 2993 iacilis
879 2929 1017 3011 Lucina,
1041 2936 1178 3014 puellis,

344 3020 552 3099 blaturumque
575 3029 661 3081 utero
686 3019 812 3081 molliter
834 3018 918 3079 aoier
941 3036 1042 3083 onus.

301 3108 372 3172 Orta
395 3109 459 3170 dies
482 3110 594 3189 suerit,
618 3116 651 3169 to
675 3107 776 3170 desine
799 3107 921 3171 credere
946 3111 1071 3194 veniis3

343 3198 476 3259 Perdidit
499 3197 578 3258 illius
601 3199 743 3277 temporis
766 3214 837 3259 aura
860 3196 966 3257 fidem.

229 3297 281 3349 455
296 3285 428 3348 Flemina
450 3304 511 3346 non
534 3294 692 3366 constant,
714 3294 745 3348 et
767 3304 820 3348 sex
843 3292 974 3346 reserata
999 3287 1128 3354 diebus

346 3374 480 3436 Carceris
503 3373 597 3435 Aeolii
619 3376 707 3435 ianua
729 3374 793 3435 laxa
816 3381 912 3454 patet.

300 3461 361 3521 lam
384 3462 460 3521 lovis
483 3461 601 3539 obliqua
625 3462 759 3524 subsedit
781 3465 920 3543 aquarios
942 3479 1044 3528 urna:

345 3547 500 3608 Proximus
524 3549 672 3611 aetherios
695 3552 821 3632 excipe,
843 3551 959 3631 Piscis,
984 3571 1120 3632 equos,
