2467 4042
391 222 447 288 ΙΙΙ,
468 220 532 284 665
544 254 582 266 -
595 218 668 283 740.

97 374 223 450 Palluit,
244 382 278 435 ut
290 390 381 435 serae
394 373 483 434 lectis
498 374 538 433 de
556 372 617 432 vite
630 371 761 433 racemis

136 459 316 519 Pallescunt
331 458 472 532 frondes,
495 472 572 532 quas
586 471 670 517 nova
682 455 772 517 laesit
784 455 915 533 hiemps,

28 552 82 607 705
93 543 243 619 Quaeque
257 559 334 603 suos
350 548 477 602 curvant
489 548 606 601 matura
622 540 756 618 cydonia
770 556 882 612 ramos,

139 627 305 702 cornaque
318 626 421 686 adhuc
436 623 550 686 nostris
563 639 628 683 non
643 625 718 686 satis
732 633 805 699 apta
822 624 908 685 cibis.

93 712 135 774 Ut
147 711 241 772 rediit
254 709 391 781 animus,
412 716 521 769 tenues
538 724 558 767 a
571 713 698 783 pectore
711 715 817 770 vestes

136 795 278 870 Rumpit,
301 800 333 854 et
345 793 488 868 indignas
503 791 623 852 sauciat
638 806 739 866 ungue
752 807 857 866 genas.

93 880 156 939 Nec
170 894 274 953 mora,
295 892 352 952 per
365 876 484 936 medias
499 874 602 950 passis
617 874 781 936 furibunda
795 875 914 951 capillis

28 972 81 1026 710
132 963 258 1036 Evolat,
282 969 315 1020 ut
328 960 437 1039 thyrso
453 957 573 1020 concita
586 959 725 1032 Baccha,
748 960 828 1020 vias.

92 1048 133 1108 Ut
146 1061 248 1122 prope
263 1051 460 1121 perventum,
484 1042 611 1103 comites
627 1042 656 1102 in
674 1043 753 1103 valle
765 1043 916 1120 relinquit,

136 1131 213 1206 Ipsa
226 1144 337 1189 nemus
350 1127 443 1189 tacito
458 1128 536 1187 clam
551 1127 632 1202 pede
649 1127 736 1187 fortis
752 1127 817 1187 init

92 1214 173 1289 Quid
186 1212 243 1273 tibi
260 1211 370 1273 mends
385 1216 464 1284 erat,
488 1226 557 1272 cum
572 1210 620 1271 sic
633 1211 713 1270 male
727 1227 805 1271 sana
817 1212 938 1283 lateres,

134 1295 265 1357 Procri?
285 1297 355 1372 qrris
370 1295 497 1355 adtoniti
512 1295 648 1369 pectoris
664 1295 758 1354 ardor
772 1300 858 1354 erati

31 1388 79 1445 lle
91 1383 155 1441 Iam
170 1382 233 1442 iam
247 1388 421 1453 venturam,
444 1394 658 1455 quaecumque
673 1380 848 1451 arctatura,
867 1378 996 1453 putabas

136 1464 277 1538 Scilicet,
299 1471 393 1539 atque
406 1463 504 1523 oculis
517 1462 632 1537 probra
644 1461 778 1523 videnda
791 1462 862 1522 tuis.

89 1551 180 1611 Nunc
195 1549 324 1609 venisse
340 1546 456 1623 piget..
477 1547 674 1621 nequeenim
692 1545 885 1620 deprendere
898 1546 1016 1609 velles..

133 1633 224 1693 Nunc
236 1632 331 1692 iuvat
354 1631 487 1690 incertus
502 1637 629 1704 pectora
646 1636 750 1690 versat
763 1643 858 1689 amor.

91 1717 227 1778 credere
241 1730 325 1790 quae
337 1713 475 1785 iubeant,
499 1714 586 1774 locus
601 1720 649 1773 est
663 1719 694 1773 et
707 1728 818 1773 nomen
833 1719 865 1772 et
878 1713 980 1787 index,

26 1810 79 1865 tao
132 1801 170 1862 Et
186 1799 261 1876 quia
275 1813 383 1858 amans
397 1812 521 1872 semper
535 1797 621 1870 quod
635 1797 733 1870 timet,
757 1812 829 1857 esse
843 1805 937 1871 putat.

90 1884 179 1945 Vidit
193 1890 226 1944 ut
242 1896 396 1958 oppressa
409 1881 537 1955 vestigia
551 1880 691 1955 corporis
705 1880 810 1953 herba,

133 1968 300 2029 Pulsantur
313 1965 425 2040 trepidi
439 1965 535 2025 corde
548 1963 679 2025 micante
693 1964 789 2025 sinus.

91 2055 219 2128 Iamque
234 2051 302 2112 dies
316 2049 437 2109 medius
451 2055 559 2109 tenues
574 2055 770 2109 contraxerat
782 2049 917 2124 umbras,

132 2138 232 2211 Inque
247 2134 313 2209 pari
328 2135 428 2209 spatio
444 2148 557 2208 vesper
570 2138 600 2192 et
614 2141 699 2192 onus
715 2142 816 2194 arante

25 2229 76 2284 725
88 2221 186 2294 Ecce,
207 2219 287 2279 redit
303 2217 455 2293 Cephalus
470 2217 571 2291 silvis,
595 2215 733 2295 Cyllenia
747 2218 859 2292 proles,

135 2303 260 2377 Oraque
274 2303 401 2362 tonmna
414 2300 533 2362 fervida
547 2302 651 2375 pulsat
666 2316 757 2376 aqua.

89 2389 196 2449 Anxia
207 2386 327 2458 Procri,
350 2386 435 2445 lates.
461 2385 568 2445 solitas
583 2386 664 2446 iacet
675 2383 728 2445 ille
742 2401 798 2460 per
811 2384 933 2462 herbas,

133 2472 173 2531 Et
186 2470 330 2546 ‘zephyri
345 2470 453 2530 molles
466 2472 615 2543 auraque’
631 2469 710 2529 dixit
722 2470 812 2529 ‘ades
820 2471 841 2529 ε’

89 2557 132 2617 Ut
146 2553 246 2631 patuit
259 2554 389 2614 miserae
403 2552 555 2614 iucundus
569 2551 702 2614 nominis
716 2570 811 2628 error,

26 2647 77 2703 730
130 2640 169 2699 Et
184 2653 272 2697 mens
287 2643 319 2696 et
330 2636 421 2697 rediit
434 2651 526 2697 verus
539 2638 571 2697 in
585 2653 641 2697 ora
655 2639 749 2698 color.

91 2722 212 2798 Surgit,
234 2727 266 2781 et
280 2721 441 2797 oppositas
456 2721 570 2795 agitato
584 2736 717 2796 corpore
730 2722 857 2782 frondes

132 2806 247 2879 Movit,
270 2804 300 2864 in
315 2806 476 2880 amplexus
490 2821 570 2865 uxor
583 2805 662 2865 itura
674 2805 741 2865 viri.

89 2892 145 2952 Ille
161 2891 259 2950 ieram
272 2888 521 2960 movissemus,
543 2889 724 2949 iuvenaliter
741 2897 824 2950 artus

132 2973 279 3049 corripit,
301 2972 333 3032 in
351 2973 460 3034 dextra
473 2974 533 3033 tela
547 2973 633 3034 inere
646 2990 748 3033 manu.
842 2984 844 2989 ·

24 3067 75 3124 7³⁶
87 3058 169 3135 Quid
183 3057 277 3131 iacis,
298 3056 426 3116 infelix?
445 3073 507 3117 non
524 3063 572 3117 est
585 3058 666 3130 iera,
690 3059 846 3134 supprime
861 3062 935 3117 tela!

130 3141 184 3202 Me
200 3140 363 3202 miserum!
383 3139 483 3201 iaculo
498 3141 562 3201 lixa
577 3142 680 3217 puella
692 3148 745 3202 tuo
760 3148 817 3202 est.

89 3227 138 3287 ‘Ei
154 3225 228 3285 mihi
237 3229 257 3282 t’
280 3227 450 3285 conclamat
463 3225 571 3286 ‘fixisti
585 3231 694 3300 pectus
708 3231 849 3286 amicum.

131 3309 191 3370 Hic
206 3309 296 3369 locus
310 3325 331 3368 a
344 3308 478 3384 Cephalo
494 3311 624 3370 vulnera
638 3325 761 3386 semper
774 3308 876 3371 habet.

93 3394 172 3456 Ante
187 3392 269 3453 diem
285 3392 413 3466 morior,
435 3393 491 3454 sed
506 3393 589 3453 nulla
601 3394 701 3470 pelice
716 3395 810 3455 laesa.

24 3483 79 3541 ⁷40
130 3478 199 3539 Hoc
214 3476 306 3538 faciet
320 3476 439 3552 positae
452 3483 483 3537 te
497 3475 583 3555 mihi,
603 3484 700 3554 terra,
721 3478 830 3538 levem.

813 3562 868 3625 15*
