2467 4042
207 232 273 300 252
613 232 807 285 rtsronuu

231 412 282 464 666
297 399 417 478 lamque
440 397 492 460 nbi
513 397 652 458 suadebit
673 396 805 477 placidos
832 412 890 458 nox
911 396 1012 457 umida
1037 413 1170 481 somnos,

341 486 434 566 Larga
459 488 611 566 precaturi
635 489 742 547 sumite
765 487 831 546 rina
854 500 960 566 manu,

297 576 335 637 Et
358 571 451 636 ‘bene
475 592 528 635 ros
540 623 549 657 ,
572 573 649 636 bene
673 582 725 654 te,
748 577 868 722 patriapl
883 581 990 706 paterv,
1013 576 1129 654 optime

342 751 436 814 Dicite
460 748 574 813 suffuso
596 766 652 830 per
675 750 751 812 bona
773 679 986 812 verbaaiddrro.

563 890 616 956 23.
638 889 665 955 F
688 887 857 954 TER-N³

299 1016 364 1077 Nox
387 1014 439 1078 ubl
462 1018 635 1099 transierit,
660 1014 746 1077 solito
770 1016 938 1077 celebretur
960 1016 1080 1078 honere

231 1106 285 1168 ’646
342 1104 468 1185 Separat
491 1105 600 1165 indicio
625 1107 676 1184 qul
699 1102 773 1166 deus
796 1120 862 1166 arva
886 1122 960 1165 suo.

300 1195 461 1274 Termine,
485 1197 546 1254 sive
569 1192 644 1273 lapis
657 1242 666 1274 ,
689 1196 750 1254 sire
774 1210 806 1254 es
829 1193 964 1254 defossus
986 1194 1020 1254 in
1046 1212 1123 1273 agro

348 1283 467 1364 Stipes,
491 1280 527 1342 ab
551 1284 681 1360 antiquis
704 1291 736 1343 tu
760 1299 879 1362 quoque
901 1299 1012 1342 numen
1037 1282 1152 1345 habes.

299 1370 341 1432 Te
365 1372 424 1432 dno
448 1371 564 1432 diversa
585 1370 698 1431 domini
721 1388 775 1451 pro
798 1379 882 1449 parte
905 1379 1072 1452 coronant,

345 1458 477 1538 Binaque
500 1468 580 1520 serta
603 1459 658 1519 tibi
681 1459 808 1538 binaque
831 1458 890 1519 liba
911 1458 1034 1521 lerunt.

235 1559 286 1613 646
301 1549 357 1610 Ara
381 1549 432 1609 lit:
455 1548 514 1608 huc
537 1548 636 1626 ignem
660 1555 745 1608 crrrto
769 1547 827 1608 lert
847 1539 960 1608 ru'stiea
983 1555 1069 1610 testu
1181 1562 1207 1609 ro

345 1636 503 1716 Sumptum
526 1635 563 1696 de
585 1636 696 1714 tepidis
715 1637 782 1714 ipsa
804 1635 907 1696 colom
929 1636 1024 1698 iocis.

302 1725 393 1804 Ligna
417 1740 507 1785 senex
531 1724 659 1804 minuit,
683 1727 860 1803 concisaque
884 1727 1035 1786 construit
1059 1734 1148 1810 arte,

346 1812 385 1873 Et
408 1813 500 1873 solida
523 1830 622 1873 ramos
645 1812 735 1891 figere
758 1820 870 1891 pugnat
892 1813 1000 1874 humet

302 1903 377 1963 Tum
402 1904 482 1962 sicco
505 1903 615 1981 primas
638 1903 740 1971 inritat
763 1904 875 1962 cortice
898 1902 1051 1983 llammas3

236 2003 287 2055 666
348 1990 412 2051 Stat
435 2008 510 2069 puer
533 1997 563 2049 et
588 1989 722 2050 manibus
745 1989 802 2050 lata
826 1991 953 2049 canistra
976 1997 1083 2051 tenet.

301 2077 373 2140 lude
398 2079 448 2138 ubi
472 2085 518 2138 ter
541 2077 643 2156 fruges
667 2078 779 2139 medios
802 2079 923 2138 immisit
943 2078 976 2137 in
999 2079 1108 2162 igniS,

346 2167 475 2245 Porrigit
496 2168 607 2227 incisos
630 2167 688 2226 lrlia
709 2180 799 2245 parva
822 2164 919 2227 laros.

302 2255 375 2315 Vina
398 2262 501 2316 tenent
524 2255 595 2315 alii:
628 2252 758 2316 libantur
779 2252 894 2334 singula
917 2254 1066 2336 llammis;

349 2343 511 2424 Spectant,
536 2351 565 2403 et
586 2340 708 2421 linguis·
721 2343 842 2404 renuide
866 2342 953 2404 turba
976 2341 1079 2404 lavet.

237 2444 288 2496 666
303 2430 459 2511 Spargitur
483 2439 514 2492 et
536 2448 623 2493 caeso
645 2435 811 2493 eommunis
831 2428 991 2492 Terminus
1017 2446 1128 2516 agno,

348 2521 408 2580 Nec
431 2523 590 2601 queritur,
614 2520 726 2581 laetans
749 2538 816 2582 rum
839 2520 896 2580 sibi
919 2536 1010 2600 porca
1035 2519 1155 2584 datur.

303 2610 509 2689 Conveniunt,
533 2608 744 2688 celebrantque
767 2608 856 2689 dapes
878 2610 985 2669 ricinia
1010 2609 1170 2691 simplex,

347 2698 384 2758 Et
408 2706 527 2758 cantant
548 2696 674 2778 landes,
697 2694 836 2758 Termine
859 2702 959 2758 sancte
971 2744 981 2777 ,
1006 2705 1105 2762 tuas:

303 2780 365 2847 ‘Tu
391 2786 515 2865 populos
535 2786 688 2866 urbesque
713 2795 743 2847 et
765 2802 854 2865 regna
877 2786 1009 2865 ingentia
1032 2784 1137 2851 mnis:

237 2889 289 2939 666
348 2873 451 2942 Omnis
475 2876 533 2934 erit
555 2877 619 2936 sine
644 2883 672 2936 te
694 2874 841 2954 litigiosus
864 2890 950 2954 ager.

304 2964 388 3026 Nulla
413 2964 467 3023 tibi
491 2963 610 3023 ambitio
635 2973 701 3042 est,
725 2962 805 3024 nullo
830 2964 1034 3043 corrumperis
1058 2980 1168 3048 auro,

349 3051 490 3131 Legitima
515 3054 620 3112 serras
638 3051 750 3113 eredita
773 3068 843 3113 rura
866 3051 944 3113 lide.

306 3141 339 3202 Si
362 3150 393 3202 tu
419 3144 566 3219 signasses
590 3139 660 3201 olim
684 3140 859 3219 Thyreatida
882 3148 1012 3221 terram,

349 3229 479 3310 Corpora
503 3244 563 3290 non
586 3226 646 3289 leto
669 3231 757 3289 missa
780 3236 914 3290 trecenta
936 3226 1060 3310 lorerrt,

238 3330 291 3381 666
306 3316 366 3379 Nec
391 3321 467 3380 iuret
491 3316 657 3397 Otlrrpades
679 3320 828 3397 congestis
851 3317 946 3378 lectus
968 3320 1000 3376 in
1020 3323 1157 3382 armis.

349 3406 374 3466 0
398 3419 541 3485 qnantum
564 3408 676 3485 patriae
700 3408 852 3485 sanguinis
874 3406 923 3466 ille
946 3404 1048 3467 dediti

307 3492 405 3570 Quid,
430 3512 502 3553 nova
527 3511 594 3554 crim
617 3494 724 3555 fierent
745 3491 919 3574 Capitolia?
949 3510 1066 3574 nempe
1100 3497 1208 3559 deoru

350 3579 462 3640 Crrneta
486 3580 546 3641 lovi
570 3585 661 3642 cessit
683 3581 794 3662 turba,
816 3582 974 3662 lorumque
998 3580 1117 3648 dedit.

336 3697 346 3728 Ι
