2467 4042
469 204 501 275 1,
521 210 680 260 seo-oea.
844 225 873 260 ιο
1037 203 1076 268 1‘1

153 374 199 433 dn
224 374 264 433 sit
286 370 365 452 apud
389 388 512 433 manes.
539 370 592 432 sed
616 389 704 450 quam
727 388 788 431 non
810 372 922 431 invenit
936 388 1078 455 usquam,

152 460 229 521 Esse
252 469 340 541 putat
362 478 508 539 nusquam
531 468 621 539 atque
644 462 741 520 animo
764 462 864 539 peiora
887 472 1024 521 veretur.

152 548 277 609 Viderat
297 566 317 610 a
338 551 435 629 patrio
457 548 633 610 redeuntem
657 548 790 627 luppiter
812 547 891 609 illam

152 637 294 699 Flumine
316 645 349 698 et
370 632 401 697 ‘o
423 639 506 716 virgo
528 637 596 697 love
618 637 708 716 digna
731 645 842 712 tuoque
865 636 984 698 beatum

75 737 141 789 ⁶00
155 726 266 787 Nescio
291 741 382 805 quem
405 726 518 786 lactura
540 733 631 806 toro,
654 720 734 805 pete'
755 725 872 785 dixerat
895 722 1026 787 ‘umbras

151 814 292 875 Aliorum
306 832 463 875 nemorum
476 809 496 895 ,'
515 822 547 874 et
559 831 715 875 nemorum
730 822 945 876 monstraverat
959 814 1079 876 umbras

153 899 245 963 ‘Dum
269 902 348 964 calet
370 910 401 963 et
422 903 519 963 medio
543 901 587 963 sol
610 909 659 963 est
680 902 840 963 altissimus
863 903 955 965 orbe.

153 990 270 1063 Quodsi
294 990 357 1051 sola
380 993 467 1052 times
489 990 617 1052 latebras
639 993 752 1051 intrare
775 991 925 1073 terarum,

152 1079 297 1140 Praeside
321 1087 385 1140 tuta
406 1079 463 1140 deo
486 1096 644 1140 nemorum
666 1088 782 1140 secreta
805 1079 937 1160 subibis,

70 1179 137 1231 595
152 1168 220 1229 Neo
241 1167 279 1228 de
301 1166 389 1247 plebe
411 1166 492 1249 deo,
514 1167 567 1228 sed
590 1170 642 1247 qui
665 1168 803 1228 caelestia
826 1186 928 1247 magna

152 1257 283 1336 Sceptra
305 1274 395 1316 manu
417 1264 528 1338 teneo,
550 1257 602 1317 sed
626 1258 678 1336 qui
700 1274 771 1334 vaga
794 1256 915 1317 fulmina
938 1259 1041 1319 mitto.

151 1345 200 1406 Ne
226 1346 294 1423 luge
317 1362 366 1406 me
380 1339 400 1406 l'
423 1344 556 1424 fugiebat
579 1347 681 1406 enim.
708 1348 766 1405 iam
789 1363 897 1424 pascua
921 1344 1035 1407 Lernae

154 1434 338 1512 Consitaque
361 1432 520 1494 arboribus
542 1431 654 1513 Lyrcea
676 1433 839 1512 reliquerat
862 1451 947 1512 arva,

153 1522 234 1584 Cum
257 1522 331 1582 deus
354 1522 476 1582 inducta
494 1521 567 1582 latas
591 1523 715 1600 caligine
739 1532 835 1583 terras

73 1623 138 1674 eoo
152 1610 296 1672 Occuluit
318 1613 475 1689 tenuitque
499 1611 598 1689 lugam
621 1613 778 1691 rapuitque
802 1610 964 1690 pudorem.

151 1700 273 1761 interea
296 1699 411 1759 medios
433 1698 507 1759 luno
531 1698 667 1778 despexit
688 1702 718 1759 in
738 1700 854 1780 Argos,

151 1788 195 1849 Et
220 1790 316 1848 noctis
339 1788 445 1849 laci-em
468 1785 593 1848 nebulas
616 1789 725 1849 iecisse
749 1787 884 1848 volucres

152 1874 220 1937 Sub
245 1876 339 1936 nitido
362 1878 467 1936 mirata
491 1876 561 1958 die,
584 1893 644 1936 uon
667 1876 797 1937 fluminis
820 1876 884 1937 illas

151 1964 254 2043 Esse,
277 1982 333 2025 neo
355 1966 471 2025 umenti
492 1966 589 2025 sensit
611 1964 717 2026 tellure
741 1967 876 2045 remitti,

75 2064 136 2115 eoa
151 2054 252 2130 Atque
280 2071 354 2113 suus
378 2055 508 2113 coniunx
534 2052 587 2113 ubi
615 2056 654 2114 sit
667 2101 676 2134 ,
699 2055 925 2134 circumspicit,
946 2062 981 2114 ut
1004 2071 1078 2132 quae

152 2142 302 2219 Deprensi
327 2142 437 2201 totiens
459 2144 518 2201 iam
541 2150 644 2202 nosset
666 2142 745 2202 furta
768 2144 884 2203 mariti.

152 2230 252 2301 Quem
275 2240 433 2309 postquam
456 2229 537 2290 caelo
560 2247 621 2290 non
642 2232 799 2311 repperit,
822 2227 884 2290 ‘aut
907 2248 962 2310 ego
978 2229 1080 2313 fallor,

153 2319 216 2378 Aut
236 2336 292 2397 ego
317 2314 428 2378 laeder’
452 2321 515 2399 ait,
537 2317 715 2397 delapsaque
739 2318 775 2379 ab
798 2319 917 2379 aethere
942 2337 1057 2380 summo

153 2406 294 2467 Constitit
318 2408 486 2485 interris,
509 2407 692 2486 nebulasque
715 2407 857 2467 recedere
882 2410 984 2468 iussit.

78 2508 137 2558 ⁸10
151 2495 296 2574 Coniugis
320 2494 479 2556 adventum
501 2503 732 2575 praesenserat,
754 2498 844 2574 inque
868 2498 1012 2556 nitentem

153 2584 313 2645 lnacbidos
335 2583 435 2644 rubros
458 2592 623 2644 mutaverat
644 2584 694 2644 ille
716 2586 887 2645 iuvencam.
1004 2597 1027 2641 r.
1040 2597 1079 2639 rx.

152 2672 214 2733 llos
236 2690 357 2751 quoque
381 2672 509 2732 formosa
534 2681 601 2734 est.
630 2676 761 2752 speeiem
789 2667 928 2733 Saturnia
956 2690 1079 2754 vaccae,

153 2762 341 2839 Quamquam
356 2762 468 2840 inrita,
491 2760 598 2839 probat
621 2779 677 2822 nec
692 2780 751 2823 non
765 2770 796 2822 et
810 2765 895 2823 cuius
910 2808 918 2839 ,
937 2770 968 2821 et
983 2762 1061 2822 unde
1070 2811 1079 2845 ,

154 2850 258 2920 Quove
282 2852 323 2909 sit
345 2856 503 2929 armento,
526 2852 588 2911 veri
609 2852 696 2928 quasi
720 2853 820 2912 nescia
843 2852 976 2929 quaerit.

82 2949 138 3000 ⁶15
154 2939 289 3019 luppiter
312 2956 329 2998 o
352 2947 433 3000 terra
455 2941 584 3017 genitam
607 2941 773 3020 mentitur,
796 2947 830 3000 ut
852 2948 956 2999 auctor

153 3026 277 3088 Desinat
300 3028 433 3104 inquiri.
461 3030 537 3106 petit
559 3027 636 3088 banc
659 3028 797 3089 Saturnia
820 3045 947 3089 munus.

154 3115 234 3187 Quid
257 3112 377 3176 iaciat?
400 3115 543 3195 crudele,
567 3135 638 3177 suos
661 3117 797 3178 addicere
821 3133 959 3196 amores;

153 3204 221 3266 Non
244 3205 340 3281 dare,
363 3213 558 3283 suspectum.
585 3205 682 3285 pudor
706 3215 752 3266 est
775 3208 826 3284 qui
840 3204 963 3265 suadeat
980 3204 1078 3283 illinc,

152 3292 231 3355 Hinc
255 3292 408 3353 dissuadet
430 3311 534 3356 aanor.
562 3296 657 3354 victus
681 3294 778 3373 pudor
801 3302 881 3354 esset
904 3311 1021 3354 amore:

83 3394 140 3445 aab
154 3381 215 3442 Sed
234 3381 299 3442 leve
322 3384 348 3441 si
371 3399 480 3443 meroris
503 3384 600 3443 sociae
624 3386 801 3461 generisque
825 3383 943 3460 torique

154 3469 248 3531 Vacca
272 3479 455 3550 negaretur,
477 3479 594 3550 poterat
616 3489 676 3531 non
699 3489 787 3532 vacca
809 3471 919 3535 rideri.

145 3548 270 3620 'Paelice
295 3559 402 3619 donata
424 3575 484 3619 non
506 3562 645 3633 protinus
668 3562 751 3621 exurit
773 3576 892 3620 omnem

115 3658 263 3702 omn.
851 3669 868 3708 e
