2467 4042
426 231 487 298 111,
505 234 664 285 654-727.
769 248 902 285 reurnsua
1008 230 1050 292 65

114 401 247 460 Accessi
269 400 365 460 sacris
387 396 577 474 Baccheaque
601 413 685 456 sacra
707 390 895 473 frequento?

116 484 338 548 ‘Praebuimus
361 480 468 564 longis'
491 483 643 544 Pentheus
667 478 850 562 ‘ambagibus
873 501 960 543 aures
969 479 990 562 ,’

114 576 227 655 lnquit
251 570 299 636 ‘ut
321 575 366 634 ira
389 590 472 633 mora
495 574 573 632 vires
595 570 752 632 absumere
774 580 892 650 posset.

116 663 327 743 Praecipitem
351 661 452 721 famuli
474 662 569 740 rapite
592 660 695 740 bunc,
718 661 907 739 cruciataque
926 659 998 720 diris

40 764 101 815 ⁶06
120 752 264 831 Corpora
287 751 444 810 tormentis
464 748 581 827 Stygiae
605 747 751 808 demittite
774 743 884 808 noeti?

116 840 270 901 Protinus
295 837 462 897 abstractus
485 835 586 896 solidis
609 835 782 914 Tyrrhenus
804 835 929 896 Acoetes

118 927 285 989 Clauditur
307 928 340 986 in
363 928 471 987 tectis:
494 932 525 985 et
547 924 618 985 dum
642 921 773 983 crudelia
794 925 892 984 iussae

118 1017 332 1078 Instrumenta
354 1016 437 1074 neeis
459 1014 633 1090 ferrumque
656 1013 798 1091 ignesque
821 1021 978 1094 parantur,

121 1105 242 1184 Sponte
266 1121 322 1164 sua
344 1104 475 1182 patuisse
499 1101 601 1180 iores,
620 1098 775 1178 lapsasque
798 1099 917 1161 lacertis

47 1205 105 1255 too
121 1193 243 1272 Sponte
266 1208 322 1252 sua
345 1190 420 1251 lama
443 1198 489 1250 est
510 1187 593 1250 nullo
611 1186 743 1248 solvente
767 1197 903 1251 catenas.

170 1281 293 1341 Perstat
310 1278 510 1339 Echionides.
542 1295 599 1338 nec
622 1278 681 1337 iam
698 1274 782 1337 iubet
803 1278 870 1358 ire,
892 1278 944 1338 sed
968 1280 1029 1358 ipse

121 1369 232 1450 Vadit,
255 1366 308 1428 ubi
332 1366 444 1428 electus
467 1364 601 1427 iacienda
624 1364 660 1426 ad
679 1382 763 1426 sacra
785 1363 943 1428 Cithaeron

125 1456 276 1519 Cantibus
298 1465 331 1516 et
352 1454 431 1516 clara
453 1453 649 1516 bacchantum
672 1470 744 1515 voce
768 1451 907 1516 sonabat.

122 1544 167 1606 Ut
189 1546 293 1605 iremit
315 1561 384 1605 acer
406 1561 502 1622 equus
514 1590 524 1624 ‚
547 1560 616 1604 cum
638 1540 762 1603 bellicus
780 1559 849 1603 aere
872 1560 980 1603 cancre

56 1647 110 1697 tou
128 1634 223 1712 Signa
246 1632 328 1693 dedit
349 1630 493 1712 tubicen,
515 1648 691 1711 pugnaeque
715 1632 839 1692 assumit
862 1649 1009 1712 amorem,

125 1720 262 1783 Penthea
284 1723 328 1781 sie
349 1721 428 1781 ictus
450 1719 545 1798 longis
567 1717 729 1780 ululatibus
751 1719 854 1781 aether

129 1811 244 1890 blavit,
269 1817 299 1870 et
321 1807 421 1869 audito
444 1807 572 1870 clamore
595 1809 751 1869 recanduit
772 1809 833 1869 ira.

128 1898 231 1959 Monte
254 1898 319 1958 iere
342 1895 439 1957 medio
463 1904 530 1979 est,
553 1895 740 1975 cingentibus
763 1895 865 1958 ultima
888 1896 986 1979 silvis,

128 1987 230 2048 Purus
252 1984 289 2046 ab
312 1984 468 2045 arboribus
491 1983 661 2066 spectabilis
683 1983 815 2064 undique
837 2004 973 2067 campus.

64 2089 117 2138 '110
130 2073 187 2135 llic
210 2073 304 2135 oculis
324 2073 410 2169 &um
434 2081 607 2134 cernentem
630 2091 714 2134 sacra
735 2075 868 2153 prolanls

131 2163 232 2223 Prima
253 2162 334 2223 videt
346 2208 356 2244 ‚
377 2163 473 2241 prima
495 2170 542 2223 est
562 2163 667 2222 insano
691 2164 806 2223 concita
829 2180 937 2242 cursu,

130 2251 230 2311 Prima
253 2268 342 2311 suum
364 2251 455 2310 misso
476 2248 594 2311 violavit
611 2249 744 2311 Penthea
765 2250 868 2329 thyrso

131 2339 247 2400 blater.
275 2334 339 2418 io,
362 2332 507 2417 geminae'
530 2337 666 2399 clamauit
688 2333 801 2400 ‘adeste
824 2340 959 2400 sorores!

131 2427 183 2488 llle
207 2445 300 2507 aper,
318 2429 349 2486 in
373 2428 483 2487 nostris
506 2435 587 2487 errat
609 2428 661 2505 qui
684 2428 829 2489 maximus
851 2429 947 2509 agris,

69 2529 119 2579 tta
135 2516 188 2576 llle
211 2515 282 2576 mihi
301 2514 453 2576 feriendus
476 2532 548 2593 aper
561 2510 581 2576 .'
608 2516 671 2576 ruit
693 2516 789 2575 omnis
811 2516 842 2576 iu
866 2533 958 2577 uuum

132 2602 232 2665 Turba
241 2604 363 2679 iurens3
378 2610 501 2663 cunctae
511 2608 638 2683 coeunt,
651 2601 860 2682 trepidumque
871 2616 1052 2686 sequuntur,

133 2692 193 2753 lam
210 2691 384 2772 trepidum,
405 2692 464 2752 iam
486 2691 575 2752 verba
597 2694 697 2752 minus
717 2690 843 2753 violenta
865 2691 1052 2772 loquentem,

133 2781 192 2842 lam
214 2798 248 2841 se
271 2779 480 2862 damnantem,
501 2782 560 2840 lam
582 2798 615 2840 se
637 2796 777 2860 peccasse
800 2780 958 2843 latentem.

135 2869 259 2931 Saucius
281 2868 330 2929 ille
354 2877 453 2928 tamen
477 2863 534 2930 ‘ser
553 2886 661 2948 opem,
685 2863 855 2929 matertera'
877 2869 952 2930 dixit

74 2970 122 3020 tau
135 2954 301 3019 ‘Autonoel
325 2963 461 3018 moveant
477 2951 596 3017 'animos
619 2957 775 3018 Actaeonis
798 2956 920 3018 umbrae
931 2954 950 3018 .'

135 3046 183 3106 llla
195 3093 205 3127 ,
228 3047 296 3124 quis
318 3045 470 3126 Actaeon,
493 3047 610 3127 nescit,
633 3044 827 3124 dextramque
849 3048 998 3126 precantis

135 3133 283 3195 munuc:
305 3133 377 3194 lnoo
400 3133 527 3196 lacerata
550 3141 598 3195 est
614 3133 706 3194 altera
728 3142 833 3213 raptu.

135 3222 198 3283 Non
220 3219 311 3282 babet
330 3221 455 3302 infelix,
479 3240 554 3301 quae
576 3224 664 3283 matri
687 3220 824 3284 bracchia
847 3224 965 3305 tendat,

135 3310 250 3371 l'runca
273 3308 325 3371 sed
344 3310 504 3371 ostendens
526 3310 649 3372 deiectis
672 3310 794 3371 vulnera
817 3311 976 3393 membris,

78 3411 124 3462 'tat
137 3396 274 3480 ‘nprce‚
296 3408 392 3459 mater
404 3393 425 3461 l'
449 3401 511 3460 ait.
540 3401 610 3460 visis
634 3397 756 3460 ululavit
777 3400 891 3482 Agaue,

137 3488 272 3567 Collaque
294 3489 434 3567 iactavit,
456 3490 606 3567 movitque
629 3504 684 3567 per
707 3492 775 3549 aera
797 3489 927 3570 crinem3

136 3575 333 3654 inuisumque
356 3584 444 3654 caput
468 3575 566 3654 digitis
590 3575 732 3654 conplexa
755 3579 888 3638 cruentis

105 3687 182 3730 orm.
196 3686 234 3727 11.
823 3682 839 3729 a
