<?xml version="1.0" encoding="UTF-8"?>
<!DOCTYPE html PUBLIC "-//W3C//DTD XHTML 1.0 Transitional//EN"
    "http://www.w3.org/TR/xhtml1/DTD/xhtml1-transitional.dtd">
<html xmlns="http://www.w3.org/1999/xhtml" xml:lang="en" lang="en">
 <head>
  <title>
</title>
<meta http-equiv="Content-Type" content="text/html;charset=utf-8" />
  <meta name='ocr-system' content='tesseract 3.04.00' />
  <meta name='ocr-capabilities' content='ocr_page ocr_carea ocr_par ocr_line ocrx_word'/>
</head>
<body>
  <div class='ocr_page' id='page_1' title='image "./povidiusnaso00ehwagoog_1186.png"; bbox 0 0 2467 4042; ppageno 0'>
   <div class='ocr_carea' id='block_1_1' title="bbox 205 176 804 244">
    <p class='ocr_par' dir='ltr' id='par_1_1' title="bbox 205 176 804 244">
     <span class='ocr_line' id='line_1_1' title="bbox 205 176 804 244; baseline -0.027 0"><span class='ocrx_word' id='word_1_1' title='bbox 205 177 270 244; x_wconf 83' lang='lat'><strong>318</strong></span> <span class='ocrx_word' id='word_1_2' title='bbox 610 176 804 230; x_wconf 74' lang='lat' dir='ltr'><strong>ruscorum</strong></span> 
     </span>
    </p>
   </div>
   <div class='ocr_carea' id='block_1_2' title="bbox 227 340 1201 3594">
    <p class='ocr_par' dir='ltr' id='par_1_2' title="bbox 227 340 1197 2711">
     <span class='ocr_line' id='line_1_2' title="bbox 292 340 1025 424; baseline -0.001 -21"><span class='ocrx_word' id='word_1_3' title='bbox 292 341 357 405; x_wconf 89' lang='lat' dir='ltr'><strong>lbat</strong></span> <span class='ocrx_word' id='word_1_4' title='bbox 369 389 378 424; x_wconf 93' lang='lat'><strong>,</strong></span> <span class='ocrx_word' id='word_1_5' title='bbox 402 349 436 403; x_wconf 93' lang='lat' dir='ltr'><strong>ut</strong></span> <span class='ocrx_word' id='word_1_6' title='bbox 458 340 576 403; x_wconf 80' lang='lat' dir='ltr'><strong>Oceano</strong></span> <span class='ocrx_word' id='word_1_7' title='bbox 600 348 778 420; x_wconf 78' lang='lat' dir='ltr'>quereretur</span> <span class='ocrx_word' id='word_1_8' title='bbox 800 341 876 402; x_wconf 88' lang='lat' dir='ltr'><strong>iacta</strong></span> <span class='ocrx_word' id='word_1_9' title='bbox 900 343 1025 422; x_wconf 72' lang='lat' dir='ltr'><strong>mariti,</strong></span> 
     </span>
     <span class='ocr_line' id='line_1_3' title="bbox 336 427 1009 493; baseline 0.001 -2"><span class='ocrx_word' id='word_1_10' title='bbox 336 429 458 491; x_wconf 82' lang='lat' dir='ltr'><strong>Restitit</strong></span> <span class='ocrx_word' id='word_1_11' title='bbox 480 428 516 491; x_wconf 90' lang='lat' dir='ltr'><strong>ad</strong></span> <span class='ocrx_word' id='word_1_12' title='bbox 540 437 658 490; x_wconf 89' lang='lat' dir='ltr'><strong>nostras</strong></span> <span class='ocrx_word' id='word_1_13' title='bbox 681 430 759 490; x_wconf 85' lang='lat' dir='ltr'><strong>iessa</strong></span> <span class='ocrx_word' id='word_1_14' title='bbox 781 427 882 489; x_wconf 87' lang='lat' dir='ltr'><strong>labore</strong></span> <span class='ocrx_word' id='word_1_15' title='bbox 905 429 1009 493; x_wconf 84' lang='lat' dir='ltr'><strong>fores.</strong></span> 
     </span>
     <span class='ocr_line' id='line_1_4' title="bbox 227 511 1151 597; baseline 0 -17"><span class='ocrx_word' id='word_1_16' title='bbox 227 530 279 580; x_wconf 76' lang='lat' dir='ltr'><strong>tao</strong></span> <span class='ocrx_word' id='word_1_17' title='bbox 293 518 386 590; x_wconf 83' lang='lat' dir='ltr'><strong>Quam</strong></span> <span class='ocrx_word' id='word_1_18' title='bbox 410 516 498 579; x_wconf 90' lang='lat' dir='ltr'><strong>simul</strong></span> <span class='ocrx_word' id='word_1_19' title='bbox 522 518 645 597; x_wconf 79' lang='lat' dir='ltr'>aspexi,</span> <span class='ocrx_word' id='word_1_20' title='bbox 669 511 767 595; x_wconf 77' lang='lat' dir='ltr'><strong>“quid</strong></span> <span class='ocrx_word' id='word_1_21' title='bbox 791 525 841 592; x_wconf 88' lang='lat' dir='ltr'><strong>te,</strong></span> <span class='ocrx_word' id='word_1_22' title='bbox 866 516 1010 578; x_wconf 80' lang='lat' dir='ltr'><strong>Saturnia</strong></span> <span class='ocrx_word' id='word_1_23' title='bbox 1024 513 1068 595; x_wconf 87' lang='lat'><strong>,&#39;’</strong></span> <span class='ocrx_word' id='word_1_24' title='bbox 1095 519 1151 580; x_wconf 84' lang='lat' dir='ltr'><strong>dixi</strong></span> 
     </span>
     <span class='ocr_line' id='line_1_5' title="bbox 337 599 1153 688; baseline 0 -21"><span class='ocrx_word' id='word_1_25' title='bbox 337 599 523 667; x_wconf 68' lang='lat' dir='ltr'><strong>“netolici’&#39;</strong></span> <span class='ocrx_word' id='word_1_26' title='bbox 546 607 692 684; x_wconf 83' lang='lat' dir='ltr'><strong>exponit,</strong></span> <span class='ocrx_word' id='word_1_27' title='bbox 715 623 804 683; x_wconf 87' lang='lat' dir='ltr'><strong>quem</strong></span> <span class='ocrx_word' id='word_1_28' title='bbox 827 613 910 683; x_wconf 86' lang='lat' dir='ltr'><strong>petat</strong></span> <span class='ocrx_word' id='word_1_29' title='bbox 922 652 932 684; x_wconf 91' lang='lat'><strong>,</strong></span> <span class='ocrx_word' id='word_1_30' title='bbox 953 604 1008 666; x_wconf 83' lang='lat' dir='ltr'><strong>iiia</strong></span> <span class='ocrx_word' id='word_1_31' title='bbox 1034 606 1153 688; x_wconf 87' lang='lat' dir='ltr'><strong>iocum,</strong></span> 
     </span>
     <span class='ocr_line' id='line_1_6' title="bbox 292 692 1059 755; baseline 0 0"><span class='ocrx_word' id='word_1_32' title='bbox 292 693 412 755; x_wconf 76' lang='lat' dir='ltr'><strong>Addidit</strong></span> <span class='ocrx_word' id='word_1_33' title='bbox 434 702 465 754; x_wconf 90' lang='lat' dir='ltr'><strong>et</strong></span> <span class='ocrx_word' id='word_1_34' title='bbox 487 711 628 755; x_wconf 89' lang='lat' dir='ltr'><strong>causam.</strong></span> <span class='ocrx_word' id='word_1_35' title='bbox 669 692 768 754; x_wconf 82' lang='lat' dir='ltr'><strong>verbis</strong></span> <span class='ocrx_word' id='word_1_36' title='bbox 791 692 906 754; x_wconf 86' lang='lat' dir='ltr'><strong>solabar</strong></span> <span class='ocrx_word' id='word_1_37' title='bbox 930 696 1059 755; x_wconf 88' lang='lat' dir='ltr'><strong>amicis.</strong></span> 
     </span>
     <span class='ocr_line' id='line_1_7' title="bbox 337 776 1154 861; baseline 0.002 -19"><span class='ocrx_word' id='word_1_38' title='bbox 337 776 460 843; x_wconf 72' lang='lat' dir='ltr'><strong>“Non&#39;&#39;</strong></span> <span class='ocrx_word' id='word_1_39' title='bbox 484 783 582 861; x_wconf 89' lang='lat' dir='ltr'><strong>inquit</strong></span> <span class='ocrx_word' id='word_1_40' title='bbox 604 776 732 842; x_wconf 81' lang='lat' dir='ltr'><strong>“verbis</strong></span> <span class='ocrx_word' id='word_1_41' title='bbox 756 799 828 843; x_wconf 85' lang='lat' dir='ltr'><strong>cura</strong></span> <span class='ocrx_word' id='word_1_42' title='bbox 850 780 973 842; x_wconf 82' lang='lat' dir='ltr'><strong>levanda</strong></span> <span class='ocrx_word' id='word_1_43' title='bbox 997 799 1072 844; x_wconf 83' lang='lat' dir='ltr'><strong>mea</strong></span> <span class='ocrx_word' id='word_1_44' title='bbox 1096 791 1154 844; x_wconf 89' lang='lat' dir='ltr'><strong>est.</strong></span> 
     </span>
     <span class='ocr_line' id='line_1_8' title="bbox 294 868 1022 951; baseline -0.001 -20"><span class='ocrx_word' id='word_1_45' title='bbox 294 870 327 931; x_wconf 89' lang='lat' dir='ltr'><strong>Si</strong></span> <span class='ocrx_word' id='word_1_46' title='bbox 349 878 434 951; x_wconf 90' lang='lat' dir='ltr'><strong>pater</strong></span> <span class='ocrx_word' id='word_1_47' title='bbox 457 879 503 931; x_wconf 93' lang='lat' dir='ltr'><strong>est</strong></span> <span class='ocrx_word' id='word_1_48' title='bbox 525 871 621 932; x_wconf 83' lang='lat' dir='ltr'><strong>iactus</strong></span> <span class='ocrx_word' id='word_1_49' title='bbox 645 868 779 948; x_wconf 85' lang='lat' dir='ltr'><strong>neglecto</strong></span> <span class='ocrx_word' id='word_1_50' title='bbox 802 871 938 948; x_wconf 90' lang='lat' dir='ltr'><strong>coniugis</strong></span> <span class='ocrx_word' id='word_1_51' title='bbox 961 887 1022 930; x_wconf 88' lang='lat' dir='ltr'><strong>usu</strong></span> 
     </span>
     <span class='ocr_line' id='line_1_9' title="bbox 227 957 1100 1039; baseline -0.002 -18"><span class='ocrx_word' id='word_1_52' title='bbox 227 972 279 1021; x_wconf 75' lang='lat'><strong>240</strong></span> <span class='ocrx_word' id='word_1_53' title='bbox 337 959 493 1039; x_wconf 89' lang='lat' dir='ltr'><strong>luppiter,</strong></span> <span class='ocrx_word' id='word_1_54' title='bbox 516 966 547 1018; x_wconf 89' lang='lat' dir='ltr'><strong>et</strong></span> <span class='ocrx_word' id='word_1_55' title='bbox 569 957 650 1018; x_wconf 89' lang='lat' dir='ltr'><strong>solus</strong></span> <span class='ocrx_word' id='word_1_56' title='bbox 673 975 781 1018; x_wconf 89' lang='lat' dir='ltr'><strong>nomen</strong></span> <span class='ocrx_word' id='word_1_57' title='bbox 805 965 967 1035; x_wconf 85' lang='lat' dir='ltr'><strong>utrumque</strong></span> <span class='ocrx_word' id='word_1_58' title='bbox 991 967 1100 1039; x_wconf 86' lang='lat' dir='ltr'><strong>tenet,</strong></span> 
     </span>
     <span class='ocr_line' id='line_1_10' title="bbox 293 1045 1082 1127; baseline -0.003 -18"><span class='ocrx_word' id='word_1_59' title='bbox 293 1046 353 1109; x_wconf 87' lang='lat' dir='ltr'><strong>Cur</strong></span> <span class='ocrx_word' id='word_1_60' title='bbox 376 1065 430 1127; x_wconf 89' lang='lat' dir='ltr'><strong>ego</strong></span> <span class='ocrx_word' id='word_1_61' title='bbox 454 1046 610 1126; x_wconf 78' lang='lat' dir='ltr'><strong>desperem</strong></span> <span class='ocrx_word' id='word_1_62' title='bbox 634 1045 699 1106; x_wconf 88' lang='lat' dir='ltr'><strong>deri</strong></span> <span class='ocrx_word' id='word_1_63' title='bbox 722 1047 786 1106; x_wconf 85' lang='lat' dir='ltr'><strong>sine</strong></span> <span class='ocrx_word' id='word_1_64' title='bbox 810 1046 936 1123; x_wconf 88' lang='lat' dir='ltr'><strong>coniuge</strong></span> <span class='ocrx_word' id='word_1_65' title='bbox 959 1054 1082 1127; x_wconf 88' lang='lat' dir='ltr'><strong>mater,</strong></span> 
     </span>
     <span class='ocr_line' id='line_1_11' title="bbox 336 1132 1092 1214; baseline -0.001 -18"><span class='ocrx_word' id='word_1_66' title='bbox 336 1134 375 1196; x_wconf 83' lang='lat' dir='ltr'><strong>Et</strong></span> <span class='ocrx_word' id='word_1_67' title='bbox 397 1152 503 1214; x_wconf 86' lang='lat' dir='ltr'><strong>parere</strong></span> <span class='ocrx_word' id='word_1_68' title='bbox 525 1135 659 1213; x_wconf 81' lang='lat' dir='ltr'><strong>intecto,</strong></span> <span class='ocrx_word' id='word_1_69' title='bbox 682 1133 841 1194; x_wconf 92' lang='lat' dir='ltr'><strong>dummodo</strong></span> <span class='ocrx_word' id='word_1_70' title='bbox 864 1143 968 1213; x_wconf 86' lang='lat' dir='ltr'><strong>casta,</strong></span> <span class='ocrx_word' id='word_1_71' title='bbox 992 1132 1092 1195; x_wconf 76' lang='lat' dir='ltr'><strong>viro?</strong></span> 
     </span>
     <span class='ocr_line' id='line_1_12' title="bbox 293 1221 1009 1302; baseline -0.004 -17"><span class='ocrx_word' id='word_1_72' title='bbox 293 1223 397 1285; x_wconf 85' lang='lat' dir='ltr'><strong>Omnia</strong></span> <span class='ocrx_word' id='word_1_73' title='bbox 421 1221 570 1302; x_wconf 80' lang='lat' dir='ltr'><strong>temptabo</strong></span> <span class='ocrx_word' id='word_1_74' title='bbox 592 1221 661 1283; x_wconf 91' lang='lat' dir='ltr'><strong>latis</strong></span> <span class='ocrx_word' id='word_1_75' title='bbox 682 1221 876 1283; x_wconf 88' lang='lat' dir='ltr'><strong>medicamina</strong></span> <span class='ocrx_word' id='word_1_76' title='bbox 899 1224 1009 1301; x_wconf 82' lang='lat' dir='ltr'><strong>terris,</strong></span> 
     </span>
     <span class='ocr_line' id='line_1_13' title="bbox 336 1304 1045 1389; baseline -0.003 -18"><span class='ocrx_word' id='word_1_77' title='bbox 336 1310 375 1372; x_wconf 85' lang='lat' dir='ltr'><strong>Et</strong></span> <span class='ocrx_word' id='word_1_78' title='bbox 397 1311 472 1372; x_wconf 86' lang='lat' dir='ltr'><strong>ireta</strong></span> <span class='ocrx_word' id='word_1_79' title='bbox 496 1310 654 1371; x_wconf 81' lang='lat' dir='ltr'><strong>Tartareos</strong></span> <span class='ocrx_word' id='word_1_80' title='bbox 677 1313 885 1389; x_wconf 83' lang='lat' dir='ltr'><strong>excutiamque</strong></span> <span class='ocrx_word' id='word_1_81' title='bbox 908 1304 1045 1370; x_wconf 89' lang='lat' dir='ltr'><strong>sinus.&#39;’</strong></span> 
     </span>
     <span class='ocr_line' id='line_1_14' title="bbox 227 1396 1151 1461; baseline -0.003 -1"><span class='ocrx_word' id='word_1_82' title='bbox 227 1412 279 1461; x_wconf 78' lang='lat' dir='ltr'><strong>tto</strong></span> <span class='ocrx_word' id='word_1_83' title='bbox 294 1399 355 1461; x_wconf 81' lang='lat' dir='ltr'><strong>Vox</strong></span> <span class='ocrx_word' id='word_1_84' title='bbox 378 1400 496 1460; x_wconf 91' lang='lat' dir='ltr'><strong>eratin</strong></span> <span class='ocrx_word' id='word_1_85' title='bbox 518 1416 633 1460; x_wconf 89' lang='lat' dir='ltr'><strong>cursu:</strong></span> <span class='ocrx_word' id='word_1_86' title='bbox 665 1397 777 1459; x_wconf 82' lang='lat' dir='ltr'><strong>voltum</strong></span> <span class='ocrx_word' id='word_1_87' title='bbox 801 1397 963 1458; x_wconf 79' lang='lat' dir='ltr'><strong>dubitantis</strong></span> <span class='ocrx_word' id='word_1_88' title='bbox 987 1396 1151 1460; x_wconf 79' lang='lat' dir='ltr'><strong>trahebam.</strong></span> 
     </span>
     <span class='ocr_line' id='line_1_15' title="bbox 248 1481 1124 1570; baseline 0.001 -22"><span class='ocrx_word' id='word_1_89' title='bbox 248 1566 250 1570; x_wconf 68' lang='lat'><strong>,</strong></span> <span class='ocrx_word' id='word_1_90' title='bbox 338 1482 471 1548; x_wconf 80' lang='lat' dir='ltr'><strong>“Nescio</strong></span> <span class='ocrx_word' id='word_1_91' title='bbox 495 1486 589 1567; x_wconf 92' lang='lat' dir='ltr'><strong>quid,</strong></span> <span class='ocrx_word' id='word_1_92' title='bbox 612 1486 762 1567; x_wconf 79' lang='lat' dir='ltr'><strong>nymphe,</strong></span> <span class='ocrx_word' id='word_1_93' title='bbox 785 1504 872 1565; x_wconf 88' lang='lat' dir='ltr'><strong>posse</strong></span> <span class='ocrx_word' id='word_1_94' title='bbox 896 1481 1040 1545; x_wconf 88' lang='lat' dir='ltr'><strong>videris’&#39;</strong></span> <span class='ocrx_word' id='word_1_95' title='bbox 1065 1491 1124 1549; x_wconf 85' lang='lat' dir='ltr'><strong>ait.</strong></span> 
     </span>
     <span class='ocr_line' id='line_1_16' title="bbox 293 1573 1193 1654; baseline -0.008 -17"><span class='ocrx_word' id='word_1_96' title='bbox 293 1576 352 1637; x_wconf 83' lang='lat' dir='ltr'><strong>Ter</strong></span> <span class='ocrx_word' id='word_1_97' title='bbox 374 1576 454 1636; x_wconf 82' lang='lat' dir='ltr'><strong>volui</strong></span> <span class='ocrx_word' id='word_1_98' title='bbox 476 1577 650 1654; x_wconf 80' lang='lat' dir='ltr'><strong>promittere</strong></span> <span class='ocrx_word' id='word_1_99' title='bbox 674 1592 782 1654; x_wconf 90' lang='lat' dir='ltr'><strong>opem,</strong></span> <span class='ocrx_word' id='word_1_100' title='bbox 810 1582 856 1635; x_wconf 90' lang='lat' dir='ltr'><strong>ter</strong></span> <span class='ocrx_word' id='word_1_101' title='bbox 884 1573 985 1650; x_wconf 86' lang='lat' dir='ltr'><strong>lingua</strong></span> <span class='ocrx_word' id='word_1_102' title='bbox 1014 1584 1135 1636; x_wconf 69' lang='lat' dir='ltr'><strong>retorem</strong></span> <span class='ocrx_word' id='word_1_103' title='bbox 1154 1586 1193 1634; x_wconf 77' lang='lat' dir='ltr'><strong>ed:</strong></span> 
     </span>
     <span class='ocr_line' id='line_1_17' title="bbox 337 1663 961 1742; baseline -0.005 -18"><span class='ocrx_word' id='word_1_104' title='bbox 337 1663 383 1724; x_wconf 91' lang='lat' dir='ltr'><strong>lra</strong></span> <span class='ocrx_word' id='word_1_105' title='bbox 406 1663 483 1724; x_wconf 90' lang='lat' dir='ltr'><strong>lovis</strong></span> <span class='ocrx_word' id='word_1_106' title='bbox 506 1665 604 1742; x_wconf 89' lang='lat' dir='ltr'><strong>magni</strong></span> <span class='ocrx_word' id='word_1_107' title='bbox 629 1680 717 1723; x_wconf 88' lang='lat' dir='ltr'><strong>causa</strong></span> <span class='ocrx_word' id='word_1_108' title='bbox 740 1664 855 1722; x_wconf 88' lang='lat' dir='ltr'><strong>timoris</strong></span> <span class='ocrx_word' id='word_1_109' title='bbox 879 1668 961 1721; x_wconf 86' lang='lat' dir='ltr'><strong>erat.</strong></span> 
     </span>
     <span class='ocr_line' id='line_1_18' title="bbox 294 1743 1194 1831; baseline 0.003 -20"><span class='ocrx_word' id='word_1_110' title='bbox 294 1747 401 1831; x_wconf 73' lang='lat' dir='ltr'><strong>“Fer,</strong></span> <span class='ocrx_word' id='word_1_111' title='bbox 423 1769 552 1831; x_wconf 91' lang='lat' dir='ltr'><strong>precor,</strong></span> <span class='ocrx_word' id='word_1_112' title='bbox 575 1744 762 1811; x_wconf 84' lang='lat' dir='ltr'><strong>auxiliumi&#39;’</strong></span> <span class='ocrx_word' id='word_1_113' title='bbox 787 1749 860 1811; x_wconf 80' lang='lat' dir='ltr'><strong>dixit</strong></span> <span class='ocrx_word' id='word_1_114' title='bbox 884 1743 1066 1814; x_wconf 76' lang='lat' dir='ltr'><strong>“celabitur</strong></span> <span class='ocrx_word' id='word_1_115' title='bbox 1088 1746 1194 1814; x_wconf 58' lang='lat' dir='ltr'><strong>accur*</strong></span> 
     </span>
     <span class='ocr_line' id='line_1_19' title="bbox 227 1838 984 1918; baseline -0.005 -17"><span class='ocrx_word' id='word_1_116' title='bbox 227 1852 279 1901; x_wconf 77' lang='lat'><strong>250</strong></span> <span class='ocrx_word' id='word_1_117' title='bbox 337 1838 376 1900; x_wconf 83' lang='lat' dir='ltr'><strong>Et</strong></span> <span class='ocrx_word' id='word_1_118' title='bbox 399 1838 516 1918; x_wconf 76' lang='lat' dir='ltr'><strong>Stygiae</strong></span> <span class='ocrx_word' id='word_1_119' title='bbox 540 1856 650 1899; x_wconf 85' lang='lat' dir='ltr'><strong>numen</strong></span> <span class='ocrx_word' id='word_1_120' title='bbox 675 1839 849 1899; x_wconf 85' lang='lat' dir='ltr'><strong>testificatur</strong></span> <span class='ocrx_word' id='word_1_121' title='bbox 872 1854 984 1915; x_wconf 84' lang='lat' dir='ltr'><strong>aquae.</strong></span> 
     </span>
     <span class='ocr_line' id='line_1_20' title="bbox 294 1919 1197 2008; baseline 0.001 -20"><span class='ocrx_word' id='word_1_122' title='bbox 294 1923 408 1999; x_wconf 83' lang='lat' dir='ltr'><strong>“Quod</strong></span> <span class='ocrx_word' id='word_1_123' title='bbox 426 1929 522 2008; x_wconf 89' lang='lat' dir='ltr'><strong>petis,</strong></span> <span class='ocrx_word' id='word_1_124' title='bbox 539 1920 679 1987; x_wconf 85' lang='lat' dir='ltr'><strong>Oleniis’&#39;</strong></span> <span class='ocrx_word' id='word_1_125' title='bbox 699 1929 820 2005; x_wconf 90' lang='lat' dir='ltr'><strong>inquam</strong></span> <span class='ocrx_word' id='word_1_126' title='bbox 839 1919 934 1984; x_wconf 80' lang='lat' dir='ltr'><strong>“mihi</strong></span> <span class='ocrx_word' id='word_1_127' title='bbox 954 1927 1070 1988; x_wconf 85' lang='lat' dir='ltr'><strong>missus</strong></span> <span class='ocrx_word' id='word_1_128' title='bbox 1089 1928 1127 1988; x_wconf 86' lang='lat' dir='ltr'><strong>ab</strong></span> <span class='ocrx_word' id='word_1_129' title='bbox 1144 1932 1197 1988; x_wconf 73' lang='lat' dir='ltr'><strong>ard</strong></span> 
     </span>
     <span class='ocr_line' id='line_1_21' title="bbox 337 2012 1052 2077; baseline 0.004 -3"><span class='ocrx_word' id='word_1_130' title='bbox 337 2014 406 2076; x_wconf 89' lang='lat' dir='ltr'><strong>Flos</strong></span> <span class='ocrx_word' id='word_1_131' title='bbox 430 2014 531 2075; x_wconf 87' lang='lat' dir='ltr'><strong>dabit:</strong></span> <span class='ocrx_word' id='word_1_132' title='bbox 563 2022 610 2075; x_wconf 90' lang='lat' dir='ltr'><strong>est</strong></span> <span class='ocrx_word' id='word_1_133' title='bbox 632 2014 728 2075; x_wconf 88' lang='lat' dir='ltr'><strong>hortis</strong></span> <span class='ocrx_word' id='word_1_134' title='bbox 752 2016 858 2075; x_wconf 88' lang='lat' dir='ltr'><strong>unicus</strong></span> <span class='ocrx_word' id='word_1_135' title='bbox 880 2012 930 2074; x_wconf 90' lang='lat' dir='ltr'><strong>ille</strong></span> <span class='ocrx_word' id='word_1_136' title='bbox 953 2017 1052 2077; x_wconf 86' lang='lat' dir='ltr'><strong>meis.</strong></span> 
     </span>
     <span class='ocr_line' id='line_1_22' title="bbox 294 2097 1187 2184; baseline -0.001 -19"><span class='ocrx_word' id='word_1_137' title='bbox 294 2103 352 2175; x_wconf 85' lang='lat' dir='ltr'><strong>Qui</strong></span> <span class='ocrx_word' id='word_1_138' title='bbox 375 2101 462 2164; x_wconf 83' lang='lat' dir='ltr'><strong>debat</strong></span> <span class='ocrx_word' id='word_1_139' title='bbox 474 2150 485 2184; x_wconf 92' lang='lat'><strong>,</strong></span> <span class='ocrx_word' id='word_1_140' title='bbox 508 2097 645 2163; x_wconf 66' lang='lat' dir='ltr'><strong>“‘hocm</strong></span> <span class='ocrx_word' id='word_1_141' title='bbox 668 2101 742 2163; x_wconf 83' lang='lat' dir='ltr'><strong>dixit</strong></span> <span class='ocrx_word' id='word_1_142' title='bbox 765 2097 938 2162; x_wconf 75' lang='lat' dir='ltr'><strong>“‘sterilem</strong></span> <span class='ocrx_word' id='word_1_143' title='bbox 962 2120 1090 2183; x_wconf 83' lang='lat' dir='ltr'><strong>quoque</strong></span> <span class='ocrx_word' id='word_1_144' title='bbox 1114 2114 1187 2183; x_wconf 73' lang='lat' dir='ltr'><strong>tange</strong></span> 
     </span>
     <span class='ocr_line' id='line_1_23' title="bbox 840 2192 1015 2270; baseline 0 -20"><span class='ocrx_word' id='word_1_145' title='bbox 840 2192 1015 2270; x_wconf 85' lang='lat' dir='ltr'><strong>iuvencam,</strong></span> 
     </span>
     <span class='ocr_line' id='line_1_24' title="bbox 337 2272 1170 2359; baseline 0.002 -19"><span class='ocrx_word' id='word_1_146' title='bbox 337 2278 430 2340; x_wconf 88' lang='lat' dir='ltr'><strong>Mater</strong></span> <span class='ocrx_word' id='word_1_147' title='bbox 454 2272 573 2339; x_wconf 88' lang='lat' dir='ltr'><strong>erit:&#39;&#39;&#39;</strong></span> <span class='ocrx_word' id='word_1_148' title='bbox 606 2279 712 2359; x_wconf 89' lang='lat' dir='ltr'><strong>tetigi,</strong></span> <span class='ocrx_word' id='word_1_149' title='bbox 735 2295 790 2339; x_wconf 91' lang='lat' dir='ltr'><strong>nec</strong></span> <span class='ocrx_word' id='word_1_150' title='bbox 814 2294 894 2338; x_wconf 91' lang='lat' dir='ltr'><strong>mora</strong></span> <span class='ocrx_word' id='word_1_151' title='bbox 907 2322 917 2358; x_wconf 89' lang='lat'><strong>,</strong></span> <span class='ocrx_word' id='word_1_152' title='bbox 940 2285 1041 2339; x_wconf 86' lang='lat' dir='ltr'><strong>mater</strong></span> <span class='ocrx_word' id='word_1_153' title='bbox 1065 2277 1170 2343; x_wconf 90' lang='lat' dir='ltr'><strong>erat.&#39;&#39;</strong></span> 
     </span>
     <span class='ocr_line' id='line_1_25' title="bbox 228 2365 1067 2449; baseline 0 -20"><span class='ocrx_word' id='word_1_154' title='bbox 228 2380 279 2429; x_wconf 72' lang='lat' dir='ltr'><strong>too</strong></span> <span class='ocrx_word' id='word_1_155' title='bbox 294 2367 434 2428; x_wconf 86' lang='lat' dir='ltr'><strong>Protinus</strong></span> <span class='ocrx_word' id='word_1_156' title='bbox 457 2366 629 2428; x_wconf 88' lang='lat' dir='ltr'><strong>haerentem</strong></span> <span class='ocrx_word' id='word_1_157' title='bbox 653 2366 788 2445; x_wconf 89' lang='lat' dir='ltr'><strong>decerpsi</strong></span> <span class='ocrx_word' id='word_1_158' title='bbox 811 2365 916 2445; x_wconf 80' lang='lat' dir='ltr'><strong>pollice</strong></span> <span class='ocrx_word' id='word_1_159' title='bbox 939 2365 1067 2449; x_wconf 83' lang='lat' dir='ltr'><strong>dorom3</strong></span> 
     </span>
     <span class='ocr_line' id='line_1_26' title="bbox 339 2453 992 2535; baseline 0 -21"><span class='ocrx_word' id='word_1_160' title='bbox 339 2454 503 2535; x_wconf 81' lang='lat' dir='ltr'><strong>Tangitur,</strong></span> <span class='ocrx_word' id='word_1_161' title='bbox 527 2462 557 2517; x_wconf 90' lang='lat' dir='ltr'><strong>et</strong></span> <span class='ocrx_word' id='word_1_162' title='bbox 580 2461 659 2515; x_wconf 90' lang='lat' dir='ltr'><strong>tacto</strong></span> <span class='ocrx_word' id='word_1_163' title='bbox 682 2456 812 2533; x_wconf 79' lang='lat' dir='ltr'><strong>concipit</strong></span> <span class='ocrx_word' id='word_1_164' title='bbox 833 2453 883 2514; x_wconf 89' lang='lat' dir='ltr'><strong>iila</strong></span> <span class='ocrx_word' id='word_1_165' title='bbox 906 2455 992 2514; x_wconf 88' lang='lat' dir='ltr'><strong>sinu.</strong></span> 
     </span>
     <span class='ocr_line' id='line_1_27' title="bbox 293 2540 1195 2623; baseline 0.002 -19"><span class='ocrx_word' id='word_1_166' title='bbox 293 2544 413 2622; x_wconf 90' lang='lat' dir='ltr'><strong>lamque</strong></span> <span class='ocrx_word' id='word_1_167' title='bbox 436 2544 533 2622; x_wconf 89' lang='lat' dir='ltr'><strong>gravis</strong></span> <span class='ocrx_word' id='word_1_168' title='bbox 556 2542 693 2603; x_wconf 84' lang='lat' dir='ltr'><strong>Thracen</strong></span> <span class='ocrx_word' id='word_1_169' title='bbox 717 2551 747 2603; x_wconf 89' lang='lat' dir='ltr'><strong>et</strong></span> <span class='ocrx_word' id='word_1_170' title='bbox 769 2540 848 2602; x_wconf 88' lang='lat' dir='ltr'><strong>laeva</strong></span> <span class='ocrx_word' id='word_1_171' title='bbox 870 2541 1074 2620; x_wconf 80' lang='lat' dir='ltr'><strong>Propontidos</strong></span> <span class='ocrx_word' id='word_1_172' title='bbox 1101 2550 1195 2623; x_wconf 77' lang='lat' dir='ltr'><strong>intrat,</strong></span> 
     </span>
     <span class='ocr_line' id='line_1_28' title="bbox 338 2629 1097 2711; baseline 0.004 -19"><span class='ocrx_word' id='word_1_173' title='bbox 338 2630 445 2711; x_wconf 83' lang='lat' dir='ltr'><strong>Fitque</strong></span> <span class='ocrx_word' id='word_1_174' title='bbox 468 2640 575 2710; x_wconf 87' lang='lat' dir='ltr'><strong>potens</strong></span> <span class='ocrx_word' id='word_1_175' title='bbox 598 2633 681 2710; x_wconf 89' lang='lat' dir='ltr'><strong>voti,</strong></span> <span class='ocrx_word' id='word_1_176' title='bbox 704 2629 841 2709; x_wconf 81' lang='lat' dir='ltr'><strong>Marsque</strong></span> <span class='ocrx_word' id='word_1_177' title='bbox 864 2639 983 2690; x_wconf 90' lang='lat' dir='ltr'><strong>creatus</strong></span> <span class='ocrx_word' id='word_1_178' title='bbox 1009 2642 1097 2694; x_wconf 87' lang='lat' dir='ltr'><strong>erat.</strong></span> 
     </span>
    </p>

    <p class='ocr_par' dir='ltr' id='par_1_3' title="bbox 228 2712 1201 3064">
     <span class='ocr_line' id='line_1_29' title="bbox 294 2712 1201 2798; baseline -0.003 -18"><span class='ocrx_word' id='word_1_179' title='bbox 294 2719 351 2791; x_wconf 87' lang='lat' dir='ltr'><strong>Qui</strong></span> <span class='ocrx_word' id='word_1_180' title='bbox 375 2737 488 2780; x_wconf 89' lang='lat' dir='ltr'><strong>memor</strong></span> <span class='ocrx_word' id='word_1_181' title='bbox 511 2721 626 2798; x_wconf 89' lang='lat' dir='ltr'><strong>accepti</strong></span> <span class='ocrx_word' id='word_1_182' title='bbox 648 2736 703 2796; x_wconf 89' lang='lat' dir='ltr'><strong>per</strong></span> <span class='ocrx_word' id='word_1_183' title='bbox 726 2736 773 2778; x_wconf 88' lang='lat' dir='ltr'><strong>me</strong></span> <span class='ocrx_word' id='word_1_184' title='bbox 796 2717 899 2778; x_wconf 89' lang='lat' dir='ltr'><strong>natalis</strong></span> <span class='ocrx_word' id='word_1_185' title='bbox 923 2712 1062 2780; x_wconf 77' lang='lat' dir='ltr'><strong>“habeto</strong></span> <span class='ocrx_word' id='word_1_186' title='bbox 1165 2736 1201 2783; x_wconf 74' lang='lat' dir='ltr'><strong>un</strong></span> 
     </span>
     <span class='ocr_line' id='line_1_30' title="bbox 228 2801 1171 2887; baseline 0.002 -18"><span class='ocrx_word' id='word_1_187' title='bbox 228 2821 280 2872; x_wconf 72' lang='lat' dir='ltr'><strong>utto</strong></span> <span class='ocrx_word' id='word_1_188' title='bbox 338 2807 383 2868; x_wconf 83' lang='lat' dir='ltr'><strong>Tu</strong></span> <span class='ocrx_word' id='word_1_189' title='bbox 406 2826 525 2887; x_wconf 90' lang='lat' dir='ltr'><strong>quoque</strong></span> <span class='ocrx_word' id='word_1_190' title='bbox 548 2801 718 2869; x_wconf 86' lang='lat' dir='ltr'><strong>Romulea&#39;&#39;</strong></span> <span class='ocrx_word' id='word_1_191' title='bbox 742 2805 816 2866; x_wconf 82' lang='lat' dir='ltr'><strong>dixit</strong></span> <span class='ocrx_word' id='word_1_192' title='bbox 839 2801 897 2866; x_wconf 80' lang='lat' dir='ltr'><strong>“in</strong></span> <span class='ocrx_word' id='word_1_193' title='bbox 921 2805 997 2867; x_wconf 87' lang='lat' dir='ltr'><strong>urbe</strong></span> <span class='ocrx_word' id='word_1_194' title='bbox 1022 2805 1171 2871; x_wconf 88' lang='lat' dir='ltr'><strong>iocum.”</strong></span> 
     </span>
     <span class='ocr_line' id='line_1_31' title="bbox 294 2895 1113 2973; baseline 0.004 -17"><span class='ocrx_word' id='word_1_195' title='bbox 294 2895 431 2957; x_wconf 83' lang='lat' dir='ltr'><strong>Forsitan</strong></span> <span class='ocrx_word' id='word_1_196' title='bbox 454 2898 485 2955; x_wconf 94' lang='lat' dir='ltr'><strong>in</strong></span> <span class='ocrx_word' id='word_1_197' title='bbox 509 2898 621 2957; x_wconf 88' lang='lat' dir='ltr'><strong>teneris</strong></span> <span class='ocrx_word' id='word_1_198' title='bbox 645 2902 758 2956; x_wconf 91' lang='lat' dir='ltr'><strong>tantum</strong></span> <span class='ocrx_word' id='word_1_199' title='bbox 781 2911 846 2955; x_wconf 89' lang='lat' dir='ltr'><strong>mea</strong></span> <span class='ocrx_word' id='word_1_200' title='bbox 868 2912 960 2973; x_wconf 88' lang='lat' dir='ltr'><strong>regna</strong></span> <span class='ocrx_word' id='word_1_201' title='bbox 983 2901 1113 2959; x_wconf 89' lang='lat' dir='ltr'><strong>coronis</strong></span> 
     </span>
     <span class='ocr_line' id='line_1_32' title="bbox 337 2980 1104 3064; baseline 0.005 -19"><span class='ocrx_word' id='word_1_202' title='bbox 337 2983 411 3046; x_wconf 85' lang='lat' dir='ltr'><strong>Esse</strong></span> <span class='ocrx_word' id='word_1_203' title='bbox 433 2980 551 3064; x_wconf 77' lang='lat' dir='ltr'><strong>putes?</strong></span> <span class='ocrx_word' id='word_1_204' title='bbox 581 2986 676 3062; x_wconf 87' lang='lat' dir='ltr'><strong>tangit</strong></span> <span class='ocrx_word' id='word_1_205' title='bbox 698 3000 808 3044; x_wconf 91' lang='lat' dir='ltr'><strong>numen</strong></span> <span class='ocrx_word' id='word_1_206' title='bbox 831 2991 862 3043; x_wconf 90' lang='lat' dir='ltr'><strong>et</strong></span> <span class='ocrx_word' id='word_1_207' title='bbox 884 2999 953 3043; x_wconf 85' lang='lat' dir='ltr'><strong>arva</strong></span> <span class='ocrx_word' id='word_1_208' title='bbox 977 3000 1104 3049; x_wconf 86' lang='lat' dir='ltr'><strong>meum.</strong></span> 
     </span>
    </p>

    <p class='ocr_par' dir='ltr' id='par_1_4' title="bbox 228 3070 1199 3594">
     <span class='ocr_line' id='line_1_33' title="bbox 295 3070 1068 3151; baseline 0.003 -17"><span class='ocrx_word' id='word_1_209' title='bbox 295 3072 328 3134; x_wconf 90' lang='lat' dir='ltr'><strong>Si</strong></span> <span class='ocrx_word' id='word_1_210' title='bbox 350 3071 426 3134; x_wconf 90' lang='lat' dir='ltr'><strong>bene</strong></span> <span class='ocrx_word' id='word_1_211' title='bbox 448 3072 605 3133; x_wconf 87' lang='lat' dir='ltr'><strong>floruerint</strong></span> <span class='ocrx_word' id='word_1_212' title='bbox 628 3078 767 3151; x_wconf 79' lang='lat' dir='ltr'><strong>segetes,</strong></span> <span class='ocrx_word' id='word_1_213' title='bbox 791 3072 848 3130; x_wconf 90' lang='lat' dir='ltr'><strong>erit</strong></span> <span class='ocrx_word' id='word_1_214' title='bbox 871 3088 938 3133; x_wconf 88' lang='lat' dir='ltr'><strong>area</strong></span> <span class='ocrx_word' id='word_1_215' title='bbox 962 3070 1068 3136; x_wconf 74' lang='lat' dir='ltr'><strong>divest</strong></span> 
     </span>
     <span class='ocr_line' id='line_1_34' title="bbox 340 3158 1016 3240; baseline -0.004 -18"><span class='ocrx_word' id='word_1_216' title='bbox 340 3160 373 3222; x_wconf 90' lang='lat' dir='ltr'><strong>Si</strong></span> <span class='ocrx_word' id='word_1_217' title='bbox 395 3160 470 3222; x_wconf 87' lang='lat' dir='ltr'><strong>bene</strong></span> <span class='ocrx_word' id='word_1_218' title='bbox 494 3160 631 3221; x_wconf 84' lang='lat' dir='ltr'><strong>floruerit</strong></span> <span class='ocrx_word' id='word_1_219' title='bbox 654 3162 759 3239; x_wconf 84' lang='lat' dir='ltr'><strong>vinea,</strong></span> <span class='ocrx_word' id='word_1_220' title='bbox 781 3158 915 3220; x_wconf 88' lang='lat' dir='ltr'><strong>Bacchus</strong></span> <span class='ocrx_word' id='word_1_221' title='bbox 939 3161 1016 3240; x_wconf 79' lang='lat' dir='ltr'><strong>erit3</strong></span> 
     </span>
     <span class='ocr_line' id='line_1_35' title="bbox 228 3247 1094 3331; baseline -0.001 -20"><span class='ocrx_word' id='word_1_222' title='bbox 228 3262 279 3312; x_wconf 72' lang='lat' dir='ltr'><strong>too</strong></span> <span class='ocrx_word' id='word_1_223' title='bbox 295 3249 327 3310; x_wconf 94' lang='lat' dir='ltr'><strong>Si</strong></span> <span class='ocrx_word' id='word_1_224' title='bbox 349 3249 425 3311; x_wconf 87' lang='lat' dir='ltr'><strong>bene</strong></span> <span class='ocrx_word' id='word_1_225' title='bbox 448 3249 605 3310; x_wconf 85' lang='lat' dir='ltr'><strong>floruerint</strong></span> <span class='ocrx_word' id='word_1_226' title='bbox 628 3247 709 3308; x_wconf 87' lang='lat' dir='ltr'><strong>oleae</strong></span> <span class='ocrx_word' id='word_1_227' title='bbox 721 3293 731 3328; x_wconf 90' lang='lat'><strong>,</strong></span> <span class='ocrx_word' id='word_1_228' title='bbox 754 3247 949 3308; x_wconf 86' lang='lat' dir='ltr'><strong>nitidissimus</strong></span> <span class='ocrx_word' id='word_1_229' title='bbox 971 3264 1094 3331; x_wconf 81' lang='lat' dir='ltr'><strong>aunus3</strong></span> 
     </span>
     <span class='ocr_line' id='line_1_36' title="bbox 337 3334 1123 3417; baseline 0.003 -18"><span class='ocrx_word' id='word_1_230' title='bbox 337 3338 486 3416; x_wconf 89' lang='lat' dir='ltr'><strong>Pomaque</strong></span> <span class='ocrx_word' id='word_1_231' title='bbox 509 3344 684 3417; x_wconf 87' lang='lat' dir='ltr'><strong>proventum</strong></span> <span class='ocrx_word' id='word_1_232' title='bbox 708 3337 850 3415; x_wconf 89' lang='lat' dir='ltr'><strong>temporis</strong></span> <span class='ocrx_word' id='word_1_233' title='bbox 873 3334 962 3396; x_wconf 89' lang='lat' dir='ltr'><strong>huius</strong></span> <span class='ocrx_word' id='word_1_234' title='bbox 984 3334 1123 3401; x_wconf 82' lang='lat' dir='ltr'><strong>habeut.</strong></span> 
     </span>
     <span class='ocr_line' id='line_1_37' title="bbox 293 3422 1199 3508; baseline 0.001 -21"><span class='ocrx_word' id='word_1_235' title='bbox 293 3425 380 3488; x_wconf 83' lang='lat' dir='ltr'><strong>Flore</strong></span> <span class='ocrx_word' id='word_1_236' title='bbox 404 3425 495 3486; x_wconf 87' lang='lat' dir='ltr'><strong>semei</strong></span> <span class='ocrx_word' id='word_1_237' title='bbox 518 3426 597 3487; x_wconf 90' lang='lat' dir='ltr'><strong>laeso</strong></span> <span class='ocrx_word' id='word_1_238' title='bbox 621 3431 750 3505; x_wconf 88' lang='lat' dir='ltr'><strong>pereunt</strong></span> <span class='ocrx_word' id='word_1_239' title='bbox 771 3426 922 3503; x_wconf 80' lang='lat' dir='ltr'><strong>victaeque</strong></span> <span class='ocrx_word' id='word_1_240' title='bbox 945 3422 1119 3508; x_wconf 82' lang='lat' dir='ltr'><strong>iubaeque,</strong></span> <span class='ocrx_word' id='word_1_241' title='bbox 1198 3426 1199 3460; x_wconf 62' lang='lat'>¹</span> 
     </span>
     <span class='ocr_line' id='line_1_38' title="bbox 338 3510 1010 3594; baseline 0.003 -20"><span class='ocrx_word' id='word_1_242' title='bbox 338 3512 377 3574; x_wconf 85' lang='lat' dir='ltr'><strong>Et</strong></span> <span class='ocrx_word' id='word_1_243' title='bbox 398 3521 526 3593; x_wconf 88' lang='lat' dir='ltr'><strong>pereunt</strong></span> <span class='ocrx_word' id='word_1_244' title='bbox 548 3513 661 3594; x_wconf 89' lang='lat' dir='ltr'><strong>lentes,</strong></span> <span class='ocrx_word' id='word_1_245' title='bbox 684 3512 794 3574; x_wconf 89' lang='lat' dir='ltr'><strong>advena</strong></span> <span class='ocrx_word' id='word_1_246' title='bbox 817 3510 899 3592; x_wconf 86' lang='lat' dir='ltr'><strong>Nile,</strong></span> <span class='ocrx_word' id='word_1_247' title='bbox 922 3519 1010 3576; x_wconf 87' lang='lat' dir='ltr'><strong>tuae.</strong></span> 
     </span>
    </p>
   </div>
   <div class='ocr_carea' id='block_1_3' title="bbox 0 0 1240 4042">
    <p class='ocr_par' dir='ltr' id='par_1_5' title="bbox 0 0 1240 4042">
     <span class='ocr_line' id='line_1_39' title="bbox 0 0 1240 4042; baseline 0 0"><span class='ocrx_word' id='word_1_248' title='bbox 0 0 1240 4042; x_wconf 95' lang='lat' dir='ltr'><strong> </strong></span> 
     </span>
    </p>
   </div>
  </div>
 </body>
</html>
