2467 4042
448 251 483 305 Π.
501 262 553 303 1111
567 254 659 303 21--·11
674 253 717 304 57.
1021 248 1085 313 153

167 414 349 493 ingenioque
371 431 462 493 meo,
484 432 559 475 vena
582 413 661 492 quod
684 429 815 492 paupere
837 422 954 495 manat,

209 501 330 563 Plaudis
342 548 352 580 ‚
375 510 407 565 et
428 521 445 561 1
468 504 532 563 rivo
554 500 677 563 flumina
700 518 805 580 magna
827 501 919 562 lacis.

166 589 255 652 Grata
279 590 398 669 quidem
421 598 492 652 sunt
514 589 588 652 haec
611 592 708 651 animo
732 590 871 667 suffragia
892 596 1013 669 nostro,

210 677 265 739 Vix
289 677 346 739 sibi
368 695 437 740 cum
459 680 585 739 miseros
608 695 696 757 posse
718 677 835 757 placere
857 686 963 756 putas.

118 766 244 828 11111111
266 773 366 827 tamen
389 767 421 826 in
442 766 534 828 rebus
558 773 737 846 temptamus
761 767 890 827 carmina
912 767 1028 845 parvis,

210 854 350 916 Materiae
373 854 478 933 gracili
500 854 611 916 sufficit
632 856 802 933 ingenium:

163 941 290 1023 Nuper,
313 950 347 1003 ut
369 942 429 1003 huc
451 945 550 1021 magni
571 944 708 1022 pervenit
730 942 806 1002 iama
829 940 989 1021 triumphi,

210 1031 310 1091 Ausus
332 1049 399 1091 sum
422 1038 520 1091 tantm
543 1048 663 1093 sumere
686 1030 772 1092 molis
794 1047 887 1108 opus.

166 1117 274 1192 Obruit
296 1117 455 1179 audentem
477 1136 579 1181 rerum
602 1120 789 1197 gravitasque
813 1120 970 1198 nitorque,

117 1220 152 1267 11
210 1206 272 1267 Ν11
294 1209 380 1286 potui
403 1208 501 1286 coepti
523 1206 655 1286 pondera
678 1207 757 1268 11111
780 1208 856 1267 mei.

166 1294 230 1355 lllic
254 1312 342 1374 quam
365 1294 468 1356 laudes
480 1341 489 1375 ,
513 1297 571 1356 erit
593 1295 724 1355 officiosa
747 1294 901 1356 1111111111

214 1382 319 1443 Cetera
342 1385 465 1445 matoria
488 1381 639 1444 debilitata
662 1384 777 1444 lacent.

167 1469 226 1540 Qui
249 1473 276 1530 si
298 1471 375 1531 iorte
397 1470 473 1532 liber
496 1479 610 1532 1111111
633 1469 827 1550 pervenitad
850 1487 956 1550 aures,

210 1556 370 1638 Tutelam,
392 1557 521 1639 mando,
545 1560 654 1621 sentiat
675 1558 725 1619 ille
748 1566 844 1619 tuam.

118 1643 230 1706 sotlec
253 1645 309 1706 tibi
331 1646 468 1727 facturo,
491 1647 537 1707 vel
561 1650 587 1706 11
609 1665 670 1708 non
692 1648 756 1726 ipse
779 1662 934 1726 rogarem,

211 1732 341 1795 Accedat
362 1732 501 1796 cumulus
522 1737 616 1814 gratia
638 1744 741 1796 nostra
763 1733 854 1795 levis.
881 1741 883 1746 ’

166 1820 232 1882 Non
257 1840 311 1901 ego
334 1821 518 1903 laudandus,
541 1822 594 1883 sed
617 1832 689 1884 sunt
710 1831 761 1884 tua
783 1829 924 1901 pectora,
947 1820 1086 1885 11111114)

211 1909 249 1970 Et
271 1928 331 1971 non
355 1910 466 1972 calcata
488 1910 658 1972 candidiora
680 1913 765 1972 nive:

167 1996 344 2077 Mirarisqno
367 1998 463 2080 alios,
486 2017 554 2062 cum
578 2001 620 2060 sis
643 1998 786 2060 mirabilis
808 2000 893 2079 ipso,

117 2097 152 2147 4ο
211 2085 273 2147 Ν11
295 2086 407 2149 lateant
429 2095 508 2148 artes
531 2087 742 2167 eloquiumque
765 2096 868 2148 tuum.

168 2173 211 2235 Te
233 2177 375 2236 iuvenum
397 2177 560 2256 princeps,
583 2178 634 2235 cui
656 2174 706 2236 dat
729 2174 885 2235 Germania
907 2191 1033 2252 nomen,

210 2262 388 2342 Participem
412 2262 503 2324 studii
526 2264 634 2325 Caesar
656 2262 766 2323 habere
790 2262 882 2323 solet.

168 2350 214 2412 Tu
238 2369 338 2412 comes
362 2354 526 2431 antiquus,
549 2359 582 2413 tn
606 2353 710 2430 primis
733 2353 853 2412 iunctus
876 2349 912 2411 ab
936 2351 1020 2410 annis

212 2438 334 2518 lngenio
357 2457 456 2501 mores
478 2442 690 2519 aequiperante
714 2439 829 2518 places.

117 2537 152 2589 to
166 2526 209 2588 11
233 2528 349 2589 dicente
373 2530 457 2608 prius
484 2529 518 2589 tit
539 2529 678 2607 protinus
700 2529 829 2605 impetus
852 2526 911 2588 illi:

213 2614 316 2695 Teque
339 2616 450 2696 habet,
474 2616 574 2677 elicias
598 2618 649 2695 qui
672 2634 725 2678 sua
749 2614 837 2675 verba
860 2616 937 2676 tuis.

168 2702 242 2764 (lum
265 2712 298 2764 tu
322 2704 425 2766 desisti
447 2704 642 2783 mortaliaque
665 2721 717 2765 ora
739 2705 902 2784 quierunt,

212 2791 361 2872 Tectaque
385 2811 445 2855 non
468 2793 555 2873 longa
577 2795 750 2856 conticuere
772 2810 875 2872 mora,

170 2880 273 2960 Surgit
295 2880 376 2943 luleo
399 2884 515 2943 iuvenis
538 2885 713 2963 cognomine
737 2880 862 2960 diguus,

118 2979 153 3029 50
212 2967 313 3039 Qualis
337 2968 459 3031 abacis
482 2970 589 3032 lucifer
612 2980 696 3033 ortus
719 2972 822 3049 aquis.

168 3055 304 3133 Dumque
328 3056 420 3118 1111111
442 3057 560 3137 adstat,
587 3066 682 3119 status
710 3065 757 3117 est
783 3055 942 3134 vultusque
966 3052 1088 3132 diserti,

214 3141 363 3221 Spemque
387 3144 497 3205 decens
520 3143 623 3205 doctae
646 3147 728 3204 vocis
751 3145 876 3203 amictus
899 3140 1004 3202 habet.

170 3230 261 3310 Mox,
284 3229 335 3291 uhi
359 3230 443 3309 pulsa
461 3248 544 3292 mora
562 3239 608 3292 est
627 3239 715 3309 atque
738 3247 773 3291 os
792 3228 918 3290 caeleste
941 3228 1087 3310 solutum,

214 3319 277 3379 Hoc
301 3336 427 3397 superos
449 3321 532 3380 iures
554 3336 638 3379 more
661 3317 757 3380 solere
780 3317 879 3398 loqui,

122 3416 156 3469 11
171 3408 268 3487 Atque
292 3403 382 3470 ‘haec
404 3402 465 3469 est’
489 3407 570 3469 dicas
594 3402 746 3469 ‘facundia
768 3408 904 3486 principe
927 3405 1044 3486 digna':

211 3495 338 3575 Eloquio
361 3504 476 3558 tantum
499 3494 661 3557 nobilitatis
683 3498 778 3557 inest.

168 3584 245 3648 Huic
268 3593 302 3647 tu
325 3585 533 3667 complaceas
556 3586 719 3647 111111111
742 3584 839 3647 sidera
862 3593 981 3665 tangas,
