2467 4042
344 242 387 316 ΙΙ,
405 240 459 313 16,
475 241 516 302 38
535 273 571 285 ··
589 238 646 313 18,
662 240 714 302 25.
1007 242 1046 307 41

98 397 144 458 Tu
161 410 289 473 quoque
305 409 367 468 me,
392 408 461 453 mea
475 396 543 467 lux,
567 394 597 453 in
614 393 769 469 quaslibet
781 394 889 469 accipe
905 396 1004 472 legesa

142 481 187 541 Te
203 480 314 542 deceat
327 477 432 538 medio
448 478 515 538 iura
533 478 662 539 dedisse
677 485 756 539 toro.

50 576 89 629 ⁴25
100 567 172 627 Non
188 564 242 624 libi
258 563 373 623 crimen
389 577 460 636 ero,
484 577 542 622 nec
559 579 620 639 quo
636 563 751 624 laetere
765 570 893 624 remoto.

141 649 213 708 Non
228 647 287 708 erit
301 648 351 707 hic
366 646 457 707 nobis
473 646 651 709 infitiandus
666 661 761 707 amor,

99 734 181 795 Sunt
192 732 266 797 mihi
286 748 343 807 pro
359 745 471 800 magno
488 731 589 792 felicia
603 732 739 791 carmina
754 746 865 808 censu,

140 818 182 877 Et
195 816 310 876 multae
326 831 382 892 per
396 830 444 874 me
460 830 573 875 nomen
587 815 705 876 habere
718 815 835 877 volunt.

99 901 183 963 Novi
198 901 351 975 aliquam,
375 915 455 974 quae
470 915 506 960 se
521 900 715 961 circumierat
728 916 801 963 esse
816 901 986 962 Corinnam.

54 997 92 1050 30
146 986 189 1046 Ut
203 985 271 1059 fiat,
294 984 370 1059 quid
384 998 446 1043 non
463 984 515 1044 illa
531 984 659 1045 dedisse
672 984 767 1045 v'elitt

100 1070 167 1131 Sed
181 1084 285 1143 neque
300 1067 417 1128 diversi
431 1067 500 1144 ripa
514 1068 656 1130 labuntur
670 1069 780 1128 eadem

141 1153 287 1229 Frigidus
302 1152 434 1213 Eurotas
451 1152 668 1228 populiferque
682 1152 799 1228 Padus,

98 1239 181 1311 Nec,
205 1236 264 1298 nisi
279 1243 328 1312 tu,
352 1236 467 1298 nostris
484 1236 655 1298 cantabitur
668 1238 729 1296 ulla
745 1237 869 1298 libellis:

142 1321 271 1396 Ingenio
287 1336 402 1381 causas
416 1327 449 1381 tu
464 1321 553 1382 dabis
568 1338 630 1382 una
645 1336 724 1379 meo.

20 1455 70 1551 18
102 1454 246 1549 Carmen
261 1488 301 1548 ad
316 1488 425 1551 iratum
442 1488 517 1547 dum
530 1494 563 1548 tu
577 1488 723 1563 perducis
739 1488 893 1563 Achillen,

142 1573 309 1648 Primaque
323 1571 429 1631 iuratis
445 1571 548 1632 induis
564 1588 648 1631 arma
663 1571 753 1646 viris,

98 1659 183 1732 Nos,
202 1656 323 1730 Macer,
346 1656 459 1731 ignava
470 1656 601 1716 Veneris
620 1672 778 1716 cessamus
794 1656 824 1715 in
840 1655 962 1732 umbra,

143 1742 183 1800 Et
196 1747 285 1800 tener
299 1755 434 1800 ausuros
448 1740 579 1815 grandia
593 1740 706 1815 trangit
719 1742 826 1800 Amor.

70 1825 204 1902 ssaepe
219 1839 309 1883 meae
323 1824 472 1884 ‘tandem’
489 1824 553 1884 dixi
569 1825 724 1884 ‘discede’
744 1826 877 1900 puellaea

142 1911 178 1969 ln
192 1909 311 1984 gremio
326 1908 407 1968 sedit
423 1907 561 1984 protinus
576 1908 628 1968 illa
642 1924 722 1969 meo.

98 1993 204 2069 Saepe
220 1992 342 2067 ‘pudet'
359 1992 432 2052 dixi.
461 1990 594 2053 lacrimis
610 1993 664 2052 vix
678 1993 732 2053 illa
745 1994 871 2054 retentis

141 2077 206 2137 ‘Me
220 2077 382 2149 miseram,
404 2076 465 2137 iam
483 2079 525 2136 te’
542 2077 618 2137 dixit
638 2080 755 2137 ‘amare
770 2078 903 2153 pudeta’

98 2161 316 2237 Implicuitque
331 2175 408 2220 suos
423 2160 537 2220 circum
552 2177 621 2221 mea
636 2162 715 2221 colla
729 2162 876 2238 lacertos,

58 2256 91 2308 lo
142 2246 197 2319 Et,
223 2259 304 2321 quae
318 2259 368 2304 me
383 2244 529 2321 perdunt,
553 2245 662 2306 oscula
675 2246 756 2305 mille
771 2246 864 2307 dedit.

96 2330 233 2402 Videor,
254 2336 286 2389 et
302 2328 457 2404 ingenium
472 2329 603 2404 sumptis
617 2336 781 2391 revocatur
795 2330 833 2390 ab
850 2331 952 2406 armis,

141 2414 272 2487 Resque
287 2413 372 2473 domi
390 2419 494 2487 gcstas
510 2420 540 2473 et
553 2428 623 2474 mea
636 2414 718 2475 bella
732 2430 820 2476 cano.

98 2497 234 2573 Sceptra
247 2503 350 2559 tamen
365 2497 500 2572 sumpsi,
524 2514 662 2574 curaque
675 2500 835 2574 tragoedia
849 2507 956 2563 nostra

142 2580 260 2652 Crevit,
283 2589 314 2642 cl
327 2581 399 2642 huic
415 2583 501 2656 operi
519 2583 687 2658 quamlibet
701 2590 791 2658 aptus
807 2599 900 2644 eram.

58 2676 90 2730 15
99 2665 183 2728 Risit
196 2664 295 2726 Amor
308 2665 485 2741 pallamque
501 2682 599 2727 meam
613 2666 779 2743 pictosque
794 2669 960 2730 cothurnos

140 2748 338 2825 Sceptraque
353 2750 473 2825 privata
486 2757 549 2811 tam
564 2752 624 2811 cito
641 2758 765 2827 sumpta
779 2769 880 2813 manu.

95 2835 177 2895 Hinc
194 2849 323 2910 quoque
337 2850 386 2894 me
401 2834 544 2894 dominae
562 2851 673 2895 numen
690 2835 818 2896 deduxit
832 2837 970 2914 iniquam

140 2919 255 2993 Deque
269 2918 450 2980 cothurnato
466 2925 537 2979 vate
551 2919 717 2996 trIumphat
731 2921 837 2982 Amor.
972 2993 974 2999 ,

96 3002 189 3077 Quod
206 3002 291 3076 licet,
315 3008 367 3063 aul
382 3010 464 3063 artes
478 3004 575 3063 teneri
590 3003 770 3078 profitemur
783 3005 956 3079 Amoris,...

55 3096 88 3149 io
141 3085 181 3146 Ei
198 3086 288 3159 mihi,
312 3088 487 3162 praeceptis
501 3103 616 3163 urgeor
630 3089 700 3164 ipse
714 3089 792 3150 meis
802 3097 841 3148 t...

94 3173 161 3232 Aut
175 3171 263 3247 quod
274 3169 445 3247 Penelopes
459 3172 563 3233 verbis
578 3172 726 3233 reddatur
740 3173 837 3248 Ulixi,

141 3253 313 3317 Scribimus
330 3262 360 3316 et
375 3256 532 3330 lacrimas,
553 3256 653 3335 Phylli
667 3257 787 3332 relicta,
810 3263 893 3318 tuas:

96 3338 191 3413 Quod
205 3338 292 3400 Paris
306 3346 337 3401 et
349 3339 512 3401 Macareus
526 3347 557 3403 et
573 3342 658 3416 quod
673 3341 752 3401 male
767 3349 872 3416 gratus
887 3342 957 3402 Iaso

138 3423 367 3500 Hippolytique
381 3440 494 3499 parens
508 3425 762 3504 Hippolytusque
777 3428 893 3502 legant,

55 3516 87 3569 25
98 3506 257 3582 Quodque
272 3515 382 3570 tenens
398 3508 534 3570 strictum
549 3509 630 3570 Dido
645 3509 829 3571 miserabilis
845 3524 952 3570 ensem
