2467 4042
461 251 517 318 ΠΙ,
535 254 695 306 435-606.
797 267 937 305 cancrosus
1038 248 1080 314 59

67 426 132 478 4⁷0
148 414 259 495 Longa
282 432 366 476 meae
389 423 552 497 superant,
574 416 731 495 primoque
755 416 912 493 extingunt
938 416 970 476 in
992 431 1080 477 aevo.

148 504 219 565 Nec
242 503 316 565 mihi
337 522 420 564 mors
442 506 539 583 gravis
568 512 614 575 est
626 551 636 585 ,
658 505 794 583 posituro
821 509 918 563 morte
946 501 1081 564 dolores:

148 592 235 674 Hic,
258 594 312 672 qui
334 590 488 674 diligitur,
510 591 615 652 vellem
639 589 808 653 diuturnior
831 598 927 653 esset.

149 680 244 742 Nunc
267 679 327 741 duo
351 679 515 741 concordes
537 681 635 740 aninra
656 681 820 740 moriemur
841 682 873 740 in
896 674 985 741 una?

150 769 260 850 Dixit,
284 776 315 830 et
337 767 374 829 ad
397 771 528 848 speciem
549 768 640 829 rediit
662 767 738 828 male
760 784 851 828 sanus
874 766 1015 850 eandem,

75 868 135 919 475
151 857 193 918 Et
216 856 351 917 lacrimis
369 854 500 917 turbavit
522 874 636 937 aquas,
659 853 845 935 obscuraque
868 864 949 917 moto

150 944 285 1007 Reddita
308 946 403 1006 iorma
425 945 491 1006 lacu
514 953 581 1006 est.
614 961 703 1024 quam
726 962 795 1005 cum
817 943 939 1005 vidisset
961 943 1060 1025 abire,

153 1030 238 1105 ‘Quo
258 1029 403 1112 refugis?
424 1051 567 1114 remane,
590 1051 646 1094 nec
668 1050 740 1113 me,
762 1031 913 1114 crudelis,
936 1041 1083 1094 amantem

151 1122 269 1183 Desere
285 1116 306 1183 l'
329 1121 464 1182 clamarit
487 1117 586 1183 ‘liceat
609 1120 689 1201 quod
712 1129 833 1200 tangere
856 1137 917 1181 nou
940 1130 1003 1204 est,

154 1212 303 1290 Aspicere
326 1218 358 1270 et
379 1212 489 1271 misero
510 1207 655 1289 praebere
678 1208 817 1270 alimenta
839 1209 935 1271 furori
944 1204 964 1270 .'

80 1312 139 1362 480
155 1299 297 1377 Dumque
321 1297 423 1380 dolet,
446 1315 560 1359 summa
583 1306 696 1359 vestem
719 1296 834 1358 diduxit
856 1296 892 1358 ab
916 1315 986 1379 ora,

154 1386 304 1466 Nudaque
327 1389 501 1448 marmoreis
523 1389 672 1466 percussit
693 1393 816 1465 pectora
837 1385 959 1466 palmis.

155 1475 286 1536 Pectora
310 1481 468 1536 traxerunt
488 1483 611 1536 tenuem
633 1492 776 1555 percussa
798 1472 959 1556 ruborem,

156 1564 225 1625 Non
248 1562 336 1624 aliter
358 1581 447 1642 quam
468 1580 555 1643 poma
578 1562 696 1644 solent,
719 1580 795 1642 quae
818 1561 942 1624 candida
963 1570 1048 1643 parte

157 1651 248 1713 Parte
272 1649 405 1732 rubent,
428 1660 479 1713 aut
501 1658 535 1713 ut
552 1654 642 1712 variis
665 1650 742 1711 solet
763 1668 820 1712 uva
841 1652 968 1712 racemis

89 1752 145 1803 485
161 1740 279 1801 Ducere
302 1756 510 1821 purpureum,
533 1738 666 1800 nondum
688 1747 825 1820 matura,
847 1739 994 1801 colorem.

159 1828 244 1900 Quae
267 1827 358 1888 simul
380 1830 494 1907 aspexit
511 1828 670 1906 liquefacta
693 1846 799 1888 rursus
821 1829 853 1888 in
875 1826 973 1908 unda,

159 1917 227 1977 Non
249 1915 320 1977 tulit
341 1915 489 1977 ulterius:
512 1915 565 1976 sed
588 1925 623 1977 ut
644 1915 829 1977 intabescere
852 1916 942 1978 llavae

160 2005 234 2084 lgne
257 2003 315 2064 levi
337 2021 423 2065 cerae
446 2007 667 2083 matutinaeque
689 2005 814 2084 pruinae

161 2092 232 2153 Sole
254 2100 375 2172 tepente
399 2092 495 2154 solent
507 2140 517 2174 ‚
539 2094 583 2153 sic
605 2092 782 2155 adtenuatus
804 2110 905 2153 amore

93 2194 148 2243 490
161 2180 303 2259 Liquitur
325 2189 356 2241 et
379 2197 466 2242 caeco
489 2181 630 2260 paulatim
649 2183 782 2261 carpitur
803 2182 882 2260 igni.

162 2269 202 2330 Et
220 2286 317 2347 neque
339 2270 399 2329 iam
421 2268 503 2330 color
526 2277 573 2330 ost
594 2272 687 2330 mixto
711 2269 838 2330 candore
861 2268 983 2350 rubori,

161 2356 226 2419 Nec
247 2359 331 2436 vigor
354 2365 385 2418 et
406 2358 486 2418 utres
508 2364 539 2419 et
561 2375 637 2437 quae
660 2356 748 2418 modo
771 2359 832 2418 risa
855 2356 1028 2439 placebant,

163 2444 226 2507 Nec
249 2462 358 2525 corpus
381 2453 536 2527 remanet,
560 2446 709 2525 quondam
732 2445 811 2525 quod
825 2454 972 2507 amaverat
985 2444 1084 2507 Echo.

165 2533 248 2605 Quae
270 2541 369 2594 tamen
392 2541 427 2594 ut
448 2533 522 2594 vidit
533 2581 543 2615 ‚
566 2536 700 2613 quamvis
721 2536 796 2595 irata
819 2551 1011 2615 memorque,

97 2633 149 2685 teo
163 2621 314 2703 Indoluit,
337 2623 534 2701 quotiensque
556 2641 634 2703 puer
655 2622 833 2683 miserabilis
856 2617 974 2683 ‘cheul'

163 2710 305 2791 Dixerat,
327 2710 401 2771 haec
423 2713 539 2771 resonis
561 2708 688 2771 iterabat
710 2709 832 2771 vocibus
855 2705 973 2772 ‘cheul'

164 2797 297 2877 Cumque
321 2816 392 2859 suos
414 2798 550 2860 manibus
571 2807 764 2879 percusserat
784 2798 833 2860 ille
856 2797 1002 2880 lacertos,

163 2885 244 2947 llaec
266 2904 385 2966 quoque
407 2885 551 2947 reddebat
573 2889 704 2948 sonitum
726 2887 876 2967 plangoris
900 2886 1045 2949 eundem.

163 2974 271 3035 Ultima
293 2993 349 3034 vox
372 2974 489 3036 solitam
510 2976 568 3036 luit
589 2975 663 3036 baec
686 2977 846 3054 spectantis
869 2977 900 3035 in
923 2974 1051 3056 undam,

101 3075 151 3126 500
165 3059 241 3123 ‘lleu
265 3063 377 3124 frustra
400 3063 507 3124 dilecte
530 3081 606 3142 puer
620 3058 640 3124 Ρ
663 3062 847 3142 totidemque
869 3065 986 3124 remisit

164 3149 258 3211 Verba
279 3150 386 3231 locus3
414 3150 552 3230 dictoque
579 3151 643 3212 vale
674 3146 748 3211 ‘vale
762 3146 782 3213 l'
809 3153 907 3231 inquit
934 3160 966 3212 ot
986 3150 1085 3212 Echo.

164 3237 215 3300 llle
239 3246 328 3318 caput
349 3238 437 3300 viridi
459 3240 571 3300 fessum
594 3241 743 3301 summisit
764 3241 795 3300 in
817 3239 927 3321 herba,

165 3326 291 3387 Lumina
314 3345 374 3388 nox
397 3327 504 3389 clausit
526 3328 638 3389 domini
660 3330 798 3389 mirantia
820 3328 962 3389 formam.

164 3415 240 3476 l'um
263 3433 382 3495 quoque
397 3433 451 3497 se,
473 3424 632 3496 postquam
650 3425 697 3477 est
714 3416 831 3477 inferna
844 3415 914 3477 sede
928 3423 1086 3497 receptus,

103 3514 151 3567 too
164 3502 196 3563 ln
221 3502 321 3583 Stygia
344 3503 498 3583 spectabat
520 3522 616 3583 aqua.
644 3504 784 3584 planxere
808 3521 927 3564 sorores

163 3590 271 3653 Naides
294 3599 325 3654 et
347 3599 445 3654 sectos
468 3592 553 3655 tratri
575 3611 703 3672 posuere
727 3591 865 3672 capillos;
