2467 4042
442 223 465 275 1.
484 223 633 276 too-176.

53 398 103 449 tto
161 385 238 448 ans
261 393 362 465 partes
384 385 595 467 hesperiaeque
620 385 724 447 simul.

117 474 176 536 015
199 474 281 536 rides
303 473 430 536 Hecates
452 476 485 535 in
507 482 569 536 tres
592 476 737 535 vertentia
759 483 877 556 partes,
983 552 986 556 ,

162 562 266 625 Servet
288 572 323 625 ut
345 566 376 624 15
400 571 501 624 151555
524 565 653 641 compita
676 569 758 624 secta
780 566 859 624 rias.

116 650 155 712 lit
177 651 249 712 mihi
260 697 271 733 ,
293 669 332 712 ne
354 650 433 713 llexu
457 652 582 713 cervicis
605 659 739 730 tempora
761 651 903 732 perdam,

161 738 289 801 Cernere
313 758 373 801 non
396 748 476 802 moto
499 756 626 818 corpore
648 738 719 800 bina
739 735 842 800 lioet.'

53 839 103 889 145
118 827 256 891 Dixerat:
288 836 319 889 et
340 828 444 911 voltu,
467 830 493 889 51
515 827 600 907 plura
624 829 780 907 requirere
803 826 925 905 sellem,

162 915 315 978 liiliicilem
339 917 413 978 mibi
435 934 468 978 se
490 934 550 977 non
574 916 639 977 lore
662 917 759 978 lassus
781 923 862 977 erat.

118 1004 237 1084 Sumpsi
259 1008 412 1086 animum,
435 1011 593 1083 gratosque
617 1004 673 1066 deo
696 1022 756 1066 non
779 1005 903 1065 territus
927 1003 991 1082 egi,

160 1091 314 1172 Verbaque
337 1112 404 1155 sum
426 1101 566 1172 spectans
588 1103 675 1172 pacta
698 1093 815 1154 locutus
838 1092 979 1153 humum:

117 1177 208 1262 ³⁰50,
231 1200 307 1263 age,
331 1181 492 1261 frigoribus
515 1199 606 1261 quare
630 1200 725 1243 novus
748 1183 853 1260 incipit
875 1196 987 1259 annus,

50 1281 102 1332 151)
161 1268 220 1340 Qui
243 1269 349 1331 melius
371 1289 426 1349 per
448 1287 500 1330 ver
522 1270 710 1350 incipiendus
734 1265 828 1332 erat?

117 1356 316 1419 0155151555
339 1358 447 1419 llorent
459 1402 468 1436 ,
491 1366 563 1418 tunc
586 1366 634 1419 est
657 1376 731 1419 nora
753 1358 898 1437 temporis
921 1364 1020 1417 aetas:

159 1443 198 1505 Et
221 1462 295 1505 nove
318 1444 355 1504 de
378 1445 499 1523 gravido
523 1445 642 1522 palmite
665 1463 780 1525 gemma
804 1452 917 1525 tumet,

115 1530 154 1594 Et
176 1532 263 1592 modo
286 1533 420 1594 formatis
443 1534 578 1611 operitur
601 1532 757 1594 frondibus
780 1532 887 1611 arbor,

160 1620 265 1681 Prodit
288 1623 372 1682 etin
395 1638 543 1682 summum
566 1623 689 1682 seminis
711 1620 804 1682 herba
827 1620 940 1681 solum:

53 1721 103 1771 155
117 1706 157 1770 Et
179 1708 312 1788 tepidum
335 1707 472 1770 volucres
495 1709 691 1771 concentibus
713 1714 782 1771 5515
805 1708 953 1789 mulcent,

161 1795 252 1858 Ludit
274 1805 304 1857 et
327 1799 358 1857 in
381 1800 474 1876 pratis
497 1797 687 1878 luxuriatque
710 1816 820 1877 pecus.

94 1884 193 1946 -Tum
217 1884 317 1946 blandi
340 1885 440 1966 soles,
462 1888 622 1966 ignotaque
644 1887 745 1966 prodit
767 1885 895 1948 hirundo

160 1972 199 2035 Et
221 1973 334 2035 luteum
357 1974 437 2035 55155
460 1973 516 2036 sub
538 1974 623 2037 trabe
646 1976 710 2054 figit
732 1993 825 2054 opus:

116 2062 192 2123 'l'um
215 2065 327 2141 patitur
350 2062 449 2123 cultus
472 2081 541 2143 ager
565 2071 595 2124 et
617 2071 778 2124 renovatur
800 2070 914 2124 aratro.

51 2163 102 2213 155
160 2149 240 2212 Η555
263 2153 332 2212 5551
355 2154 469 2212 novitas
491 2153 557 2212 iure
581 2151 712 2212 vocanda
735 2145 824 2212 luit.'

118 2239 310 2311 Quaesieram
332 2238 456 2301 multis:
487 2258 548 2301 non
571 2239 673 2302 multis
695 2239 745 2301 ille
767 2246 900 2301 moratus

163 2326 295 2389 Contulit
316 2329 347 2388 15
372 2345 475 2389 versus
498 2331 541 2390 sic
564 2346 618 2390 sua
641 2328 731 2389 rerba
753 2327 847 2389 duos:

117 2411 242 2477 ‘Bruma
264 2418 334 2476 5511
356 2419 451 2495 prima
474 2424 542 2496 est,
569 2418 740 2497 veterisque
766 2418 926 2478 novissima
949 2414 1037 2477 solis:

161 2502 344 2583 Principium
367 2508 489 2585 capiunt
511 2504 650 2566 Phoebus
673 2513 704 2567 et
727 2523 821 2567 55555
844 2498 957 2566 idem.'

52 2602 102 2655 155
117 2591 190 2653 Post
211 2610 246 2654 ea
269 2591 420 2674 mirabor,
443 2611 581 2655 551555
604 2595 669 2655 sine
692 2593 796 2656 litibus
819 2601 899 2654 esset

160 2679 259 2742 Prima
282 2681 370 2743 dies.
408 2677 542 2744 ‘causam
564 2678 720 2762 percipel’
756 2682 845 2743 lanus
868 2684 925 2744 511.

117 2764 279 2850 ‘Tempora
302 2773 437 2832 commisi
458 2773 610 2834 nascentia
634 2771 725 2832 rebus
748 2770 888 2853 agendis,

161 2857 254 2920 'lotus
277 2858 315 2921 ab
337 2862 470 2939 auspicio
492 2879 530 2923 ne
554 2862 633 2921 foret
655 2877 751 2922 annus
774 2862 872 2921 iners.

114 2946 247 3026 Quisque
271 2966 341 3009 suas
363 2959 443 3010 artes
465 2949 504 3010 ob
526 2949 607 3010 idem
630 2947 740 3011 delibat
763 2948 894 3028 agendo,

51 3046 102 3097 115
159 3034 221 3095 Ν55
243 3034 311 3114 plus
335 3054 424 3115 55551
446 3037 566 3098 solitum
588 3038 767 3099 testificatur
790 3028 899 3115 opus.'

115 3120 181 3183 lior
205 3140 260 3201 ego
272 3167 282 3203 ,
306 3118 399 3203 ‘cur,
422 3128 556 3203 quimus
578 3124 705 3185 aliorum
727 3124 849 3185 numina
872 3120 1003 3200 placem,

158 3209 251 3292 lane,
273 3209 329 3271 tibi
351 3213 480 3290 primum
502 3220 570 3273 tura
593 3229 769 3292 merumque
792 3205 898 3271 lerol'

116 3293 171 3359 ‘Ut
193 3299 291 3378 possis
314 3299 426 3361 aditum
449 3317 503 3380 per
526 3317 596 3379 me,
620 3302 672 3378 qui
694 3300 794 3360 limina
818 3315 921 3378 serro,

158 3387 203 3448 nd
227 3405 432 3467 quoscumque
455 3383 551 3449 voles'
574 3389 673 3467 inquit
696 3382 821 3448 ‘babere
846 3380 951 3448 deos.'

50 3488 101 3538 115
117 3470 170 3537 ‘At
193 3494 248 3537 cur
271 3476 346 3537 laeta
369 3479 430 3538 tuis
453 3477 594 3537 dicuntur
616 3474 707 3537 rerba
729 3474 884 3555 Kalendis,

158 3562 198 3626 Et
220 3565 326 3627 damus
348 3564 477 3627 alternos
501 3566 723 3644 accipimusque
745 3558 893 3646 preces?'
