2467 4042
374 191 463 258 60
1215 176 1554 233 rmsvrmu

561 358 806 423 Cercius
849 375 882 419 a
924 363 1137 415 summa
1178 356 1394 401 nomen
1440 338 1664 408 habere
1709 358 1887 401 manu
1906 386 1920 400 .

563 448 745 514 Nunc
786 444 1164 510 incorrectum
1206 427 1413 507 populi
1457 430 1732 507 pervenit
1773 430 1836 489 in
1880 446 1985 488 ora
2003 475 2025 508 ,

569 538 642 601 1„
688 535 882 621 populi
921 526 1224 603 quicquam
1271 516 1321 575 si
1369 522 1570 577 tamen
1614 535 1721 577 ore
1765 519 1885 577 mei
1930 525 2030 577 est
2049 562 2070 579 .

474 640 544 691 25
572 628 700 690 11oe
744 630 959 708 quoquo
1002 605 1203 666 nescio
1252 602 1395 682 quid
1441 607 1666 666 nostris
1713 622 1941 683 appone
1985 604 2271 688 libellis,

573 716 809 778 mm
849 702 1083 764 missum
1131 692 1291 771 quod
1338 690 1449 754 tihi
1493 692 1568 753 ab
1614 692 1761 754 orbe
1808 695 1969 753 venit
1984 740 2003 754 .

573 801 740 874 de
789 792 1131 873 quicumque
1186 780 1346 859 leget
1370 826 1390 861 ,
1439 812 1518 824 —
1578 783 1632 842 si
1686 782 1822 860 quis
1875 780 2040 860 leget
2087 813 2182 826 —
2248 785 2400 845 aesti-

1393 876 1517 930 met
1562 877 1698 929 ante
1725 915 1745 949 ,

571 968 954 1051 Conpositum
1000 975 1119 1036 quo
1166 959 1246 1017 sit
1290 966 1561 1037 tempore
1606 975 1845 1036 quoque
1889 956 2026 1018 loco
2048 1004 2066 1018 .

565 1065 794 1139 Aequus
835 1048 949 1110 erit
995 1046 1235 1124 scriptis
1263 1091 1281 1125 ,
1327 1063 1585 1124 quorum
1631 1047 1978 1124 cognoverit
2023 1064 2175 1109 esse

474 1168 542 1218 ,ο
566 1147 809 1211 Exilium
851 1146 1084 1213 tempus
1129 1131 1584 1213 barbariamque
1630 1133 1865 1195 locumt

563 1238 740 1312 Inque
784 1233 872 1287 tot
915 1221 985 1283 ad
994 1223 1179 1282 versis
1226 1239 1468 1283 carmen
1514 1220 1829 1283 mirabitur
1874 1220 2071 1283 ullum

565 1325 781 1387 Ducere
826 1328 921 1374 me
967 1310 1127 1370 tristi
1174 1311 1534 1371 sustinuisse
1581 1328 1760 1371 manu
1779 1356 1794 1369 .

572 1406 861 1487 ingenium
907 1399 1139 1477 fregere
1185 1415 1387 1459 meum
1434 1397 1621 1479 mala,
1666 1399 1846 1469 cuius=
1875 1403 1939 1458 et
1982 1405 2131 1460 ante

568 1503 709 1559 fans
751 1486 1105 1551 infecundus
1149 1503 1447 1565 parvaque
1495 1503 1642 1547 vena
1689 1486 1835 1546 fuit.

480 1611 536 1655 ᾖ
572 1583 676 1644 ,ἠύ
720 1591 1128 1657 quaecumque
1174 1574 1290 1634 fuit
1317 1622 1334 1653 ,
1380 1573 1542 1635 nullo
1589 1581 1906 1635 exercente
1951 1575 2235 1659 refugit,

568 1679 628 1735 Et
676 1671 845 1744 longo
892 1664 1071 1742 periit
1115 1662 1278 1722 arida
1324 1662 1477 1724 sacta
1522 1664 1641 1724 situ
1662 1708 1677 1723 .

564 1767 684 1823 Mn
728 1755 826 1814 hic
871 1749 1161 1813 librorum
1187 1796 1205 1831 ,
1252 1768 1361 1830 per
1408 1768 1560 1829 quos
1604 1753 1822 1812 inviter
1866 1750 2117 1831 alatque
2135 1799 2155 1833 ‚

564 1847 780 1923 nupia:
826 1856 937 1920 pro
983 1838 1150 1899 libris
1196 1856 1373 1899 arcus
1420 1847 1482 1899 et
1527 1857 1687 1900 arma
1733 1847 1982 1901 sonant.

564 1935 764 1999 &nllus
809 1930 873 1989 in
917 1926 1028 1988 hac
1073 1935 1234 1987 terra
1263 1974 1280 2007 ‚
1325 1929 1573 1988 recitem
1620 1930 1673 1988 si
1718 1929 2015 2007 carmina,
2064 1931 2263 1993 cuius

472 2051 528 2091 -w
564 2017 950 2083 Intellecturis
995 2014 1243 2076 auribus
1289 2023 1424 2075 utar
1449 2061 1467 2095 ‚
1513 2015 1715 2076 adest.

564 2115 676 2171 Nun
721 2122 841 2185 quo
888 2103 1163 2165 secedam
1186 2151 1206 2184 ‚
1251 2103 1421 2164 locus
1465 2112 1603 2165 este
1649 2103 1919 2165 custodia
1963 2106 2135 2166 muri

564 2200 901 2259 summovet
944 2193 1195 2253 infestos
1242 2190 1561 2271 clausaque
1607 2200 1778 2271 porta
1822 2191 2035 2253 Getas,

564 2291 744 2363 Saepe
791 2279 1028 2360 aliquod
1075 2297 1297 2360 quaero
1335 2280 1584 2341 verbum
1630 2298 1965 2360 nomenque
2010 2279 2395 2368 locumque,

560 2375 676 2435 Nm:
724 2371 1038 2449 quisquam
1086 2376 1179 2429 est
1201 2416 1221 2449 ‚
1269 2387 1304 2429 a
1351 2385 1469 2447 quo
1515 2371 1737 2430 certior
1781 2387 1915 2431 esse
1960 2386 2185 2448 queam
2211 2420 2229 2435 .

468 2479 528 2527 45
564 2467 766 2523 uicere
814 2475 988 2536 saepe
1034 2456 1258 2536 aliquid
1304 2460 1544 2518 conanti
1578 2489 1652 2501 —
1702 2465 1879 2536 turpe
1926 2458 2142 2521 fateri!
2186 2493 2282 2507 —

563 2547 749 2608 'acerba
793 2545 939 2606 mihi
983 2546 1201 2607 desunt
1225 2591 1244 2625 ,
1291 2544 1668 2625 dedidicique
1713 2544 1912 2625 loqui.

560 2636 835 2696 ‘Threicio
883 2632 1277 2714 Scythicoque
1324 2635 1450 2695 fere
1496 2636 1909 2695 circumsonor
1950 2651 2098 2715 ore,

564 2727 632 2783 Ιῐι.
680 2722 882 2785 videor
928 2721 1152 2783 Geticis
1199 2721 1464 2783 scribere
1511 2740 1689 2801 posse
1733 2722 1962 2783 modis:

564 2811 748 2872 mede
795 2810 940 2872 mihi
964 2858 984 2891 ‚
1028 2813 1209 2871 timeo
1236 2858 1256 2892 ,
1301 2829 1377 2872 ne
1423 2812 1544 2872 sint
1587 2812 1832 2871 inmixta
1876 2808 2106 2871 Latinis

468 2919 528 2963 {w
564 2903 746 2979 Imque
793 2901 941 2960 meis
988 2900 1228 2978 scriptis
1275 2899 1519 2960 Pontica
1565 2899 1743 2960 verba
1789 2898 1982 2977 legaS.

564 2989 1062 3067 *Jualemcumque
1108 2990 1293 3067 igitur
1337 2989 1508 3048 venia
1554 2985 1799 3066 dignare
1842 2984 2149 3069 libellum,

568 3079 754 3139 &mstis
801 3084 862 3138 et
907 3093 1124 3137 excusa
1170 3074 1519 3137 condicione
1563 3093 1746 3139 meae.
