2467 4042
433 242 454 293 1.
474 241 597 292 ost-11.
612 243 637 292 4.

117 402 218 465 Gratia
241 404 287 464 dis
310 403 471 482 domuique
495 411 585 485 tuae,
609 402 730 482 religata
754 405 866 464 catenis

163 491 339 571 Iampridem
362 501 461 553 vestro
485 491 540 553 sub
564 491 640 571 pede
663 489 738 552 belia
761 493 876 552 iacent.

119 578 181 639 Sub
205 583 272 658 iuga
295 579 350 641 bos
374 582 492 659 veniat,
515 579 571 640 sub
595 588 691 640 terras
715 596 816 640 semen
840 586 952 642 arataa.

114 668 118 677 '
161 667 221 728 Pax
244 667 383 729 Cererem
408 669 525 748 nutrit,
548 669 631 746 pacis
653 659 769 727 alumna
794 665 901 729 Ceres.

286 805 338 871 27.
363 802 419 871 00
464 805 516 872 28.
531 799 602 869 'Du
648 803 699 870 29.
722 802 782 870 EO

53 942 105 992 toa
120 931 158 991 tt
180 949 256 1011 quac
279 940 420 993 venturas
442 929 601 1010 praecedet
624 939 706 992 serta
730 930 891 1012 Kalendas,

163 1018 224 1079 Hac
248 1027 318 1081 sunt
341 1018 464 1080 Ledaeis
487 1018 596 1098 templa
619 1018 715 1081 dicata
738 1019 818 1080 deis.

117 1105 272 1168 Fratribus
295 1108 343 1169 illa
366 1108 430 1169 deis
454 1108 561 1169 iratres
585 1107 622 1167 de
646 1116 733 1186 gente
757 1107 881 1169 deorum

161 1194 246 1257 Circa
268 1195 410 1258 Iuturnae
433 1212 630 1277 composuere
653 1194 752 1258 lacus.

363 1333 416 1398 30.
438 1329 516 1398 ΡΝ)
567 1332 619 1398 31.
643 1330 703 1398 GC

119 1456 220 1536 Ipsum
244 1473 300 1519 uos
322 1475 443 1518 carmen
466 1458 588 1520 deduxit
610 1457 696 1519 Pacis
719 1458 754 1518 ad
778 1476 875 1519 aram.

51 1557 105 1608 ‘ilo
164 1544 243 1606 Haeo
267 1548 325 1607 erit
347 1564 364 1606 a
387 1547 497 1607 mensIs
520 1546 578 1606 bne
602 1545 732 1606 secunda
755 1546 835 1606 dies.

119 1632 287 1695 Fraudibus
310 1634 437 1696 Actiacis
460 1642 595 1713 comptos
618 1633 754 1695 redimita
777 1632 899 1712 capillos

163 1721 224 1783 Pax
247 1722 339 1803 ades,
362 1731 393 1783 et
415 1730 477 1783 toto
502 1723 581 1782 mitis
604 1724 635 1783 in
658 1721 731 1782 orbe
755 1739 857 1781 mane.

64 1859 67 1864 ,
118 1809 194 1871 bum
218 1809 317 1871 desint
339 1810 462 1891 hostes,
486 1809 564 1871 desit
586 1827 704 1889 quoque
728 1827 817 1870 causa
840 1807 1001 1890 triumphi:

163 1898 208 1959 'l'u
232 1897 359 1960 ducibus
382 1897 459 1958 bello
482 1898 574 1976 gioria
598 1900 691 1959 maior
715 1900 791 1958 eris.

52 1996 105 2048 alo
121 1986 188 2047 Sola
211 1996 295 2065 gerat
318 1986 402 2047 miles
426 1987 535 2066 quibus
558 2004 638 2047 arma
662 1996 820 2069 coerceat,
844 2003 940 2067 arma,

164 2073 366 2155 Canteturqnc
388 2076 452 2135 sera
474 2075 515 2135 nii
539 2076 597 2135 nisi
620 2092 726 2154 pompa
750 2073 839 2136 tuba.

120 2162 247 2224 Horreat
270 2161 421 2223 Aeneadas
444 2171 474 2224 et
497 2164 612 2241 primus
635 2172 666 2224 et
688 2162 811 2223 ultimus
834 2161 933 2223 orbis:

164 2250 256 2330 Siqua
278 2267 383 2329 parum
407 2250 529 2311 Romam
553 2259 633 2312 terra
655 2250 799 2332 timebat,
824 2258 918 2311 amet.

120 2337 222 2420 Tura,
245 2337 438 2420 sacerdotes,
460 2338 615 2400 Pacalibus
639 2337 736 2400 addite
759 2338 901 2420 flammis,

54 2438 108 2489 720
167 2425 298 2506 Albaque
320 2428 441 2505 perfusa
463 2428 581 2488 uictima
604 2426 702 2487 fronte
726 2426 826 2487 cadat.

122 2513 220 2595 thue
244 2514 350 2575 domus
363 2560 372 2596 ,
395 2531 470 2592 quae
493 2523 625 2594 praestat
647 2532 733 2595 eam,
757 2532 825 2576 cum
848 2532 919 2593 paee

668 2611 829 2682 perennet,

164 2689 207 2752 td
231 2692 279 2768 pia
302 2707 466 2771 propensos
488 2698 555 2752 vota
577 2697 679 2769 rogate
703 2690 792 2753 deos.

121 2777 178 2840 Sed
202 2781 259 2840 iam
283 2780 378 2858 prima
402 2781 460 2840 mei
483 2797 551 2860 pars
575 2788 622 2840 est
645 2788 746 2840 exacta
768 2778 895 2860 laboris,

165 2865 298 2948 Cumque
321 2885 376 2930 suo
400 2868 489 2928 finem
512 2885 614 2929 meuse
638 2866 755 2929 libellus
779 2866 884 2928 babet.

329 3123 468 3205 LIBER
496 3122 749 3208 SECUNDUS.

997 3245 1041 3298 (³4)

120 3304 209 3368 lanus
232 3304 323 3367 babet
344 3305 455 3366 tinem.
497 3321 565 3366 cum
589 3306 721 3365 carmine
744 3305 853 3366 crescit
876 3311 906 3364 et
928 3322 1040 3365 annus:

166 3394 248 3455 Alter
271 3400 305 3454 ut
328 3391 376 3455 bic
400 3394 532 3472 mensis,
556 3394 598 3454 sic
622 3390 697 3453 liber
720 3392 794 3455 aiter
817 3400 882 3453 eat.

121 3482 207 3544 Nune
229 3484 358 3563 primum
383 3480 476 3562 velis,
501 3481 576 3560 elegi
589 3528 598 3562 ,
621 3479 783 3542 maioribus
806 3483 872 3542 itis:

165 3570 335 3652 Exiguarm,
358 3572 501 3652 memini,
525 3587 621 3651 nuper
645 3571 734 3630 eratis
758 3587 849 3651 opus.
