2467 4042
155 206 197 271 28
315 227 454 263 smenon
567 207 748 264 METAMM.

242 374 413 435 Admiratus
435 390 550 455 equos,
572 373 766 454 ambustaque
789 374 890 437 nubila
911 376 1045 440 fumant.

178 473 229 523 210
244 462 412 541 Corripitur
433 460 558 523 flammis
580 471 615 524 ιιι
638 481 773 542 quaeque
796 463 937 525 altissima
949 514 959 547 ,
981 466 1094 549 teitus,

243 550 385 629 Fissaque
408 552 471 629 agit
489 553 580 612 rimas
603 560 636 612 et
656 554 738 613 sucis
760 560 825 614 aret
846 552 1007 634 ademptis.

243 638 354 701 Pabula
375 648 561 722 canescunt,
581 658 651 703 cum
672 640 829 702 irondihus
850 645 949 714 uritur
972 643 1079 726 arbor,

243 728 453 807 Materiemque
475 746 530 789 suo
552 728 677 808 praehet
698 747 783 808 seges
806 729 888 791 anda
909 730 1035 793 mnino.

244 817 338 877 Parva
359 833 491 920 queem.
518 835 641 896 magnae
658 826 789 897 pereunt
801 836 870 879 cum
883 820 1042 882 moenibus
1056 821 1177 904 nrbes,

179 905 379 984 niueumque
402 906 464 966 suis
487 912 565 967 totas
586 907 706 986 populis
727 906 866 968 incendia
887 917 993 986 gentos

243 994 277 1054 ln
301 996 432 1055 cinerem
454 1002 595 1056 verunt.
624 994 713 1055 silvae
737 1013 805 1065 enm
827 996 978 1057 montibus
1002 997 1132 1082 aedem,

244 1082 337 1143 Ardet
358 1081 451 1143 Athos
473 1081 650 1164 Taurusque
674 1082 748 1144 citu
770 1091 803 1144 et
824 1083 946 1145 'Pmolus
969 1094 1001 1147 et
1023 1085 1101 1148 Oete

243 1170 282 1233 Et
304 1179 368 1233 turn
390 1174 492 1252 sicca,
508 1174 592 1250 prius
615 1171 798 1233 creberrima
819 1172 952 1234 tontibus
974 1174 1025 1235 ide

243 1259 460 1364 Virgineusque
482 1258 606 1320 hieiicon
630 1268 661 1321 et
682 1261 816 1323 nondum
838 1260 982 1341 Oeagrius
1005 1262 1158 1328 Haemos.

178 1360 230 1408 nro
244 1348 367 1410 Ardet
358 1366 390 1408 ιιι
412 1350 581 1409 inmensaun
599 1351 755 1428 geminatis
777 1348 897 1429 ignibus
919 1350 1031 1432 Aetne,

243 1438 451 1516 Parnasusque
474 1435 576 1517 biceps
599 1445 631 1498 et
652 1436 731 1518 Eryx
754 1445 785 1499 et
808 1437 940 1517 Cynthus
959 1448 990 1500 et
1013 1438 1149 1524 Othrys,

243 1526 283 1587 Et
304 1524 423 1587 tandem
446 1523 562 1586 nivibus
585 1525 728 1606 Rhodope
752 1529 906 1608 caritura,
921 1526 1087 1607 hfflsque

242 1614 445 1694 Dindymaque
468 1624 499 1675 et
520 1613 631 1693 Mycale
655 1623 801 1694 natusque
824 1615 861 1675 ad
884 1633 968 1676 sacra
986 1615 1169 1681 Cithaeron.

242 1703 305 1764 Neo
327 1710 454 1782 prosunt
477 1702 614 1782 Scythiae
637 1721 694 1764 sua
713 1705 846 1783 frigora:
868 1703 1017 1765 Caucasus
1040 1707 1148 1790 ardet,

177 1792 377 1870 annosaeque
395 1809 464 1852 cum
486 1790 580 1852 Pindo
603 1794 757 1871 maiorque
779 1791 924 1854 amhohns
946 1792 1109 1877 Olympus,

243 1882 407 1959 Aeriaeque
429 1878 518 1959 Alpes
541 1885 572 1940 et
593 1880 713 1942 nuhiier
735 1880 946 1960 Appenninus.

242 1969 320 2030 Τιιιιι
341 1986 413 2029 vero
435 1968 588 2029 Phaethon
611 1971 727 2030 cunctis
750 1988 766 2029 e
785 1969 921 2049 partibus
943 1970 1049 2032 orbem

242 2058 356 2138 Aspicit
377 2074 537 2117 accensum
558 2074 615 2117 nec
638 2065 737 2118 tantos
760 2060 890 2119 sustinet
911 2065 1030 2139 aestus,

243 2147 464 2224 Perventesque
487 2163 580 2206 auras·
596 2143 678 2207 velut
700 2164 717 2206 e
740 2147 862 2207 tornaco
883 2146 1031 2226 profunda

177 2246 229 2295 230
243 2235 303 2296 Ore
326 2232 440 2315 trahit,
462 2251 630 2312 currusque
653 2251 724 2295 suos
747 2234 925 2295 oardnseere
949 2236 1058 2316 sentit3

243 2323 281 2384 Et
303 2340 401 2401 neque
423 2324 483 2383 iam
505 2324 623 2383 cineres
645 2324 860 2401 eiectatamque
883 2322 1009 2383 favillam

242 2411 335 2472 Perre
356 2418 478 2490 potest,
500 2409 655 2489 calidoque
677 2410 836 2471 involvitur
859 2411 992 2489 undique
1014 2412 1117 2495 inmo,

243 2500 370 2578 Ortoque
391 2506 462 2580 eat,
483 2506 534 2559 aut
556 2496 609 2559 uhi
632 2500 692 2580 sit,
714 2501 803 2577 picea
821 2499 945 2579 oaiiqine
967 2509 1066 2562 tectus

242 2587 366 2666 Nescit,
389 2595 421 2648 et
442 2585 566 2649 arbitrio
588 2586 744 2647 volucrum
766 2596 900 2667 raptatur
923 2606 1087 2667 equorum.

176 2688 227 2738 nau
243 2676 393 2755 Sanguine
405 2683 478 2737 tunc
492 2675 621 2737 credunt
632 2678 665 2736 in
678 2693 803 2755 corpora
822 2694 937 2737 stimma
958 2686 1063 2738 vocato
1080 2690 1105 2733 t.
1117 2693 1160 2734 ιιι.

243 2764 422 2843 Aethiopum
443 2763 570 2844 popsdos
592 2765 711 2843 nigrum
733 2765 860 2825 traxisse
882 2763 1030 2827 colorem.

242 2853 320 2915 Tum
342 2853 420 2915 iacta
440 2860 488 2914 est
509 2850 604 2932 Libye
623 2854 716 2932 raptis
738 2853 894 2914 umoribus
911 2862 994 2914 aestu

242 2941 353 3003 Arida.
379 2949 444 3003 tum
467 2941 612 3046 nymphae
635 2943 730 3021 passis
752 2942 917 3020 fontesque
932 2941 1075 3020 lacusque

243 3030 395 3092 Detierere
417 3032 532 3091 comis.
561 3032 680 3109 quaerit
701 3028 823 3091 Boeotia
846 3029 972 3111 Dircen,

178 3130 229 3179 ato
243 3120 338 3198 Argos
359 3119 565 3200 Amymonen,
587 3117 706 3198 Ephyre
729 3117 883 3180 Pirenidas
905 3117 1017 3180 undas

242 3207 305 3268 Neo
327 3209 432 3269 sortita
449 3208 515 3268 ioco
538 3165 683 3268 d'istantes
705 3206 827 3268 flumina
849 3210 930 3286 ripas

243 3296 320 3357 Tuta
342 3304 484 3358 manent.
511 3295 620 3357 mediis
639 3294 746 3356 Tanais
769 3296 922 3357 tonavit
913 3313 945 3356 ιιι
967 3294 1075 3378 undis,

242 3384 419 3463 Peneosque
442 3402 555 3466 senen,
577 3383 861 3464 Teuthranteusque
881 3382 1004 3464 Caium,

243 3471 281 3534 Et
304 3472 384 3533 celer
406 3471 539 3534 Ismenos
562 3491 632 3534 oum
654 3472 800 3553 Phegiaco
823 3471 1023 3553 Erymantho,

178 3572 229 3620 245
243 3559 434 3640 Arsurnsque
456 3563 565 3622 iterum
587 3559 746 3643 Xanthus,
768 3560 922 3641 flavusque
943 3558 1117 3644 Lycormas,
