2467 4042
193 220 255 285 242
570 220 737 280 REMED.
763 219 837 279 AM.

276 375 334 449 Qui
347 373 406 434 eibi
419 372 479 433 iem
494 372 611 448 pridem
626 372 743 432 solacia
759 373 830 432 bina
844 373 974 448 paravit,

214 468 266 521 teu
317 458 381 520 lurn
394 457 516 535 pridem
530 473 650 517 summa
664 455 764 516 victer
776 456 806 515 in
824 472 896 516 erce
910 456 974 516 luit.

275 543 317 602 At
331 541 401 617 tibi,
423 540 475 615 qui
494 540 587 601 lucris
603 540 745 601 dominae
760 541 840 600 mele
855 539 988 600 creditus
1005 540 1066 612 uni,

318 625 404 685 Nunc
418 626 526 684 saltem
539 640 641 686 novus
655 631 704 684 est
716 624 918 684 inveniendus
935 638 1032 682 amur.

276 708 444 783 Pasiphaes
458 706 559 768 Minos
574 709 604 767 in
618 707 770 782 Pregnide
783 707 916 783 perdidit
929 708 1034 781 ignes:

320 792 419 852 Cessit
431 791 469 852 ab
485 792 582 852 Idaea
594 791 724 866 coniuge
738 792 818 851 victa
832 791 926 866 prior.

199 886 264 939 eet
274 876 469 951 Amphilochi
484 876 577 935 frater
590 891 629 935 ne
642 874 779 951 Phegida
792 890 916 949 semper
930 882 1054 946 amaret,

319 959 470 1020 Callirhoe
484 959 555 1018 lecit
569 970 656 1035 parte
669 964 794 1035 recepta
806 959 876 1017 mri.

276 1042 315 1104 Et
327 1041 415 1103 Parin
432 1041 557 1104 Oenone
572 1059 710 1103 summos
727 1043 877 1102 tenuisset
888 1041 929 1102 ad
944 1057 1054 1115 annos,

320 1125 428 1187 Sinon
444 1125 570 1187 Oebalia
585 1124 683 1201 pelice
697 1127 783 1185 laesa
797 1126 885 1186 ieret.

278 1210 420 1286 Coniugis
438 1208 572 1286 Odrysio
587 1211 755 1285 placuisset
769 1210 867 1270 lorma
880 1217 1030 1287 tyrannm

213 1304 265 1357 460
319 1293 381 1355 Sed
396 1294 505 1355 melior
519 1296 643 1354 clausae
658 1295 756 1353 ferme
770 1293 887 1354 sororis
902 1303 976 1353 erat.

278 1377 355 1453 Quid
371 1393 474 1438 moror
487 1377 653 1454 exemplis,
677 1393 807 1453 quorum
823 1393 873 1437 me
886 1375 975 1437 turba
990 1376 1120 1453 fulgete

320 1459 509 1522 Successore
524 1477 606 1521 neve
622 1462 753 1521 vincitur
767 1460 867 1520 omnis
883 1476 978 1520 amor.

277 1545 398 1606 Fortius
412 1560 430 1604 e
444 1542 546 1606 multis
561 1552 658 1604 mater
673 1544 829 1605 desideret
841 1560 944 1618 unum,

321 1629 416 1704 Quam
434 1644 513 1704 quae
527 1627 606 1688 fleus
625 1630 735 1688 clamat
751 1632 796 1688 ‘tu
810 1628 882 1687 mihi
897 1630 982 1688 sulus
998 1633 1094 1687 eres!

215 1723 266 1776 465
276 1714 313 1774 Et
327 1729 366 1773 ne
381 1713 458 1773 torte
473 1718 562 1789 putee
577 1727 661 1771 nova
676 1728 725 1771 me
739 1712 793 1771 tibi
808 1712 941 1772 condere
958 1712 1074 1784 iure‚...

320 1800 420 1873 Atque
433 1797 547 1857 utinam
560 1796 676 1856 inventi
693 1795 790 1870 gloria
803 1803 910 1855 nostra
923 1796 1052 1855 lorett...

278 1881 364 1942 Vidit
376 1879 408 1940 id
423 1880 556 1941 Atrides.
580 1879 656 1955 quid
672 1880 753 1938 enim
767 1894 829 1938 non
843 1878 894 1939 ille
909 1878 1036 1950 videret,

321 1964 413 2027 Cuius
427 1964 457 2024 in
474 1961 598 2024 arbitrie
613 1962 743 2023 Graeem
758 1969 823 2023 tete
838 1961 916 2022 {tritt

278 2050 374 2109 Marte
389 2064 447 2108 suo
462 2054 584 2122 ceptam
599 2046 773 2125 Chryseida
788 2046 886 2106 victer
900 2044 1030 2105 amabat,

216 2140 268 2195 llo
319 2134 361 2193 At
375 2132 479 2192 senior
493 2132 584 2191 stulte
598 2129 694 2191 llebet
706 2129 821 2206 ubique
835 2138 931 2205 pater.

278 2215 356 2289 Quid
371 2216 528 2286 lacrimas,
551 2215 662 2275 odiose
678 2220 798 2274 seuext
830 2214 915 2275 Bene
930 2215 1077 2275 convenit
1091 2216 1167 2275 illis:

321 2297 430 2359 Olllcic
446 2305 548 2359 natam
561 2298 676 2372 laedis,
697 2298 815 2372 inepte,
838 2305 900 2358 tue.

279 2384 373 2458 Quam
389 2390 554 2466 ptumum
567 2382 657 2443 reddi
673 2381 814 2454 Calchas,
837 2397 898 2457 epe
912 2388 995 2441 tutus
1008 2381 1149 2452 Achillis,

320 2468 470 2538 Iusserat,
494 2476 525 2527 et
538 2467 637 2541 petria
652 2474 700 2526 est
713 2466 765 2525 illa
778 2471 905 2541 receptu
918 2465 1021 2539 demo,

216 2559 267 2615 4⁷5
277 2535 551 2612 ‘Est‘iishtrides
567 2550 662 2610 ‘illius
676 2549 816 2625 proxime
831 2548 938 2623 forme,

321 2634 372 2709 m,
396 2635 423 2695 si
438 2635 536 2712 prima
550 2634 631 2694 sinet
644 2632 780 2713 syllaba,
802 2649 913 2693 nomen
929 2633 1024 2693 idem:

279 2719 366 2779 Hanc
381 2718 468 2794 milri,
489 2718 515 2778 si
530 2717 646 2794 sapiet,
666 2732 772 2794 perse
787 2717 938 2778 concedat
950 2715 1103 2778 Achilles:

323 2802 355 2866 Si
370 2803 485 2876 minus,
508 2800 669 2878 imperium
684 2802 793 2862 sentiet
807 2801 858 2860 ille
871 2816 980 2860 meum.

279 2886 368 2960 Quod
384 2886 482 2960 siquis
496 2893 632 2946 vestrum
647 2886 760 2946 lactum
775 2885 836 2945 hoc
851 2886 985 2957 incuset,
1006 2883 1128 2958 Achivi,

219 2980 269 3034 ¹80
320 2970 376 3030 Est
390 2970 506 3045 aliquid
521 2969 624 3030 valida
638 2977 760 3044 sceptra
773 2976 879 3031 tenere
894 2985 996 3030 manu.

278 3053 354 3114 Nam
369 3055 395 3114 si
408 3069 463 3112 rex
478 3069 536 3129 ego
552 3069 634 3128 sum,
653 3069 711 3113 nec
724 3068 843 3113 meeum
857 3052 987 3113 dormiat
1000 3052 1070 3127 ulle,

321 3138 356 3197 ln
370 3153 438 3197 mea
450 3136 606 3198 Thersites
621 3153 731 3212 regna,
754 3137 871 3211 licebit,
894 3139 966 3196 eet’

279 3221 377 3297 Dixit,
399 3229 430 3288 et
443 3220 523 3281 hanc
537 3220 644 3281 habuit
657 3220 774 3282 solacia
789 3236 900 3297 magne
914 3220 1036 3296 prioris,

322 3305 360 3365 Et
377 3305 478 3382 posite
494 3312 541 3365 est
554 3320 629 3367 eure
644 3321 717 3365 eura
733 3305 858 3380 repulsa
871 3320 961 3365 nova.

217 3397 267 3451 let
279 3388 358 3464 ltrgo
374 3389 503 3450 adsume
518 3404 616 3450 noves
632 3396 758 3450 auctore
773 3391 1003 3465 Agamemnone
1019 3386 1166 3458 flammas,

321 3473 362 3532 Ut
375 3479 444 3533 tuus
459 3473 491 3532 in
504 3472 588 3533 bivio
603 3472 782 3533 distineatur
796 3488 891 3533 amer.
964 3515 968 3520 -
