2467 4042
207 208 273 277 270
613 208 809 262 ruscorum

339 372 491 454 Mergetur
512 375 594 436 visus
617 374 797 452 effugietque
820 382 906 436 tuos.

295 462 334 524 it
357 480 417 524 non
439 463 561 541 effugiet
584 460 788 523 vindemitor.
828 460 886 523 hoe
909 480 1035 542 quoque
1062 483 1184 527 causam

340 550 424 613 Unde
447 550 544 612 trahet
566 550 673 629 sidus,
695 567 784 629 parve
808 548 916 611 docere
939 568 1027 612 mora
1051 564 1124 617 est.

294 638 438 720 Ampelon
459 641 612 701 intonsum
635 646 734 717 satyro
757 638 943 718 nymphaque
966 650 1113 703 creatum

227 738 281 791 tto
339 727 448 790 Fertur
469 730 501 789 in
524 726 655 788 Ismariis
677 725 811 788 Bacchus
834 744 948 788 amasse
973 729 1075 808 iugis.

297 815 444 894 [Tradidit
465 815 535 876 huic
558 817 650 876 vitem
672 813 851 893 pendentem
873 814 1034 878 frondibus
1059 818 1155 895 ulmi,

340 903 421 976 Quae
445 921 525 966 nuno
547 902 584 964 de
606 905 695 984 pueri
717 905 837 965 nomine
860 921 969 966 nomen
992 904 1127 986 habet]

295 993 373 1054 lium
394 992 466 1072 legit
488 994 520 1053 in
543 1008 626 1053 remo
649 993 744 1072 pictas
767 994 944 1054 temerarius
967 1010 1064 1076 uvas,

338 1079 476 1143 Decidit.
517 1081 658 1141 omissum
681 1078 771 1142 Liber
793 1081 826 1141 iu
848 1087 927 1142 astra
949 1079 1040 1143 tulit.

207 1217 1205 1287 6.AN)Hocmni·cincun-Pourtr·unxm·uucrust

228 1357 281 1409 41⁶
296 1345 404 1408 Sextus
426 1343 479 1406 uhi
501 1342 620 1405 Oceano
643 1342 787 1405 clivosum
809 1343 925 1405 scandit
947 1343 1118 1426 Olympum

339 1431 499 1512 Phoebus,
521 1441 552 1494 et
573 1431 657 1493 alatis
680 1431 800 1493 aethera
822 1434 918 1512 carpit
939 1436 1029 1512 equis
1040 1481 1051 1516 ,

295 1521 436 1602 Quisquis
459 1518 529 1582 ades
552 1528 710 1599 castaeque
733 1519 807 1581 colis
829 1520 992 1600 penetralia
1016 1521 1150 1607 Vestae,

341 1609 489 1690 Gustare,
510 1607 606 1670 iliacis
629 1617 755 1687 turaque
779 1625 856 1687 pone
880 1609 972 1670 iocis.

295 1697 429 1761 (laeseris
451 1698 638 1777 innumeris,
662 1714 721 1776 quo
743 1696 848 1757 maluit
869 1696 918 1758 ille
941 1701 1074 1778 mereri,

229 1800 282 1850 420
341 1786 475 1848 Accessit
496 1784 592 1846 titulis
614 1783 792 1865 pontificalis
814 1784 927 1846 honor.

295 1872 417 1956 ignibus
440 1876 570 1937 aeternis
592 1874 708 1934 aeterni
730 1874 851 1934 numina
873 1882 1019 1953 praesunt

340 1963 496 2025 Caesaris:
528 1962 647 2041 imperii
670 1962 793 2040 pignora
814 1963 915 2023 iuncta
938 1960 1041 2023 rides.

294 2052 331 2113 Di
353 2052 463 2112 veteris
486 2048 616 2130 Troiae,
638 2048 810 2129 dignissima
832 2049 942 2129 praeda
966 2049 1102 2135 terenti,

338 2138 403 2211 Qua
425 2141 522 2219 gravis
545 2138 660 2200 Aeneas
683 2144 766 2199 tutus
789 2136 827 2199 ab
849 2137 935 2199 husu
958 2137 1037 2202 fuist

228 2228 388 2291 intortus
410 2226 447 2288 ab
470 2227 568 2288 Aenea
591 2227 686 2306 tangit
709 2233 832 2306 cognata
854 2225 994 2287 sacerdos

338 2315 487 2378 Numina:
520 2322 701 2395 cognatum,
724 2312 811 2375 Vesta
823 2360 832 2394 ,
855 2323 940 2376 tuere
964 2324 1076 2394 caput.

294 2404 376 2477 Quos
399 2411 500 2466 saneta
523 2403 604 2464 louet
625 2401 674 2464 illc
697 2394 808 2484 manu,
831 2401 908 2464 bene
931 2403 1031 2465 vivitis
1055 2407 1167 2486 ignes.

340 2492 435 2556 Viuite
457 2493 613 2555 inextincti
625 2536 636 2571 ,
658 2490 834 2570 flammaque
857 2492 1000 2572 duxque,
1026 2511 1164 2574 precor.

586 2628 615 2694 7.
638 2627 666 2692 Β
686 2627 836 2695 Nou-u

294 2757 359 2821 Una
381 2765 452 2819 nota
474 2764 520 2818 est
542 2756 630 2819 Marti
651 2755 763 2818 Nonis:
794 2764 909 2818 sacrata
931 2756 1012 2835 quod
1038 2757 1102 2821 illis

228 2859 281 2911 430
338 2844 460 2925 Templa
482 2852 589 2926 putant
611 2844 695 2907 lucos
719 2842 856 2906 Vediovis
878 2852 946 2906 aute
969 2843 1068 2907 duos.

294 2933 438 2998 Romulus
462 2943 496 2996 ut
518 2951 588 2995 saxo
611 2933 714 2995 lucum
737 2931 933 2995 circumdedit
954 2931 1036 3013 alto,

339 3018 487 3094 ‘Quilibet
510 3017 585 3084 liuo’
610 3023 708 3102 inquit
731 3016 898 3101 ‘conlugc,
921 3029 1004 3082 tutus
1030 3020 1136 3086 eris.’

295 3111 320 3173 0
345 3109 493 3192 quamde
516 3113 600 3172 tenui
623 3110 774 3172 Romanus
797 3111 912 3188 origine
935 3111 1051 3193 crevit,

339 3198 440 3261 Turba
462 3207 548 3261 vetus
572 3217 662 3280 quam
684 3216 744 3260 non
766 3198 910 3259 invidiosa
933 3195 1006 3259 luitt

228 3286 339 3352 11st0
362 3296 462 3350 tamen
484 3290 589 3367 ignaro
612 3290 726 3349 novitas
749 3285 804 3348 tibi
826 3287 955 3347 nominis
977 3284 1102 3369 obstet,

339 3376 448 3456 Disce,
472 3379 539 3455 quis
560 3378 619 3437 iste
643 3376 740 3456 deus,
762 3392 853 3437 curve
876 3381 999 3435 vocetur
1023 3376 1085 3436 ita.
1163 3426 1168 3431 .

295 3463 431 3542 luppiter
452 3472 499 3525 est
520 3464 660 3525 iuvenis.
699 3462 843 3525 iuvenalis
865 3464 965 3541 aspice
988 3462 1113 3528 voltus:

340 3548 448 3628 Aspice
471 3549 602 3629 deinde,
625 3568 715 3612 manu
737 3549 861 3612 fulmina
884 3549 964 3612 nulla
986 3557 1091 3617 tenet.
