2467 4042
165 206 281 263 XXXIV

276 368 468 434 2481111111
480 383 589 432 10018.
644 370 790 432 librorum
808 372 883 431 hanc
901 372 1081 449 scripturam
1098 375 1172 435 ferri

165 481 226 522 non
256 479 343 538 posse
374 460 537 520 rectissime
569 458 751 519 Schraderus
782 460 906 519 monuit.
961 461 988 520 si
1013 465 1106 522 matu
1127 483 1171 523 re-

166 550 326 627 petendum
362 551 409 609 est
446 549 484 607 ab
520 547 609 608 Arati
640 547 750 606 Phaen
785 549 848 607 104
880 542 992 621 ἀναμὶξ
1024 546 1171 627 ἐκάθητο,

166 638 245 715 quod
272 636 465 697 Germanicus
494 637 571 713 109,
602 637 666 695 124
696 635 733 694 de
760 639 838 695 tectis
863 637 1024 713 homiuum,
1051 639 1115 698 lere
1140 644 1172 699 et

164 728 316 802 peculatus
337 725 567 800 interpretatus,
590 721 714 783 Ovidius
738 723 907 783 meminisse
930 725 1072 793 debebat,
1095 746 1171 802 quae

165 815 230 891 ipse
252 814 288 873 de
311 831 394 872 more
415 812 514 888 prisco
536 811 655 887 Italico,
681 813 768 888 puto,
795 812 887 871 etiam
910 811 1032 872 Saturni
1054 815 1173 874 ellani

165 920 253 978 aevo,
275 900 370 960 tradit
387 899 432 958 VI
450 901 529 974 301,
551 896 595 958 At
615 902 698 973 focus
723 929 761 942 -
785 902 819 959 in
834 903 943 973 primia
965 903 1085 962 cedibuc
1107 908 1174 963 aare

165 993 224 1064 fait
240 1019 278 1031 -
293 988 371 1049 Ante
391 990 471 1062 focos
493 989 561 1047 olim
582 990 711 1061 scamnis
732 989 878 1048 maurice
900 990 992 1062 begis
1014 991 1084 1050 Mos
1106 993 1172 1067 fcit,

166 1083 193 1138 ct
231 1093 346 1137 mesae
386 1077 499 1136 credere
541 1077 642 1135 adesse
676 1077 750 1136 deos.
804 1074 951 1135 edendum
985 1077 1045 1136 fuit
1081 1082 1174 1139 meatu

166 1167 248 1240 focis.
358 1159 425 1223 264
456 1175 525 1223 reu
555 1174 658 1224 rose.
712 1163 756 1223 ito
788 1163 856 1223 dedi
890 1183 906 1222 c
939 1165 1088 1225 codicibus
1121 1185 1173 1242 op-

165 1253 264 1329 timis3
293 1251 383 1312 etiam
415 1252 448 1311 in
474 1250 646 1327 Ursiniano,
679 1251 730 1327 qui
761 1257 788 1311 et
813 1270 884 1312 sane
911 1271 930 1311 u
956 1252 1053 1328 prima
1082 1273 1174 1315 manu

165 1342 271 1408 habet,
302 1340 366 1400 vidi
396 1343 517 1400 subesse
549 1357 697 1415 rasuram,
729 1339 784 1399 sub
815 1359 875 1415 qua
906 1340 1116 1415 dignoscebam
1137 1363 1174 1417 ρ.

166 1428 387 1505 interpretabar
408 1426 445 1486 de
468 1427 544 1487 clivo
568 1426 750 1503 Capitolino,
777 1429 828 1503 qui
850 1433 971 1504 praeter
993 1430 1092 1488 forum
1114 1432 1174 1489 Ro-

166 1535 288 1577 manum
309 1517 348 1575 ad
371 1534 474 1575 areum
496 1513 577 1591 Sept.
601 1514 717 1592 Severi,
739 1514 845 1575 deinde
868 1534 972 1576 versus
995 1519 1175 1593 septentrio-

166 1624 235 1664 nem
261 1605 416 1681 porrectus
447 1603 527 1663 inter
553 1621 702 1663 carcerem
728 1603 940 1663 Mamertinum
971 1607 1002 1664 et
1028 1606 1177 1682 parietem

166 1694 253 1752 illum
279 1694 425 1767 veterem,
454 1691 506 1767 qui
532 1691 655 1750 extabat
682 1691 714 1749 in
741 1695 847 1767 crypta
868 1692 951 1752 aedis
975 1692 1003 1752 S.
1027 1695 1177 1754 Martinae

166 1779 310 1860 gradibus
328 1792 403 1840 xxn
425 1779 504 1838 infra
526 1780 636 1856 solum,
658 1779 738 1856 quod
760 1781 827 1839 erat
848 1782 919 1839 ante
941 1799 1035 1840 annos
1057 1783 1177 1860 viginti,

167 1871 310 1945 protenus
332 1868 413 1927 inter
434 1867 500 1926 fora
523 1867 655 1946 Augusti
678 1869 709 1927 et
731 1867 899 1927 Romanurn
921 1868 980 1928 iter
1002 1870 1179 1945 praebuerit

167 1958 199 2016 in
221 1957 328 2030 valles,
355 1974 432 2031 quae
461 1959 531 2014 suut
557 1958 626 2031 post
652 1959 783 2015 montem
807 1955 1006 2036 Quirinalem3
1029 1975 1086 2031 per
1107 1960 1180 2032 sora

168 2045 280 2104 dictum
302 2045 339 2102 ut
359 2043 506 2104 1111567
529 2043 641 2118 Perque
666 2046 752 2104 urbes
773 2043 872 2104 Acme.
927 2044 1075 2105 obiciebat
1097 2048 1179 2122 opti-

167 2150 234 2193 mus
256 2131 407 2192 Beckerus
430 2151 478 2207 pp.
499 2133 562 2192 349
586 2134 618 2191 et
642 2134 715 2206 222,
738 2131 848 2191 clivom
870 2130 1072 2207 Capitolinum
1094 2135 1181 2195 ultra

167 2221 267 2280 forum
287 2238 348 2279 non
369 2219 500 2295 produci.
554 2218 607 2278 sed
629 2219 660 2278 id
682 2219 803 2278 nonita
821 2237 885 2279 esse
904 2219 1179 2297 deprehendebam:

168 2308 278 2369 transit
299 2310 386 2368 vetus
409 2307 478 2368 clivi
499 2307 704 2382 pauimentum
726 2325 827 2367 arcum
847 2307 949 2368 Severi
971 2310 1086 2385 aliquot
1108 2330 1179 2385 pas-

169 2397 260 2472 sibus,
282 2395 452 2471 pertinebat
470 2394 509 2455 ad
526 2414 646 2454 murum
663 2414 757 2472 usque
770 2398 976 2456 transversum
989 2397 1180 2476 impositum3

169 2503 204 2544 uc
226 2483 362 2561 legebam
385 2502 481 2560 nuper
502 2483 533 2541 in
557 2484 671 2559 epham
702 2482 825 2558 Allgem.
843 2485 916 2544 Zeit
936 2486 1020 2545 1883
1040 2506 1068 2561 p.
1090 2489 1179 2548 1203

169 2572 207 2633 de
234 2572 340 2632 effosso
370 2590 406 2631 eo
433 2574 532 2632 tractu
559 2603 604 2612 —
633 2565 706 2632 ‘aad
731 2590 789 2631 wer
815 2590 871 2631 oon
897 2574 949 2632 der
977 2574 1094 2648 Gecead
1125 2577 1182 2636 der

170 2661 347 2735 Keisersorc
372 2661 424 2720 ber
449 2661 511 2721 sicle
535 2661 611 2720 acob
633 2662 697 2719 dea
720 2659 834 2734 Capitol
856 2663 924 2721 oder
946 2663 998 2721 der
1022 2663 1108 2722 Tiber
1131 2666 1181 2723 be·

168 2742 254 2824 giebl'
286 2739 329 2830 (p.
355 2749 439 2808 1204
472 2740 530 2808 ‘die
551 2747 666 2808 Streelce
691 2750 743 2809 der
763 2748 858 2809 ecco
882 2752 933 2809 cia
958 2768 1024 2810 vem
1045 2750 1184 2813 Severiac-

171 2839 260 2912 boqeu
286 2839 331 2898 bo's
356 2837 450 2896 linter
476 2838 531 2896 den
553 2830 800 2916 Sctcmtcnpey,
833 2831 969 2898 ‘mandeti
993 2840 1098 2898 wieder
1124 2843 1189 2915 auf

171 2927 236 2986 dem
262 2926 468 2999 chaptlcster
500 2926 551 2984 der
577 2923 672 2984 Sacra
698 2918 767 2985 ciu'.
821 2924 873 3001 qui
899 2926 988 2986 hodie
1015 2926 1073 2986 viri
1099 2926 1186 2988 docti

172 3014 209 3073 de
237 3012 313 3074 clivo
340 3013 429 3073 aliter
454 3012 654 3089 praecipiunt,
686 3012 872 3073 descendisse
899 3018 969 3090 post
995 3016 1099 3074 aedem
1127 3016 1185 3076 Sa·

172 3101 255 3161 turni
276 3101 309 3160 in
334 3101 433 3160 forum
456 3101 619 3175 affirment,
651 3118 686 3160 ec
709 3102 741 3160 in
762 3100 869 3161 itinere
891 3104 960 3175 feru
982 3106 1017 3162 ut
1039 3103 1081 3162 VI
1106 3105 1186 3182 401,

173 3192 241 3265 fora
263 3193 294 3250 et
311 3191 402 3249 calles
419 3189 585 3250 11111391
607 3191 681 3265 392,
704 3189 757 3248 sed
778 3207 838 3248 nou
856 3190 998 3250 Lautulas
1021 3195 1075 3250 aut
1097 3193 1186 3251 aedi-

174 3278 271 3337 culam
297 3277 364 3337 Iani
386 3280 505 3353 praesto
535 3277 691 3337 habituros
713 3278 890 3353 putaverim.
1003 3274 1067 3339 296
1090 3292 1185 3342 PARS

175 3377 262 3427 8111
294 3378 340 3424 ΕΤ
373 3377 459 3425 lpse.
512 3365 589 3426 liber
626 3365 755 3440 optimus
778 3384 856 3441 pars
886 3369 925 3426 sit
956 3372 982 3426 et
1011 3370 1084 3440 ipsc.
1137 3369 1189 3429 ita

176 3471 266 3529 supra
282 3455 346 3514 190
359 3471 437 3528 pars
448 3454 520 3514 mdee'
532 3456 567 3514 de
579 3455 652 3527 festo
664 3472 701 3513 ce
714 3455 789 3513 lubet
799 3455 871 3522 ullo,
889 3454 933 3513 lb.
949 3456 990 3515 88
1004 3456 1047 3514 Et
1059 3458 1098 3515 sit
1104 3475 1189 3530 pars

175 3543 234 3601 octa·
260 3542 343 3601 ηαῑῑα
370 3543 487 3602 mdccc
581 3535 646 3601 589
675 3553 801 3602 orasis
830 3554 1021 3603 recuruum
1047 3555 1188 3605 vesunu
