2467 4042
402 273 677 347 maes-eoo.
988 272 1050 339 au
1170 232 1179 242 ’

107 426 193 487 Saxa
207 432 259 487 tuo
274 433 382 499 cantu,
406 426 519 487 vindex
533 427 701 489 iustissime
715 428 830 503 matris,

148 509 300 570 Fecerunt
313 526 420 572 muros
434 510 576 572 oiliciosa
591 527 701 573 novoe.

34 604 94 659 825
106 594 253 669 Quamvis
268 600 372 655 mutus
387 599 468 667 erat,
489 596 558 656 voci
574 595 692 657 lavisse
706 602 828 671 putatur

148 675 263 749 Piscis,
283 678 431 738 Arioniae
446 677 550 739 tabula
563 685 637 739 nota
650 681 746 757 lyrae.

106 762 199 823 Disce
214 760 306 822 etiam
320 761 437 837 duplici
451 762 582 837 genialia
596 762 699 823 nablia
714 764 816 839 palma

149 846 293 905 verrere.
315 845 503 907 conveniunt
516 845 657 908 dulcibus
672 847 724 906 illa
737 846 824 909 iocis.

107 927 153 990 Sit
166 928 221 989 tibi
236 927 427 1002 Callimachi,
451 929 491 990 sit
505 929 558 991 Coi
572 936 647 990 nota
659 937 781 1005 poetae,

38 1021 95 1076 330
147 1011 196 1074 Sit
209 1027 337 1088 quoque
350 1012 453 1074 vinosi
465 1013 538 1074 Teia
551 1012 642 1074 blosa
656 1013 751 1075 senis

105 1096 183 1158 Nota
198 1095 241 1155 sit
253 1100 285 1156 et
299 1094 464 1171 Sappho‚..
489 1097 563 1172 quid
579 1100 661 1158 caim
676 1097 823 1160 lascivius
837 1097 940 1170 illae„

149 1179 248 1240 Cuive
263 1186 351 1254 pater
365 1180 445 1240 valri
459 1180 573 1242 luditur
586 1189 653 1243 arte
668 1181 772 1243 Getae.

103 1263 143 1325 Et
157 1262 255 1324 teneri
270 1262 376 1339 possis
393 1278 515 1324 carmen
529 1264 644 1338 legisse
658 1265 805 1341 Properti,

117 1423 121 1428 p
150 1346 228 1408 Sive
243 1346 360 1423 aliquid
375 1346 468 1421 Galli,
489 1347 572 1421 sive,
593 1347 726 1419 Tibulle,
750 1354 847 1409 mama

42 1441 93 1495 335
103 1432 257 1506 Dictaque
269 1430 403 1492 Varroni
416 1430 509 1492 fulvis
524 1432 656 1507 insignia
670 1432 751 1491 villis

148 1516 290 1586 Vellera,
312 1511 492 1589 germanac‘,
513 1514 641 1589 Phrixe,
664 1515 822 1590 querenda
837 1524 923 1576 tuaez

102 1600 143 1660 Et
158 1599 323 1676 prologum
335 1599 479 1672 Aenean,
503 1599 581 1658 altae
596 1599 765 1674 primordia
778 1600 904 1672 Romae,

27 1721 34 1733 ·
149 1683 216 1757 Quo
232 1682 348 1742 nullum
363 1681 450 1744 Latio
465 1681 578 1743 clarius
593 1688 677 1743 extat
690 1698 781 1756 opus.

104 1766 247 1827 Forsitan
264 1774 296 1827 et
311 1770 449 1826 nostrum
468 1780 579 1826 nomen
593 1766 773 1827 miscebitur
785 1766 862 1839 istis,

44 1859 95 1914 att
146 1850 211 1910 Nec
225 1864 294 1908 mea
307 1848 451 1909 Lethaeis
466 1848 582 1925 scripta
596 1848 750 1910 dabuntur
763 1851 869 1926 aquisz

106 1936 212 2009 Atque
226 1931 339 2008 aliquis
355 1932 437 1992 dicet
451 1932 563 1994 ‘nostri
576 1935 646 2007 lege
662 1934 743 1994 culta
755 1932 893 2009 magistri

149 2016 306 2091 Carmina,
331 2013 401 2090 quis
416 2022 520 2091 portes
534 2017 655 2078 instruit
668 2015 720 2078 ille
733 2016 828 2078 duas=

106 2103 193 2163 Deve
206 2099 304 2161 tribus
318 2100 419 2174 libris,
443 2101 547 2161 titulus
562 2116 643 2175 quos
658 2099 759 2176 signat
772 2101 928 2171 Amorum,
1010 2129 1052 2145 -α

148 2185 251 2259 Elige,
276 2184 362 2259 quod
376 2183 469 2244 docili
482 2183 613 2243 molliter
628 2199 683 2244 ore
697 2185 799 2259 legasz

46 2277 96 2333 345
106 2270 166 2329 Vel
179 2266 236 2330 tibi
250 2267 424 2343 composita
438 2273 575 2329 cantetur
587 2267 728 2343 Epistola
742 2282 834 2328 voce:

148 2352 292 2428 ignotum
305 2352 370 2413 boc
380 2350 448 2412 aliis
462 2352 514 2411 ille
526 2352 654 2412 novavit
667 2354 770 2426 opus?

108 2436 205 2510 0ita‚
226 2434 366 2510 Phoebe,
388 2434 482 2496 velis!
506 2435 549 2496 ita
562 2451 635 2509 vos,
656 2435 845 2510 pianumina
860 2441 972 2504 vatum,

148 2519 285 2594 Insignis
300 2535 396 2580 cornu
409 2518 548 2592 Bacche,
570 2534 745 2593 novemque
760 2518 853 2579 deaet

108 2604 182 2678 Quis
201 2602 332 2676 dubitet,
355 2603 429 2678 quin
443 2604 524 2664 scire
537 2603 631 2663 velim
647 2603 758 2664 saltare
773 2602 914 2678 puellam,

46 2696 96 2751 ³5⁰
147 2688 189 2749 Ut
205 2694 329 2748 moveat
342 2686 446 2762 posito
459 2685 587 2748 brachia
600 2687 686 2747 iussa
701 2692 809 2747 meret

108 2771 252 2833 Artifices
269 2771 385 2844 lateris,
409 2785 522 2832 scenae
537 2773 730 2846 spectacula,
753 2776 907 2830 amantur:

147 2857 279 2917 Tantum
293 2853 446 2915 mobilitas
461 2855 513 2916 illa
527 2853 650 2915 decoris
666 2853 768 2914 habet.

105 2938 206 3000 Parva
220 2954 346 3000 moncro
360 2938 469 3014 pudet,
495 2938 625 2999 talorum
642 2937 745 2998 dicere
761 2938 858 2998 iactus

146 3024 190 3085 Ut
203 3022 295 3095 sciat,
319 3030 349 3083 et
362 3022 460 3097 vires,
480 3028 599 3082 tessera
612 3022 723 3096 missa,
744 3028 829 3082 tuasz

47 3107 141 3170 tooEt
157 3106 254 3167 modo
269 3114 331 3166 tros
345 3106 437 3166 iactet
449 3120 609 3176 numeros,
633 3106 726 3167 modo
742 3105 868 3180 cogitet,
891 3112 962 3181 apte

149 3189 248 3265 Quam
263 3188 374 3251 subeat
387 3197 503 3265 partem
520 3189 645 3262 callida,
671 3204 826 3264 quamque
839 3196 938 3250 vocet.

107 3275 266 3350 carumque
281 3288 343 3334 non
359 3274 450 3344 stulte
465 3274 615 3334 latronum
632 3273 750 3348 proelia
764 3272 856 3347 ludat,

147 3360 238 3421 Unus
253 3374 324 3418 cum
338 3357 460 3432 gemino
477 3357 614 3418 calculus
629 3357 720 3418 hoste
735 3356 822 3432 perit,

106 3442 305 3518 Bellatorque
317 3457 377 3502 sua
391 3456 521 3517 prensus
535 3440 603 3502 siae
617 3455 763 3517 compare
777 3439 878 3505 bellat

48 3532 97 3588 ato
146 3526 298 3587 Aemrrlas
313 3532 346 3587 et
360 3531 500 3601 coepmm
516 3539 613 3601 saepe
626 3525 754 3586 recurrit
767 3523 833 3585 iter.
