2467 4042
447 197 525 264 Xan,
552 202 710 254 erc-raa.
804 226 906 264 sexam
1022 199 1088 267 275

143 364 255 426 Ferre
279 364 331 426 diu
353 364 498 443 nequiere
520 361 643 446 lovem,
666 371 846 444 centumque
866 366 982 431 relictis

145 452 294 515 Urbibus
317 453 464 514 Ausonios
488 459 591 532 optant
613 455 787 533 contingere
810 461 933 534 portus.

147 541 265 604 Saevit
287 540 407 621 hiems,
429 542 578 620 iactatque
601 543 705 623 viros3
728 541 986 623 Strophadumque

951 640 1088 712 receptos

60 730 128 780 710
146 718 316 781 Portubus
338 717 438 779 infidis
461 719 608 781 exterruit
630 717 691 781 ales
714 719 814 783 dello.

146 807 284 869 Etiam
307 805 458 867 1101101100
480 813 587 887 portus
608 805 799 888 Ithacamque
823 807 992 888 Samonque

147 895 352 974 Neritiasque
374 893 503 976 domus,
525 912 652 974 regnum
673 895 784 958 fallacis
807 895 918 979 Ulixis,

149 983 289 1046 Praeter
312 990 399 1045 erant
419 984 519 1045 recti:
543 990 686 1044 certatam
709 982 761 1046 lite
783 983 909 1046 deorum

148 1071 367 1153 Ambraciam,
380 1073 518 1151 versique
528 1071 629 1133 vident
639 1071 695 1133 sub
704 1074 831 1152 imagine
841 1090 944 1134 saxum
953 1086 975 1128 a.
985 1086 1089 1128 annu.

66 1171 132 1222 715
152 1159 298 1242 Iudicis,
319 1159 439 1221 Actiaco
463 1177 538 1238 quae
562 1176 642 1221 nunc
665 1159 701 1220 ab
724 1160 858 1241 Apolline
880 1170 950 1222 nota
974 1169 1036 1242 est,

155 1248 364 1327 vocalemque
387 1265 442 1309 000
464 1255 575 1309 terram
597 1247 750 1310 Dodonida
773 1266 904 1331 quercu,

154 1335 370 1415 Chaoniosque
393 1337 500 1417 sinus,
522 1334 575 1397 ubi
597 1338 660 1397 nati
682 1354 752 1416 rege
775 1336 902 1398 Molosso
939 1351 965 1392 t.
979 1349 1090 1392 chutu-

156 1424 253 1486 Irrita
276 1422 420 1486 subiectis
441 1423 546 1503 ingere
568 1423 706 1486 incendia
727 1427 851 1505 pennis.

206 1512 347 1574 Proxima
368 1510 535 1573 Phaeacum
556 1511 694 1574 felicibus
717 1513 813 1575 obsita
834 1515 930 1593 pontis

78 1601 247 1664 72011υο0
268 1608 398 1681 petunt.
424 1599 532 1680 Epiros
555 1599 592 1661 ab
614 1599 663 1662 his
675 1648 685 1682 ,
707 1609 889 1681 regnataque
911 1604 971 1663 rati

159 1688 330 1753 Buthrotos
351 1687 480 1768 Phrygio
502 1686 698 1768 simulataque
721 1689 810 1750 'l'roia
833 1698 971 1752 tenetur.

159 1777 237 1839 lnde
260 1777 430 1839 luturorum
453 1778 529 1838 certi
541 1824 551 1859 ,
574 1794 650 1855 qnae
673 1785 782 1839 cuncta
803 1778 883 1840 fideli

161 1864 329 1927 Priamides
351 1863 483 1926 Helenus
506 1867 622 1927 monitu
644 1866 854 1947 praedixerat,
875 1869 989 1929 intrant

163 1953 335 2015 Sicaniam.
362 1951 461 2014 tribus
483 1952 558 2015 haee
580 1955 714 2016 excurrit
734 1955 768 2016 in
791 1971 919 2034 aequora
941 1958 1059 2036 pinnis,

85 2040 324 2132 777οΕ001100
346 2039 518 2103 imbriferos
540 2049 587 2104 est
608 2059 696 2104 versa
717 2041 871 2122 Pachynos
895 2043 931 2104 ad
954 2052 1089 2126 austros,

161 2129 303 2192 Mollibus
325 2131 493 2210 expositum
515 2129 652 2210 zephyris
675 2128 856 2212 Lilybaeon3
879 2139 910 2192 at
930 2131 1036 2194 100100

161 2219 311 2298 Aequoris
332 2225 474 2299 expertes
494 2225 609 2299 spectat
632 2217 811 2299 boreamque
834 2219 974 2281 Peloros.

162 2306 227 2369 Hac
249 2305 380 2371 subeunt
402 2305 534 2388 Teucri,
557 2314 588 2368 et
609 2309 701 2368 remis
724 2314 869 2386 aestuque
892 2307 1023 2369 secundo

164 2395 230 2458 Sub
252 2403 372 2458 noctem
393 2397 508 2476 potitur
530 2393 673 2458 Zanclaea
696 2395 798 2458 classis
820 2395 947 2457 harena.

91 2495 149 2547 700
163 2483 262 2565 Scylla
284 2482 361 2547 latus
383 2483 545 2565 dextrum,
566 2483 684 2546 laeuum
706 2485 874 2563 inrequieta
896 2482 1059 2564 dhnphdis

164 2573 332 2634 lalestant.
360 2580 445 2634 rorat
467 2571 541 2634 haee
563 2580 663 2653 raptas
685 2574 870 2652 revomitque
894 2574 1028 2656 carinas,

163 2661 217 2722 llla
239 2661 312 2722 ieris
334 2667 430 2723 atram
452 2659 576 2723 canibus
599 2662 784 2741 succingitur
807 2661 922 2744 druna,

163 2748 296 2830 Virginis
319 2767 372 2811 ora
392 2766 525 2832 gerens,
547 2758 600 2830 et,
622 2753 649 2813 si
671 2767 732 2811 non
754 2751 853 2811 omnia
875 2759 957 2813 vates

164 2837 248 2900 Ficta
270 2836 459 2917 reliquerunt
471 2886 481 2921 ,
503 2837 602 2918 aliquo
627 2856 746 2918 quoque
769 2847 904 2918 tempore
927 2840 1027 2918 virgo.

97 2926 249 2989 70011000
271 2925 358 2989 multi
380 2928 495 3007 petiere
516 2928 624 3007 proci:
647 2926 756 3006 qulbus
779 2927 827 2987 illa
850 2926 980 3007 repulsis

165 3015 209 3077 dd
232 3013 329 3095 pelagi
351 3015 516 3095 nymphas,
538 3015 636 3095 pelagi
658 3018 825 3095 gratissima
847 3014 1003 3096 nymphis,

164 3102 230 3165 lbat
241 3150 251 3185 ,
274 3110 305 3164 et
328 3103 427 3165 elusos
450 3106 591 3165 iuvenum
615 3103 754 3166 narrabat
776 3121 908 3167 amurca.

166 3190 223 3253 (lui
244 3191 316 3254 dum
338 3190 504 3273 pectendos
526 3190 651 3272 praebet
673 3191 791 3255 Galatea
814 3192 954 3273 capillos,

165 3278 287 3342 Talibus
309 3279 494 3361 alloquitur,
517 3285 657 3361 repetens
680 3282 831 3361 suspiria,
854 3280 958 3341 dietis:

101 3378 153 3432 ltu
167 3364 222 3430 ‘Te
245 3376 367 3450 umen,
390 3386 408 3429 0
430 3371 515 3448 virgo
527 3416 536 3450 ,
559 3386 655 3449 genus
677 3368 756 3431 haud
778 3369 882 3430 tramite
905 3370 1037 3430 virorum

164 3456 309 3539 Expedi,
332 3464 425 3537 utque
449 3458 543 3540 lacis,
565 3464 652 3538 potes
674 3456 721 3518 his
743 3460 856 3537 inpune
879 3475 1006 3537 negare.

165 3546 202 3607 dt
225 3545 320 3627 mihi,
344 3547 499 3626 culpator
522 3554 569 3608 est
590 3545 729 3630 Nereus,
753 3563 840 3625 quana
864 3546 982 3608 caerula
1004 3544 1091 3605 Dnris

824 3647 878 3700 ta*
