2467 4042
154 204 246 261 XVIII

154 370 307 449 mitatum,
334 372 369 430 ut
396 370 489 428 habet
514 369 656 429 Pacatus:
683 368 716 429 in
737 368 837 430 Fastis
864 370 937 431 satis
965 371 1105 447 frequens
1131 372 1163 429 id

155 478 250 537 genus
278 458 562 534 supplementorum.
614 476 642 518 r.
657 459 730 519 ,292
754 458 834 534 quod
856 458 947 536 edidi,
974 459 1073 534 potuit
1099 459 1170 535 ipse·

156 547 354 623 interpolator
362 542 534 621 'praeferret
553 545 701 619 explorati
718 545 793 604 nihil
807 548 861 607 est.
910 567 938 607 r.
953 548 1018 607 434
1034 546 1162 621 Celeique

155 635 236 710 dedi,
268 632 347 711 quod
372 653 432 693 non
458 632 608 708 videbam,
638 651 695 710 quo
723 633 811 693 modo
833 634 1003 711 Harpalyce
1029 635 1080 696 rel
1101 635 1162 695 filio

154 724 203 783 vel
224 723 319 782 fratre
342 722 522 801 interempto
544 724 604 782 olm
625 724 754 782 moabie
775 723 996 797 temptavisset:
1024 728 1051 782 le
1066 727 1162 798 perito

158 829 218 870 non
241 809 278 869 de
299 828 405 870 mensa
426 809 564 885 apposita
585 809 817 886 interpretabar,
840 810 894 871 aed
916 812 952 870 de
975 811 1035 871 alio
1058 812 1162 888 quovis

155 899 237 960 vitae
261 897 445 975 discrimme,
472 897 520 957 cui
547 897 680 957 obiectur
707 916 783 974 puer
809 900 840 958 et
863 900 947 959 velut
968 899 1161 975 interpositus

155 986 269 1048 fnisset.
324 985 501 1062 Demophon
532 983 614 1045 Celei
645 985 724 1045 filius
754 986 835 1062 apud
865 985 1080 1062 Apollodorum
1102 987 1160 1048 15

155 1076 350 1151 comburitur,
368 1074 438 1151 quia
457 1092 540 1135 soror
554 1075 682 1134 clamore
697 1074 815 1134 sublato
830 1076 889 1135 vim
902 1078 1031 1136 manao
1044 1080 1162 1150 templa·

154 1168 243 1224 oerol.
299 1164 334 1223 de
362 1162 512 1223 locutione
534 1162 600 1237 ipsa
623 1163 679 1222 hac
700 1180 761 1223 non
783 1161 995 1240 dubitaverim,
1019 1162 1071 1223 sed
1092 1182 1162 1239 pen-

154 1254 283 1312 tameter
313 1251 346 1311 in
373 1268 406 1310 re
434 1250 564 1310 absurda
595 1249 767 1310 duriusoula
797 1252 907 1326 utitur,
939 1245 985 1311 ‘tu
1016 1252 1057 1312 sis
1088 1246 1161 1319 ille',

156 1359 215 1417 qua
232 1339 430 1415 interpolator
453 1338 544 1398 etiam
567 1340 630 1400 509
654 1340 729 1399 443.
782 1357 836 1399 nec
858 1339 937 1415 quod
959 1342 1024 1401 492
1049 1339 1162 1399 editum

155 1431 202 1487 est
230 1428 325 1488 multo
349 1427 459 1486 rectius
482 1427 587 1504 habet,
619 1445 708 1504 quam
735 1425 813 1504 quod
836 1427 975 1487 falsarius
997 1447 1047 1504 eo,
1073 1447 1161 1503 quem

154 1515 278 1575 Ellisius
304 1514 460 1591 indicavit,
488 1532 576 1574 sensu
603 1514 737 1590 scripsIt:
768 1515 846 1591 apud
872 1514 959 1575 illum
988 1534 1081 1590 oquae
1106 1534 1161 1591 pro

155 1603 279 1679 rupibus
307 1605 361 1662 aut
389 1602 449 1662 aris
472 1601 568 1662 dictae
592 1602 759 1679 offendunt,
785 1606 900 1663 nomiae
926 1607 1019 1678 saepe
1041 1602 1161 1664 Ouidia-

153 1710 225 1749 num
253 1709 313 1750 non
340 1697 393 1751 est
446 1690 580 1766 proximo
607 1709 696 1751 versu
723 1691 785 1750 Nec
810 1691 946 1768 intellegi
967 1692 1104 1752 volebam
1126 1696 1163 1751 ut

154 1779 225 1839 Met.
249 1778 276 1837 V
296 1781 331 1855 33
354 1778 489 1854 acquod
512 1778 591 1838 infra
613 1781 659 1838 est
679 1780 741 1838 559
762 1781 828 1839 560
851 1777 955 1839 eodem
973 1798 1071 1856 sensu,
1093 1798 1162 1839 enm

155 1868 211 1926 boc
239 1886 275 1926 ex
302 1862 406 1926 eodem
428 1864 578 1927 Ciceronis
609 1868 674 1927 loco
700 1866 805 1926 inferri
831 1868 941 1942 potuit:
974 1868 1026 1927 sed
1053 1869 1163 1928 necin

155 1955 294 2014 Tibenno
323 1956 386 2016 514
416 1954 498 2014 aliud
525 1973 612 2031 quam
640 1942 769 2015 mortem
791 1955 941 2016 recensuIt
962 1956 1059 2016 homo.
1113 1975 1162 2015 re·

155 2047 237 2103 stant
267 2042 374 2119 igitur,
406 2060 532 2120 quarum
558 2042 657 2102 minue
686 2043 852 2119 paeniteat,
885 2044 1070 2104 coniecturae
1096 2047 1161 2104 trcs

154 2133 202 2191 vel
230 2133 381 2207 quattuor.
435 2151 463 2191 v.
489 2133 552 2191 140
578 2133 715 2191 immanis
738 2131 799 2191 aive
822 2134 855 2192 in
875 2135 972 2193 meato
993 2132 1081 2208 pauci
1101 2133 1162 2192 mei

154 2220 225 2278 libri
260 2219 420 2281 habebant.
474 2217 657 2279 Schraderus
692 2218 891 2295 adscripscrat
926 2213 1061 2280 ‘uidetur
1096 2239 1161 2281 cor·

154 2310 278 2383 ruptum
301 2352 308 2366 .
331 2307 368 2365 de
395 2306 464 2368 vivo
491 2307 556 2383 agit
583 2308 622 2367 ad
648 2326 676 2369 r.
706 2302 789 2369 161².
843 2308 986 2368 correctio
1012 2327 1073 2369 non
1098 2309 1163 2368 vio-

154 2396 244 2456 lenta.
298 2414 326 2455 v.
350 2397 412 2456 357
437 2395 594 2471 intellego,
623 2388 661 2455 ‘si
683 2395 731 2455 cui
752 2395 825 2456 facia
847 2396 961 2473 ignem,
988 2397 1093 2457 ardeat
1115 2416 1162 2472 eo,

154 2502 212 2560 quo
236 2476 371 2544 Canaoe’.
423 2485 520 2558 faeere
545 2501 659 2544 emmas
681 2487 728 2544 est
750 2484 830 2545 Fast.
853 2485 899 2543 III
924 2487 973 2558 18,
995 2486 1091 2559 facere
1112 2487 1163 2545 clo·

155 2573 256 2640 lorea,
288 2573 474 2648 decideriam,
505 2574 595 2641 iram,
628 2575 757 2633 timoren
782 2572 928 2651 vulgaria.
981 2593 1009 2636 v.
1037 2575 1100 2635 512
1128 2573 1163 2635 in

153 2661 298 2721 librorum
322 2661 471 2736 scriptura
488 2659 577 2724 Stella
595 2661 794 2735 Leoprepidae
816 2678 881 2721 uam
903 2662 961 2735 fait
982 2679 1075 2735 aeoao
1097 2664 1162 2722 ciro

154 2750 354 2823 Leoprepidae
384 2750 448 2808 elro
479 2748 543 2808 iure
576 2749 752 2824 displicebat
783 2747 961 2823 Schradaro,
992 2749 1163 2826 temptabat

155 2838 208 2898 dei.
242 2854 335 2910 cepaea
357 2836 533 2914 languidum
555 2855 610 2897 nec
632 2837 759 2897 latInum
783 2837 915 2914 quidem,
943 2836 1002 2896 nisi
1024 2838 1062 2895 ad
1084 2837 1163 2896 illud

154 2925 229 2985 velis
252 2925 376 3001 referre,
404 2925 481 3002 quod
509 2927 555 2985 est
581 2925 661 3001 apud
684 2924 867 3001 Ciceronem,
894 2927 1035 3003 reliquam
1057 2944 1077 2985 o
1099 2929 1164 2986 saia

157 3014 334 3088 Tyndaridis
350 3017 466 3088 peteret.
516 3014 644 3073 maxime
667 3032 737 3076 vero
760 3014 956 3089 improbabile
975 3014 1059 3089 illud,
1082 3013 1164 3089 quod

156 3102 247 3161 etiam
262 3099 442 3161 Schraderua
457 3102 557 3178 habet,
581 3096 682 3161 ‘stella
694 3121 748 3178 pro
763 3095 963 3179 Tyndaridia',
981 3120 1164 3178 quamquam

156 3190 272 3250 adiecto
300 3182 400 3249 ‘modo
428 3189 468 3249 sit
495 3190 577 3250 locus
606 3184 715 3250 sanus'.
770 3189 807 3249 de
834 3189 1039 3250 catasterismo
1063 3187 1164 3248 Gemi-

156 3297 262 3338 norum
283 3296 371 3337 nemo
390 3277 543 3354 cogitabit,
566 3297 745 3355 quamquam
763 3280 845 3339 stella
861 3296 916 3353 pro
934 3280 1026 3338 sidere
1044 3276 1165 3339 dicitnr.
1209 3284 1213 3291 ‘

158 3367 209 3426 sed
235 3384 290 3426 nec
316 3367 399 3427 oldae
420 3367 501 3427 Fast.
524 3366 553 3424 V
578 3369 642 3427 720
668 3366 750 3426 aliud
773 3366 921 3443 significat
944 3385 1034 3442 quam
1056 3366 1165 3426 stellas

156 3455 232 3527 illas,
256 3472 330 3530 quas
352 3455 444 3514 moris
457 3454 516 3515 fuit
529 3448 729 3529 ἀναπέμπειν
743 3449 788 3515 εἰ(
802 3452 860 3529 τὴν
874 3453 940 3514 τῶν
954 3450 1166 3527 Διοικούρων
1199 3496 1203 3502 -

157 3536 364 3617 ἐπιφάνειαν,
386 3540 471 3602 Diod.
495 3542 539 3601 IV
562 3544 618 3619 433
646 3541 698 3603 sed
725 3539 800 3603 τοὺ(
828 3539 1072 3618 χειμαζφμένουε
1095 3541 1166 3604 τῶν
