2467 4042
462 270 484 322 1.
502 281 529 321 11
542 272 656 323 sc-sr.
1001 264 1065 329 125

190 431 288 494 Mollia
310 431 471 511 naufragiis
494 431 581 493 litora
603 449 692 510 posse
714 431 795 493 dari.

146 520 221 582 Cum
243 520 352 599 video,
374 537 462 599 quam
486 521 546 580 sint
568 538 634 580 mea
656 520 715 581 fata
737 521 873 600 tenacia,
896 519 1033 599 frangor3

192 609 326 688 Spesque
349 607 422 668 levis
445 625 550 687 magno
574 609 654 695 victq
673 610 780 669 timore
804 607 899 668 cadit.

99 707 132 757 eo
147 695 208 757 Nec
231 705 330 758 tamen
353 694 480 756 ulterius
504 698 663 775 quicquam
686 712 810 774 sperove
833 712 993 776 precorve,

194 784 289 855 Quam
311 782 386 845 male
409 791 522 845 mutato
545 801 635 863 posse
657 800 760 844 carere
782 782 866 843 loco.

146 872 206 933 Aut
227 872 307 951 hoc,
330 879 381 933 aut
402 871 477 931 nihil
499 880 545 933 est
557 919 566 952 ,
593 889 649 950 pro
672 889 719 932 me
742 877 887 950 temptare
910 870 1043 932 modeste

71 991 74 996 ,
191 960 291 1021 Gratia
314 959 393 1039 quod
417 958 496 1020 salvo
518 966 617 1021 restra
639 959 754 1039 pudore
778 967 884 1038 queat.

147 1048 295 1128 Suscipe,
316 1048 465 1109 Romanae
488 1048 647 1129 facundia,
670 1047 818 1128 Maxime,
840 1047 957 1126 linguae

98 1149 131 1201 70
189 1136 323 1198 Difficilis
346 1154 452 1198 causae
475 1138 546 1197 mite
569 1138 767 1215 patrocinium
779 1182 789 1198 .,

145 1224 199 1286 Est
221 1224 318 1305 mala,
341 1225 506 1287 confiteor:
539 1225 591 1286 scd
614 1233 645 1286 te
668 1224 744 1286 hona
767 1225 819 1285 fiet
841 1232 964 1302 agente:

189 1312 281 1373 Lenia
303 1330 358 1391 pro
380 1315 488 1373 misera
511 1314 556 1373 lae
580 1312 667 1374 modo
690 1312 781 1374 verba
802 1314 889 1389 luga.

146 1399 250 1460 Nescit
272 1402 351 1459 enim
374 1399 482 1460 Caesar
494 1446 503 1479 ,
527 1401 660 1479 quamvis
684 1399 758 1460 deus
781 1401 880 1460 omnia
902 1401 999 1479 norit,

192 1486 319 1547 Ultimus
342 1486 390 1546 hic
414 1505 472 1564 qua
495 1489 534 1546 sit
556 1487 730 1548 condicione
753 1487 854 1547 locus.

100 1586 133 1636 75
148 1574 252 1654 Magna
275 1580 378 1635 teuent
401 1573 473 1633 illud
497 1591 609 1635 urrmen
632 1573 781 1634 molimina
804 1591 925 1654 rerum3

191 1662 270 1723 Haeo
294 1670 341 1723 est
363 1661 483 1723 caelesti
505 1672 627 1741 pectore
650 1680 723 1723 cura
745 1665 859 1723 minor.

145 1751 207 1814 Nec
230 1758 314 1812 vacat
326 1797 336 1831 ,
359 1752 390 1812 iu
414 1769 471 1829 qua
495 1753 555 1812 sint
576 1752 668 1829 positi
689 1752 811 1829 regione
834 1749 984 1831 Tomitae,

191 1839 365 1920 Quaerere,
388 1840 513 1899 finitimo
537 1840 585 1899 vix
607 1838 672 1900 loca
695 1846 765 1899 nota
787 1838 900 1899 Getae:

147 1928 206 1989 Aut
229 1928 300 2007 quid
320 1927 512 1988 Sauromatae
535 1926 660 2008 iaciant,
685 1926 756 2005 quid
778 1926 897 2005 lazyges
922 1941 1023 2007 acres,

99 2027 133 2077 80
191 2016 335 2094 Cultaque
359 2014 501 2077 Oresteae
523 2015 651 2076 Taurica
674 2023 754 2076 terra
777 2014 867 2076 deae:

148 2104 290 2183 Quaeque
308 2104 381 2165 aliae
399 2114 503 2183 gentes
513 2150 523 2185 ,
546 2102 599 2164 uhi
616 2104 728 2182 frigore
747 2105 881 2163 constitit
897 2101 1014 2183 Hister,
1038 2115 1068 2164 (8)

191 2193 271 2254 Dura
292 2200 392 2260 meant
415 2193 506 2253 celeri
528 2199 612 2272 terga
634 2210 689 2271 per
712 2194 806 2252 amuis
829 2208 924 2269 equo.

147 2281 272 2342 Maxima
295 2298 365 2359 pars
387 2280 541 2342 homiuum
564 2298 620 2342 uec
643 2288 696 2360 te,
719 2279 942 2360 pulcherrima,
966 2286 1068 2359 curat,

191 2369 284 2430 Roma
296 2414 306 2448 ,
328 2385 385 2429 nec
407 2367 541 2430 Ausonii·
552 2368 655 2430 militis
678 2386 759 2431 arma
781 2370 883 2430 timet.

100 2456 224 2518 stillant
247 2454 305 2516 illis
328 2457 441 2516 animos
464 2474 551 2517 arcus
573 2456 738 2536 plenaeque
761 2456 918 2535 pharetrae

193 2544 347 2623 Quamque
370 2541 444 2603 libet
466 2544 561 2622 longis
584 2543 725 2606 cursibus
747 2552 834 2622 aptus
858 2562 971 2625 equus,

150 2631 296 2709 Quodque
314 2632 394 2691 sitim
417 2630 547 2692 didicere
571 2631 624 2693 diu
646 2632 772 2693 tolerare
796 2632 980 2713 famemque,

194 2717 339 2800 Quodque
361 2736 492 2797 sequens
515 2718 610 2780 nullas
634 2720 729 2781 hostis
751 2719 872 2781 habehit
894 2738 1003 2800 aquas.

149 2808 196 2874 lra
218 2809 275 2868 viri
297 2809 379 2870 mitis
401 2824 461 2868 uon
485 2825 532 2868 me
555 2809 687 2869 misisset
708 2810 740 2869 in
764 2810 868 2890 istam,

99 2909 135 2958 90
194 2896 227 2957 Si
249 2898 321 2957 satis
343 2896 417 2958 haec
440 2894 483 2956 illi
505 2903 574 2957 uota
598 2897 705 2957 luisset
726 2896 853 2959 humus.

148 2982 210 3044 Nec
233 3002 303 3065 me,
321 3002 377 3046 nec
395 3001 574 3063 quemquam
592 2984 757 3047 Romanum
775 2984 885 3064 gaudet
906 2984 944 3046 ab
967 2984 1069 3064 hoste,

192 3069 299 3150 Meque
323 3074 444 3151 minus,
467 3074 556 3132 vitam
579 3075 630 3134 cui
652 3070 740 3133 dabat
762 3075 848 3152 ipse,
871 3075 954 3151 capi.

149 3158 271 3238 Noluit,
295 3167 330 3220 ut
351 3167 490 3239 poterat,
513 3161 635 3221 minimo
659 3177 707 3221 me
729 3160 855 3239 perdere
878 3167 972 3221 nutu.

193 3246 241 3308 Nil
264 3265 340 3327 opus
364 3257 409 3309 est
432 3246 500 3309 ullis
523 3250 555 3308 in
577 3266 643 3310 mea
666 3248 725 3309 fata
747 3247 848 3309 Getis.

100 3347 134 3397 95
150 3335 208 3398 Sed
231 3352 351 3417 neque,
374 3354 429 3397 cur
451 3352 607 3418 morerer,
631 3339 790 3417 quicquam
812 3337 886 3398 milri
908 3338 1053 3416 comperit

734 3433 797 3486 tum

191 3511 230 3575 Et
252 3516 352 3576 minus
374 3514 502 3577 infestos
514 3562 523 3595 ,
548 3533 637 3595 quam
660 3443 739 3593 tulate,
763 3470 829 3574 esse
851 3521 967 3594 potest.

148 3600 233 3663 'lunc
256 3619 375 3684 quoque
398 3602 439 3664 nil
463 3603 534 3664 iecit
546 3649 555 3684 ,
578 3605 639 3665 nisi
657 3603 738 3682 quod
760 3603 858 3664 lacere
880 3605 944 3682 ipse
968 3603 1068 3680 coegi:
