2467 4042
410 271 437 343 Ι,
462 268 524 334 527
537 305 575 315 -
589 270 660 332 602.

48 431 92 484 ⁵65
101 422 182 499 Ergo
197 421 254 483 ubi
269 422 451 497 contigerint
467 422 557 497 positi
575 421 626 482 libi
642 440 769 482 munera
783 424 904 499 Bacchi,

142 508 251 583 Atque
265 510 323 569 erit
337 508 366 566 in
384 507 461 566 socii
477 507 588 566 femina
603 514 689 582 parte
703 507 770 579 tori,

102 591 339 671 Nycteliumque
356 599 470 666 patrem
487 598 698 666 nocturnaque
713 607 802 651 sacra
817 608 951 668 precare,

141 677 186 735 Ne
202 678 331 737 iubeant
345 676 436 750 capili
452 675 522 734 vina
539 691 650 735 nocere
666 684 727 736 tuo.

100 760 156 820 Hic
169 766 225 821 tibi
241 762 338 821 multa
354 761 425 820 licet
440 775 581 819 sermone
595 760 718 819 latentia
734 761 824 820 lecto'

49 850 92 905 570
140 845 267 917 Dicere,
293 860 375 920 quae
390 844 450 904 dici
466 844 578 904 sentiat
592 843 643 903 illa
657 843 730 904 sibi:

101 928 336 1004 Blanditiasque
351 930 436 988 leves
451 929 532 988 tenui
549 929 742 1003 perscribere
757 928 839 1002 vino,

139 1015 178 1075 Ut
193 1013 354 1073 dominam
367 1013 396 1071 in
413 1028 521 1072 mensa
535 1028 570 1071 se
585 1014 666 1086 legat
680 1013 731 1071 illa
747 1019 839 1072 faama

101 1098 199 1172 Atque
216 1099 331 1158 oculos
347 1097 444 1157 oeulis
461 1104 603 1171 spectare
619 1096 781 1156 fatentibus
797 1097 910 1171 ignem:

141 1181 245 1257 Saepe
260 1190 369 1242 tacens
382 1196 492 1241 vocem
507 1181 667 1256 verbaque
683 1182 782 1241 vultus
797 1180 897 1240 hahet.

50 1265 157 1326 arurae
173 1266 295 1342 primus
310 1265 417 1340 rapias
432 1265 512 1326 illius
529 1271 607 1325 lacta
623 1265 740 1325 labellis

138 1349 270 1423 Pocula,
294 1366 420 1425 quaque
435 1349 511 1409 bibit
526 1356 613 1424 parte
629 1350 746 1424 puella,
765 1347 870 1408 bibas:

100 1432 134 1493 Iit
147 1450 376 1509 quemcumque
392 1434 492 1494 cibum
511 1433 613 1508 digitis
630 1432 770 1492 libaverit
781 1432 841 1505 illa,

137 1517 180 1579 Tu
194 1526 280 1594 pete.
304 1518 439 1592 dumque
454 1524 557 1593 petes,
580 1518 620 1577 sit
633 1517 686 1576 tibi
702 1523 782 1577 tacta
796 1533 914 1576 manus.

102 1599 163 1662 Sint
175 1603 270 1663 etiam
285 1609 335 1663 tua
350 1610 438 1675 vota,
461 1602 527 1663 viro
544 1602 701 1677 placuisse
716 1601 851 1677 puellae=

52 1691 92 1745 ico
136 1686 246 1747 Utilior
261 1685 353 1748 vobis
369 1687 468 1746 factus
484 1686 601 1746 amicus
617 1686 681 1746 erit.

103 1770 187 1846 Huic,
210 1769 238 1833 si
258 1778 342 1831 sorte
355 1770 460 1846 bibes,
482 1777 596 1831 sortem
613 1770 750 1831 concede
766 1770 913 1844 priorem:

138 1855 213 1916 Huic
229 1856 323 1915 detur
337 1855 428 1930 capiti
444 1855 540 1915 missa
555 1870 672 1915 corona
687 1861 750 1914 tuo.
865 1903 867 1905 .

103 1935 168 1999 Sive
182 1941 222 2000 sit
235 1937 379 2014 inferior,
404 1955 458 1998 seu
475 1955 545 2014 par,
569 1939 654 2014 prior
669 1938 771 1997 omnia
786 1946 899 1999 sumat:

139 2023 198 2084 Nec
213 2024 340 2084 dubites
355 2021 397 2082 illi
413 2023 507 2082 verba
521 2023 658 2082 secunda
673 2022 768 2097 loqui.
850 2045 852 2047 ·

55 2104 168 2167 saluta
183 2110 397 2183 frequensque
411 2106 464 2166 via
481 2113 543 2181 est,
566 2122 623 2182 per
637 2107 725 2166 amici
741 2107 845 2165 fallere
860 2123 977 2167 nomen.

140 2193 210 2252 Tuta
225 2192 437 2266 frequensque
452 2191 524 2251 licet
540 2191 579 2251 sit
595 2191 661 2264 via,
686 2191 798 2249 crimen
815 2190 915 2250 habet.

104 2275 170 2334 lude
183 2284 369 2354 procurator
382 2275 507 2334 nimium
523 2291 650 2350 quoque
665 2274 758 2334 multa
774 2281 924 2349 procurat,

139 2360 175 2421 lit
187 2358 249 2420 sibi
264 2358 417 2420 mandatis
432 2360 520 2434 plura
535 2358 671 2418 videnda
688 2364 781 2434 putat.

105 2441 184 2504 cena
196 2445 252 2504 tibi
267 2461 286 2503 a
301 2443 391 2504 nobis
406 2443 528 2503 dabitur
541 2459 685 2502 mensura
699 2442 840 2502 bibendi:

57 2529 97 2584 lit
142 2526 280 2590 Officium
301 2534 457 2603 praestent
471 2543 622 2603 mensque
637 2527 796 2602 pedesque
812 2544 910 2587 suum.

105 2609 194 2685 iurgia
209 2612 378 2688 praecipue
393 2612 464 2672 vino
480 2611 632 2671 stimulata
647 2618 764 2684 caveto,

141 2695 175 2756 ill
188 2697 314 2756 nimium
331 2696 437 2755 faciles
453 2696 491 2755 ad
507 2697 572 2755 fera
588 2694 670 2756 betta
683 2712 800 2755 manus.

106 2776 211 2841 Occidit
224 2780 377 2858 Eurytion
393 2781 484 2841 stulte
499 2780 570 2840 dala
586 2780 658 2865 yina
670 2779 815 2840 bibendo.

141 2863 248 2940 Aptior
261 2871 311 2924 est
325 2864 529 2925 dulcimensa
543 2880 721 2939 merumque
736 2865 814 2924 ioco.

60 2943 134 3006 rarsi
149 2964 206 3009 vox
220 2957 284 3021 est,
309 2955 406 3008 canta.
431 2950 456 3009 si
471 2949 574 3009 mollia
589 2949 730 3022 brachia,
754 2949 845 3008 sallat

140 3031 175 3092 lit
189 3049 386 3109 quacumque
401 3041 489 3108 potes
506 3034 577 3093 dote
594 3033 730 3107 placere,
755 3035 851 3108 place.

104 3111 232 3178 Ebrietas
248 3125 283 3178 ut
298 3132 372 3176 vera
388 3125 491 3191 nocet,
514 3117 560 3177 sic
575 3116 646 3177 licta
660 3115 790 3177 iurabit=

141 3197 197 3261 Fac
211 3201 320 3262 titubet
334 3201 440 3262 blaeso
456 3201 587 3261 subdola
603 3202 705 3276 lingua
720 3217 807 3273 sono,

107 3279 152 3355 lll,
173 3285 317 3361 quiequid
334 3284 429 3345 facias
441 3285 568 3346 dicasve
584 3286 757 3361 protervius
772 3301 881 3361 aequo,

61 3367 99 3420 iil
142 3366 284 3429 Credatur
296 3369 420 3429 nimium
437 3386 532 3431 causa
550 3370 646 3430 fuisse
660 3386 785 3430 merum.

108 3445 225 3513 &bene
239 3453 290 3514 dic
306 3453 463 3529 dominae,
482 3455 577 3527 bene,
600 3470 668 3514 cum
685 3470 746 3529 quo
762 3453 891 3514 dormiat
906 3453 955 3512 illa

143 3533 215 3609 Sed,
237 3537 318 3598 male
333 3538 386 3611 sit,
409 3538 500 3600 tacita
514 3547 613 3600 mente
628 3555 770 3616 precare,
781 3612 783 3617 Ι
794 3539 868 3599 vtro.
