2467 4042
466 241 513 293 vr.
533 242 682 294 121-194.
894 321 896 324 ⁴
1012 236 1077 302 aar

202 406 337 484 Extaque
360 404 397 465 de
420 421 511 484 porca
534 402 627 464 cruda
650 403 812 464 bimenstre
835 410 934 484 tenet,

157 496 255 574 Atque
279 496 320 554 ita
344 489 457 554 ‘noctis
481 509 571 571 aves,
595 492 671 552 extis
694 485 877 570 puerilibus'
900 493 998 571 inquit

23 630 24 651 ,
95 596 146 646 leo
205 579 362 642 ‘Parcitez
394 598 449 659 pro
472 597 562 658 parvo
585 581 704 640 victima
726 596 815 658 parra
838 578 932 640 cadit.

23 664 24 667 '
158 671 217 732 Cor
240 688 294 749 pro
319 665 431 749 corde,
454 685 584 747 precor,
607 685 662 746 pro
685 666 770 727 libris
793 669 900 727 sumite
923 665 1033 729 libras.

160 817 173 836 ,
196 757 285 819 llano
308 758 435 818 animam
459 755 542 816 vobis
564 772 619 834 pro
642 754 765 816 meliore
788 751 927 834 damus?

161 846 211 906 Sic
234 844 286 906 ubi
309 844 434 923 libavit,
456 852 594 922 prosecta
616 841 673 904 sub
696 843 817 904 aethere
840 844 942 924 ponit,

206 934 323 1013 Quique
347 932 445 993 adsint
467 933 583 1011 sacris,
605 931 756 1009 respicere
779 931 828 992 illa
850 938 947 993 vetat:

23 1092 24 1101 χ
94 1033 146 1084 teo
161 1021 310 1101 Virgaque
333 1019 439 1080 lanalis
462 1019 499 1080 de
523 1021 608 1098 spina
630 1021 752 1098 ponitur
774 1019 856 1100 alba,

23 1114 24 1118 ’
206 1109 270 1179 Qua
292 1108 394 1168 lumen
418 1106 554 1169 thalamis
576 1123 666 1186 parva
688 1108 819 1168 fenestra
842 1106 947 1169 dabat·

161 1195 233 1258 Post
255 1194 328 1256 illud
352 1212 408 1256 nec
431 1213 500 1257 aves
523 1213 616 1256 cunas
639 1194 763 1256 violasse
786 1196 943 1277 feruntur,

205 1283 244 1344 Et
266 1283 356 1344 rediit
376 1301 495 1364 puero,
518 1285 571 1361 qui
592 1283 651 1344 luit
672 1291 762 1358 ante,
786 1282 885 1344 color.

162 1371 288 1449 Pinguia
311 1388 366 1430 our
389 1369 448 1430 illis
471 1377 631 1449 gustentur
651 1369 733 1431 larda
756 1370 912 1453 Kalendis,

97 1472 149 1523 lto
207 1458 357 1536 Mixtaque
381 1475 450 1519 cum
473 1456 568 1517 calido
591 1459 631 1518 ait
654 1455 720 1517 laba
743 1458 844 1539 farre,
867 1455 980 1537 rogas?

161 1546 263 1607 Prisca
286 1545 341 1606 dea
365 1552 432 1625 est,
454 1544 603 1623 aliturque
626 1543 701 1604 cibis
725 1545 834 1623 quibus
857 1554 925 1607 ante
948 1545 1077 1629 solebat,

208 1633 271 1695 Neo
292 1635 369 1713 petit
391 1635 498 1693 ascitas
520 1632 673 1693 luxuriosa
696 1632 803 1712 dapes.

163 1723 258 1783 Piscis
281 1719 378 1782 adhuc
400 1720 443 1781 illi
465 1720 575 1800 populo
598 1722 663 1781 sine
686 1721 790 1782 fraude
813 1720 950 1804 natabat,

208 1809 376 1887 Ostreaque
399 1811 430 1869 in
454 1808 575 1869 conchis
599 1816 664 1870 tuta
686 1809 770 1870 luere
794 1812 873 1870 suis.

23 1890 24 1925 ³
98 1909 150 1960 rto
164 1896 226 1957 Neo
248 1896 366 1957 Latium
388 1904 497 1979 uorat,
520 1914 608 1976 quam
631 1895 755 1975 praebet
777 1896 858 1959 lonia
881 1896 980 1979 dives,

206 1984 267 2045 Neo
290 2002 367 2064 quae
389 1983 535 2064 Pygmaeo
559 1986 702 2063 sanguine
725 1984 855 2065 gaudet,
879 2004 979 2067 arem3

163 2073 201 2135 Et
222 2080 343 2152 praeter
365 2075 472 2153 pinnas
494 2071 568 2133 nihil
591 2075 622 2132 in
646 2089 759 2150 parone
783 2072 934 2153 placebat.

206 2160 269 2222 Nec
292 2161 380 2223 tellus
404 2168 504 2239 captas
526 2161 649 2221 miserat
671 2168 739 2222 ante
763 2161 859 2222 ieras.

165 2249 223 2311 Sus
246 2257 311 2310 erat
332 2251 363 2310 in
386 2251 506 2331 pretio,
529 2266 614 2310 caesa
638 2252 691 2309 su'e
714 2251 789 2310 leste
812 2248 965 2311 colebant.

23 2362 26 2369 ’
97 2349 149 2401 180
208 2335 300 2399 Terra
323 2335 405 2399 sabas
427 2344 543 2398 tantum
565 2337 700 2418 duraque
723 2337 802 2401 larra
826 2335 930 2398 dabat.

164 2425 246 2496 Quae
270 2425 330 2487 duo
353 2427 444 2487 mixta
466 2424 555 2486 simul
579 2426 671 2486 sextis
694 2427 875 2504 quicumque
898 2424 1037 2488 Kalendis

206 2512 311 2575 Ederit
322 2561 332 2593 ,
353 2513 425 2575 huic
447 2510 524 2574 laedi
547 2515 660 2574 viscera
681 2531 770 2592 posse
793 2522 922 2592 negant.

163 2601 239 2663 Arce
263 2620 383 2681 quoque
405 2603 437 2662 in
461 2619 575 2662 summa
597 2600 705 2669 lunoni
727 2601 836 2680 templa
859 2599 993 2662 Monetae

207 2688 252 2750 Ex
275 2699 343 2751 voto
366 2698 533 2751 memorant
555 2690 633 2750 lacta
645 2736 655 2769 ,
678 2688 820 2770 Camille,
843 2698 914 2752 tuo.

97 2788 148 2841 185
163 2777 238 2840 Ante
262 2777 368 2839 domus
390 2776 483 2838 blauli·
503 2778 621 2858 luerat,
645 2779 696 2861 qui
720 2776 829 2838 Gallica
852 2777 1000 2858 quondam

206 2868 230 2926 Α
253 2865 417 2945 Capitolino
440 2866 572 2946 reppulit
593 2882 673 2927 arma
696 2863 783 2926 love.

162 2953 256 3024 Quam
279 2952 378 3034 bene,
401 2954 432 3015 di
454 2951 575 3032 magni!
605 2971 705 3034 pugna
726 2953 886 3016 cecidisset
907 2956 939 3015 in
961 2953 1010 3015 illa
1022 3003 1031 3036 ,

206 3041 353 3103 Defensor
376 3041 442 3105 solii
454 3087 463 3120 ,
487 3041 620 3121 luppiter
642 3042 723 3123 alte,
746 3039 807 3103 tui!

23 3164 24 3167 =
50 3193 64 3199 ‚
161 3127 240 3190 Vixit
252 3175 262 3209 ,
284 3137 319 3191 ut
341 3129 491 3191 occideret
512 3128 668 3192 damnatus
692 3131 816 3192 crimine
839 3131 942 3210 regni.

23 3222 25 3258 ⁵
94 3229 147 3279 190
205 3215 292 3277 llune
314 3216 358 3278 illi
382 3217 499 3279 titulum
523 3216 609 3297 longa
633 3226 753 3280 senecta
775 3217 879 3279 dabat.

23 3320 24 3330 ³
160 3304 224 3367 Lux
247 3304 350 3365 eadem
372 3305 460 3369 llarti
482 3306 557 3367 iusta
581 3314 645 3388 est,
668 3324 756 3387 quem
779 3308 923 3387 prospicit
941 3314 1028 3368 extra

204 3394 381 3474 Appositum
404 3393 512 3456 Tectae
535 3402 622 3474 porta
646 3394 762 3474 Capena
786 3397 867 3456 riae.

159 3481 201 3544 Te
224 3500 367 3565 quoque,
391 3482 587 3563 Tempestas,
609 3485 745 3546 meritam
768 3482 892 3544 delubra
915 3483 1059 3562 latemur,

203 3570 277 3633 Cum
300 3588 394 3651 paene
418 3579 465 3633 est
488 3571 589 3632 Corsis
612 3569 718 3633 obruta
743 3570 846 3633 classis
869 3573 971 3651 aquis.

124 3677 205 3722 QVID.
227 3679 272 3721 111.
886 3675 920 3724 22
