2467 4042
179 229 221 296 qe
594 229 766 280 rmenmu

268 394 330 457 Sim
352 393 424 457 lieet
446 401 637 473 extremum,
664 394 742 455 siout
764 410 853 473 sum,
879 394 990 456 missus
1011 396 1048 456 in
1072 396 1203 480 orbem,

219 495 253 546 ιο
267 482 376 545 Nostra
400 500 468 544 suas
491 483 570 544 istue
592 483 726 561 porriget
748 482 792 541 ira
815 499 939 545 manus.

268 569 395 651 Omnia,
419 573 446 631 si
467 572 589 651 neseis,
612 568 719 630 Caesar
741 568 815 630 mihi
836 571 902 630 iura
925 569 1069 652 reliquit,

267 658 305 721 Et
328 658 390 722 sola
414 667 460 720 est
482 660 577 738 patria
600 674 695 736 poena
719 675 820 719 cerere
844 676 927 719 mea.

267 746 305 809 m
327 749 476 829 patriam,
498 745 585 808 modo
609 748 649 807 sit
671 762 797 827 sospes,
820 764 973 825 speramus
996 746 1035 808 ab
1060 749 1139 813 ilios

269 835 363 915 Saepe
386 833 463 896 lovis
486 834 545 897 telo
569 851 699 914 quereus
722 833 827 896 adusta
849 836 944 896 viret.

221 935 253 985 lo
269 923 402 1002 Denique
425 922 571 985 vindictae
594 925 622 983 si
644 924 684 984 sit
706 922 778 983 mihi
801 921 882 984 nulla
904 922 1047 1005 facultas,

267 1010 401 1073 Pierides
424 1012 504 1073 vires
527 1018 558 1073 et
580 1027 634 1072 sua
657 1009 715 1072 tela
738 1008 868 1072 dabunt.

268 1099 354 1172 Qttod
378 1098 523 1179 Scythicis
546 1098 677 1160 habitem
700 1097 787 1178 longe
811 1105 976 1161 summotus
999 1101 1031 1161 iu
1056 1104 1147 1183 oris,

269 1188 413 1267 Siccaque
437 1187 498 1252 sint
520 1186 615 1249 oeulis
637 1188 772 1267 proxima
795 1188 878 1266 signa
901 1188 992 1250 meis:

267 1275 375 1358 Nostra
398 1293 452 1355 per
475 1277 625 1336 inmensas
648 1273 735 1336 ibunt
757 1277 915 1354 praeconia
936 1284 1062 1358 gentes,
1085 1305 1090 1310 ·

218 1373 253 1425 eo
267 1363 413 1443 Quodque
438 1380 569 1445 querar,
591 1371 718 1438 notum,
742 1381 798 1442 qua
821 1371 903 1442 patet
925 1363 1029 1445 orbis,
1053 1369 1139 1428 erit.

267 1451 324 1514 ibit
347 1452 383 1515 ad
407 1468 567 1533 oooasum,
590 1450 732 1531 quiequid
756 1451 911 1533 dicemus,
933 1450 970 1512 ab
993 1459 1085 1534 ortu,

269 1539 367 1602 Testis
391 1546 422 1601 et
443 1539 597 1619 hesperiae
622 1541 702 1600 vocis
725 1557 798 1601 eous
822 1541 901 1601 erit.

270 1627 365 1690 Trans
389 1646 442 1708 ego
464 1627 625 1709 tellurem,
648 1635 730 1688 trans
753 1626 826 1688 altas
848 1628 951 1688 audiar
973 1628 1089 1712 undes,

268 1715 306 1778 Et
329 1719 456 1796 gemitus
480 1733 536 1777 vox
559 1727 607 1777 est
628 1731 733 1794 magna
756 1715 856 1776 futura
879 1717 958 1795 mei,

219 1816 252 1866 25
267 1804 329 1867 Neo
352 1812 403 1867 tua
426 1812 456 1866 te
480 1810 596 1866 sontem
620 1802 822 1866 tantummodo
847 1803 964 1866 saecula
986 1806 1110 1870 norint:

267 1892 433 1972 Perpetuoe
457 1894 570 1954 crimen
593 1893 776 1971 posteritatis
800 1894 877 1967 eris.

267 1979 328 2042 lam
351 1980 431 2043 seror
454 1982 485 2041 in
508 1998 645 2061 pugnas,
669 1988 700 2040 et
722 1978 855 2042 nondum
878 1998 988 2042 oornua
1011 1986 1153 2066 sumpsi,

268 2068 329 2130 Neo
353 2067 425 2129 mihi
447 2068 584 2130 sumendi
607 2085 696 2129 eausa
719 2070 759 2129 sit
781 2067 839 2129 ulla
851 2115 862 2151 ,
885 2067 988 2130 velim.

268 2156 373 2218 Circus
395 2155 492 2219 adhue
515 2164 634 2236 eessat3
658 2157 770 2236 spargit
793 2163 891 2218 tamen
914 2174 982 2217 aser
1004 2175 1132 2221 arenam

219 2257 253 2308 eo
268 2243 384 2306 Taurus
408 2253 438 2307 et
459 2245 568 2306 infesto
592 2246 650 2305 iem
672 2243 747 2323 pede
770 2244 870 2323 pulsat
891 2244 1032 2307 humum.

268 2331 331 2394 Hoe
359 2350 500 2414 quoque,
524 2350 610 2412 quam
634 2331 714 2393 volui
727 2379 736 2412 ,
758 2331 826 2410 plus
850 2342 917 2395 est.
955 2349 1026 2394 eane
1039 2379 1049 2413 ‚
1074 2333 1184 2420 Musa,

693 2429 852 2501 receptus,

269 2508 345 2571 [ium
367 2507 438 2571 iioet
460 2509 530 2571 huie
552 2525 663 2569 nomen
686 2507 873 2570 dissimulare
895 2506 1000 2571 suum!

659 2701 702 2775 X.

268 2858 321 2922 llle
345 2877 399 2939 ego
423 2861 474 2939 qui
497 2860 628 2941 fuerim,
651 2869 823 2922 tenerorum
846 2861 929 2923 lusor
952 2879 1107 2945 amorum,

270 2949 365 3021 Quem
387 2948 483 3031 legis,
505 2956 540 3010 ut
562 2951 646 3010 noris
658 2996 668 3031 ,
692 2951 792 3028 aooipe
815 2952 992 3029 posteritas.

270 3036 372 3099 Sulmo
396 3036 468 3098 mihi
491 3039 586 3117 patria
609 3045 677 3119 est,
699 3037 804 3116 gelidis
827 3036 996 3100 uberrimus
1020 3038 1130 3122 undis,

269 3125 348 3198 Milia
372 3128 424 3206 qui
446 3128 548 3186 novies
571 3124 661 3186 distat
683 3124 719 3186 ab
744 3124 822 3187 Urbe
846 3126 966 3188 deeem.

239 3212 376 3276 tEditus
398 3214 447 3275 hio
470 3231 525 3292 ego
549 3232 638 3293 sum3
660 3232 717 3275 nee
739 3231 799 3275 non
822 3223 856 3276 ut
878 3222 1011 3294 tempora
1033 3217 1140 3298 noris,

271 3301 345 3365 Cum
368 3301 477 3364 eeeidit
499 3301 558 3363 iato
582 3301 688 3363 consul
711 3309 838 3381 uterque
860 3304 943 3381 pari.

271 3389 375 3470 Siquid
399 3390 514 3471 idest,
537 3408 633 3469 usque
657 3409 673 3451 a
695 3392 813 3470 proavis
835 3398 920 3452 vetus
943 3390 1056 3452 ordinis
1082 3389 1195 3476 heres,

269 3477 335 3538 Non
359 3477 446 3538 modo
469 3478 606 3538 fortunae
630 3496 754 3539 munere
778 3479 874 3539 iaetus
897 3497 1007 3558 eques.

269 3563 332 3625 Nee
354 3567 446 3641 stirps
469 3567 563 3643 prima
587 3564 652 3644 sui3
675 3567 775 3643 genito
799 3583 865 3626 sum
890 3567 981 3628 tratre
1004 3574 1143 3651 oreatus,
