2467 4042
434 285 475 357 lt,
498 282 560 346 508
573 318 612 328 -
625 281 696 345 583.
1018 282 1078 346 203

176 436 267 510 Cum,
289 443 392 509 tener,
414 434 452 494 ed
468 441 571 510 partes
586 440 620 494 tu
634 450 775 510 quoque,
797 451 921 508 somne,
944 438 1041 497 venis.

130 521 198 582 Hac
212 535 288 595 ego,
312 519 477 592 confiteor,
500 534 561 577 non
578 535 646 578 sum
661 521 817 594 perlectus
831 522 861 579 in
876 528 950 580 arte.

176 604 256 679 Quid
270 604 404 664 iaciamt
425 602 547 662 monitis
565 618 633 662 sum
648 603 747 664 minor
761 605 830 678 ipse
843 605 931 664 meis.

129 689 223 750 Mene
238 689 342 764 palam
357 693 482 747 nostrae
496 686 548 746 det
561 686 725 762 qnisquam
740 688 828 762 signa
843 689 972 764 puellae,

55 783 119 837 nbc
171 773 210 832 Et
223 771 342 847 patiar,
362 785 422 830 nec
434 786 484 830 me
498 770 636 845 quolibet
649 773 694 830 ira
711 772 810 832 ierat?

129 856 247 918 Oscula
260 856 309 915 vir
325 854 470 925 dederat,
492 854 630 928 memini,
653 871 738 915 suus.
762 856 871 916 oscula
885 865 1013 931 questus

173 940 248 1002 Sum
265 939 348 999 data.
376 938 524 997 &ronna
537 946 645 1000 noster
659 938 795 1000 abundat
808 947 909 1000 amor!

128 1024 196 1086 Non
211 1024 310 1084 semel
325 1023 386 1083 hoc
401 1021 507 1082 vitium
520 1022 624 1083 nocuit
637 1022 719 1082 mihi.
752 1024 877 1085 Doctior
890 1024 949 1096 ille,

171 1108 239 1183 Quo
255 1107 385 1167 veniunt
398 1106 449 1166 alii
464 1105 647 1166 conciliante
661 1108 737 1167 viro.

56 1202 114 1255 555
126 1191 191 1253 Sed
206 1190 319 1252 melius
335 1190 477 1251 nescisse
490 1190 553 1250 luit.
577 1190 645 1250 sine
660 1191 741 1250 lurta
752 1198 900 1266 tegantur,

170 1276 216 1336 Ne
233 1275 329 1350 fugiat
342 1275 424 1335 victo
439 1273 544 1334 laesus
559 1273 598 1334 ab
614 1290 669 1334 ore
683 1275 792 1349 pudor.

125 1359 195 1434 Quo
211 1358 325 1433 magis,
347 1358 525 1430 niuvenes‚
548 1357 742 1433 deprendere
756 1360 871 1434 parcite
884 1370 1016 1422 vestras.

168 1444 317 1515 Peccent,
340 1448 507 1517 peccantes
523 1441 618 1500 verba
635 1441 762 1503 dedisse
777 1451 890 1518 putent.

125 1527 246 1587 crescit
260 1541 348 1586 amor
362 1524 495 1600 prensis.
526 1524 584 1585 Ubi
599 1542 657 1600 par
673 1526 793 1587 fortuna
806 1528 937 1588 duorum
951 1537 1008 1602 est,

54 1619 111 1674 56⁰
165 1611 201 1670 ln
218 1625 314 1670 causa
329 1609 431 1669 damni
447 1615 565 1684 perstat
579 1616 709 1684 uterque
724 1611 782 1672 sui.

122 1692 244 1755 Fabula
256 1701 397 1754 narratur
409 1699 473 1753 toto
488 1691 648 1754 notissima
663 1695 759 1765 caelo,

167 1777 347 1838 Mulciberis
362 1776 442 1852 capti
456 1776 603 1851 Marsque
618 1778 789 1853 Venusque
804 1779 893 1840 dolis.

54 1887 59 1892 ·
122 1863 210 1923 lllars
226 1867 327 1937 pater,
348 1862 458 1921 insano
472 1861 603 1922 Veneris
619 1861 758 1924 turbatus
774 1879 887 1937 amore,

166 1946 214 2007 lle
228 1945 309 2005 duce
324 1944 449 2005 terribili
464 1944 695 2005 lactusamatnr
707 1953 781 2007 erat.

54 2040 109 2094 ⁸65
120 2030 186 2091 Nec
200 2031 312 2090 Venus
326 2029 455 2089 oranti...
473 2045 575 2103 neque
589 2030 670 2090 enim
684 2030 743 2091 dea
758 2030 879 2092 mollior
890 2031 953 2092 ulla
966 2038 1044 2091 est„

165 2112 294 2174 Rustica
309 2113 443 2174 Gradivo
459 2112 656 2187 difficilisque
672 2115 737 2175 luit.

122 2199 165 2275 A,
190 2197 334 2272 quotiens
349 2197 466 2257 lasciva
481 2197 578 2272 pedes
593 2197 702 2258 risisse
716 2200 814 2259 mariti

164 2281 295 2356 Dicitur,
318 2289 349 2342 et
363 2281 457 2341 dures
471 2282 543 2355 igne
557 2282 606 2341 vel
620 2291 685 2343 arte
699 2299 819 2344 manus.

120 2365 220 2427 Marte
235 2368 336 2441 palam
350 2367 447 2426 semel
461 2372 510 2425 est
522 2366 693 2425 Vulcanum
708 2367 832 2428 imitata.
855 2368 991 2440 decebat,

53 2457 109 2514 olo
161 2450 321 2524 Multaque
336 2465 406 2509 curn
420 2449 519 2509 torma
532 2449 629 2525 gratia
642 2450 738 2511 mixte
753 2452 817 2512 luit.

119 2532 186 2594 Sed
199 2533 281 2593 bene
294 2533 477 2595 concubitus
492 2532 607 2608 primos
624 2535 726 2596 celare
740 2535 888 2596 solebant.
935 2603 938 2608 Q

160 2617 254 2678 Plena
271 2617 438 2677 verecundi
453 2618 545 2692 culpa
560 2618 689 2693 pudoris
705 2627 780 2679 erat.

120 2702 237 2764 lndicio
254 2701 371 2763 Solis...
385 2701 458 2777 quis
474 2700 578 2762 Solem
593 2702 700 2764 fallere
716 2704 857 2779 possitt..

161 2785 291 2860 Cognita
304 2787 445 2846 Vulcano
460 2786 599 2861 coniugis
616 2794 685 2847 acte
699 2803 784 2848 suae.

50 2876 105 2933 tlt>
116 2870 213 2944 Quam
224 2870 320 2942 mala,
337 2868 406 2942 Sol,
420 2870 563 2946 exempla
574 2879 704 2932 moves?
721 2871 795 2932 Pete
806 2888 917 2933 munus
929 2872 968 2933 ab
979 2874 1043 2950 ipss

158 2954 197 3013 llt
209 2953 280 3027 tibi,
302 2954 329 3014 si
343 2960 464 3028 taceas,
487 2954 569 3027 quod
588 2955 662 3014 dare
676 2957 792 3030 possit,
816 2956 917 3018 habet

117 3037 267 3098 Mulciber
281 3037 432 3099 obscuros
447 3038 557 3098 lectum
573 3039 717 3114 circaque
732 3055 889 3116 superque

160 3121 303 3198 Disponit
317 3124 458 3196 laqueos.
480 3122 594 3183 lumina
610 3124 685 3184 fallit
703 3141 793 3200 opus.

115 3205 214 3281 Fingit
229 3206 286 3266 iter
300 3205 457 3266 Lemnum.
480 3207 605 3267 veniunt
620 3208 659 3268 ad
676 3208 787 3269 loedus
802 3215 954 3268 annantes=

50 3298 103 3353 ⁵8⁰
155 3290 296 3365 impliciti
311 3289 432 3366 laqueis
449 3291 553 3352 nudus
567 3299 695 3367 uterque
709 3293 818 3354 iacent

115 3374 273 3435 convocat
287 3375 339 3435 ille
353 3375 442 3435 deos.
466 3375 614 3452 praebent
628 3378 806 3453 spectacula
820 3375 916 3451 capti:

157 3458 217 3519 Vix
233 3458 378 3520 lacrimas
390 3460 543 3520 Venerem
560 3460 749 3522 continuisse
764 3467 881 3537 putant.

112 3542 179 3601 Non
194 3543 298 3604 vultus
313 3541 431 3604 texisse
447 3561 539 3618 suos,
561 3562 624 3606 non
640 3545 774 3621 denique
790 3553 921 3620 possunt
