2467 4042
473 212 533 285 lx,
552 218 710 270 580-652.
823 234 914 270 erucae
1031 213 1092 281 191

162 382 238 446 Ulla
260 384 320 444 mel
343 383 478 463 capiam,
502 380 573 442 dum
596 382 718 461 spiritus
741 382 798 442 iste
821 379 967 444 manebit.

160 474 246 533 Nam
268 474 422 554 primum,
445 472 471 530 si
495 471 570 531 facta
593 469 665 530 mihi
689 487 828 530 revocare
851 470 972 553 liceret,

159 561 237 622 Non
261 561 397 640 coepisse
422 559 500 620 fult:
523 566 627 639 coepta
651 575 821 637 expugnare
843 558 1009 628 secundum
1032 566 1095 621 est.

72 664 138 714 sao
160 651 288 731 Quippe
312 666 368 709 nec
390 647 441 708 ille
462 654 584 729 potest,
608 654 641 707 ut
663 648 721 707 iam
746 665 809 707 mea
823 658 890 708 rota
912 646 1097 730 relinquam,

159 739 236 800 Non
260 745 360 798 tamen
385 753 525 797 ausorum
548 752 667 814 semper
689 752 803 796 memor
827 753 893 797 esse
916 754 1068 799 meorum.

158 826 227 909 Et,
253 827 322 905 quia
345 823 507 904 desierim,
530 823 635 884 leviter
657 823 786 885 voluisse
809 822 950 908 videbor,

160 917 228 978 Aut
252 917 342 975 ctiam
365 920 526 992 temptasse
549 912 633 973 illum
656 911 832 992 insidiisque
854 914 984 992 petisse:

161 1003 221 1065 Vel
247 1011 330 1065 certe
346 1000 413 1062 ‘non
436 1001 520 1081 hoc,
544 1003 595 1079 qui
618 998 898 1080 plurimus'urguet
921 1011 951 1062 et
972 1003 1035 1062 urit

75 1093 299 1157 secreciora
322 1099 446 1171 nostra,
469 1089 548 1170 deo,
571 1088 623 1149 sed
647 1091 723 1150 victa
745 1088 866 1150 libidine
890 1089 1011 1152 credar.

163 1182 307 1258 Denique
329 1181 388 1239 iam
411 1195 528 1257 nequeo
552 1176 594 1238 nil
618 1179 801 1238 commisisse
826 1178 1003 1239 nefandum.

162 1270 207 1331 Et
234 1269 342 1346 scripsi
365 1275 396 1328 et
417 1268 511 1345 petii:
536 1272 678 1326 temerata
702 1274 747 1327 est
770 1275 872 1326 nostra
894 1266 1044 1328 voluntas.

162 1357 209 1420 Ut
236 1355 309 1417 nihil
333 1355 456 1415 adiciam
468 1402 477 1436 ,
501 1372 561 1414 non
584 1371 706 1434 possum
729 1356 849 1415 innoxia
872 1354 947 1415 dici.

164 1445 262 1519 Quod
287 1451 447 1525 superest,
470 1442 596 1503 multum
621 1444 720 1503 estin
743 1452 809 1504 vota
821 1490 831 1523 ,
853 1445 885 1503 in
908 1444 1030 1504 crimina

944 1526 1095 1611 parvum?

84 1637 151 1689 630
167 1622 279 1685 Dixit:
302 1628 333 1682 et
354 1622 487 1682 incertae
511 1628 590 1682 tanta
615 1630 661 1682 est
683 1619 830 1682 discordia
853 1623 978 1702 mentis,

166 1711 251 1773 Cum
273 1711 374 1790 pigeat
396 1716 580 1791 temptasse,
603 1708 676 1769 libet
699 1717 867 1787 temptare.
895 1709 1075 1789 modumque

164 1798 265 1880 Exit,
287 1806 319 1859 et
341 1796 442 1859 infelix
466 1799 625 1858 committit
648 1815 735 1877 saepe
758 1796 879 1876 repelli.

165 1888 243 1950 Mox
265 1885 317 1948 ubi
341 1887 407 1946 finis
431 1885 537 1966 abest,
560 1887 685 1965 patriam
709 1886 784 1965 fugit
807 1884 855 1946 ille
880 1886 1041 1969 nefasque,

165 1975 266 2054 Inque
288 1976 446 2055 peregriua
469 1976 553 2054 ponit
575 1992 650 2035 nova
673 1976 789 2034 moenia
813 1982 908 2035 terra.

87 2078 151 2130 635
168 2063 252 2124 Tum
274 2080 344 2123 vero
368 2070 509 2124 maestam
532 2069 593 2123 tota
616 2061 746 2123 Miletida
768 2070 869 2123 mente

169 2151 324 2213 Defecisse
348 2151 471 2230 ferunt,
494 2158 559 2212 tum
582 2168 652 2211 vero
676 2170 692 2212 a
715 2159 837 2230 pectore
861 2158 974 2211 vestem

169 2239 303 2319 Diripuit
325 2238 495 2318 planxitque
519 2256 589 2300 suos
613 2238 772 2301 furibunda
794 2239 939 2319 lacertos3

171 2328 296 2406 lamque
320 2326 415 2406 palam
439 2334 485 2389 est
503 2326 648 2408 demens,
670 2330 934 2406 inconcessamque
958 2329 1067 2389 fatetur

172 2416 266 2496 Spem
288 2417 428 2496 veneris,
451 2417 516 2477 sine
544 2434 602 2494 qua
625 2418 750 2496 patriam
779 2418 949 2494 invisosque
977 2425 1098 2498 penates

89 2519 156 2573 uo
171 2504 313 2585 Deserit,
337 2511 367 2565 et
389 2505 508 2584 profugi
531 2505 668 2583 sequitur
690 2505 812 2584 vestigia
836 2505 953 2567 fratris.

172 2592 274 2672 thue
296 2600 349 2654 tuo
373 2600 493 2674 motae,
515 2591 614 2672 proles
640 2592 806 2674 Semeleia,
829 2592 930 2672 thyrso

171 2681 313 2743 Ismariae
337 2680 489 2742 celebrant
510 2683 638 2761 repetita
660 2683 789 2742 triennia
812 2680 958 2763 bacchae,

171 2768 296 2850 Byblida
319 2787 379 2830 non
403 2769 489 2830 aliter
511 2768 586 2830 latos
608 2769 739 2831 ululasse
762 2787 817 2850 per
839 2788 926 2849 agros

173 2856 338 2919 Bubasides
361 2857 461 2918 uidere
484 2875 601 2919 nurus.
630 2858 738 2937 quibus
761 2857 810 2919 illa
832 2859 944 2920 relictis

93 2960 157 3013 645
175 2945 266 3008 Caras
289 2953 320 3007 et
342 2947 497 3008 armiferos
520 2944 643 3026 Lelegas
666 2945 843 3028 Lyciamque
866 2955 1019 3027 pererrat.

173 3034 235 3097 lam
259 3033 375 3115 Cragon
397 3041 429 3095 et
450 3033 589 3114 Limyren
611 3033 781 3115 Xanthique
803 3035 965 3115 reliquerat
987 3035 1101 3117 undas,

174 3122 301 3203 Quoque
325 3122 481 3185 Chimaera
503 3125 572 3203 iugo
596 3123 702 3185 mediis
726 3126 756 3184 in
780 3123 914 3204 partibus
938 3124 1056 3206 ignem,

173 3211 284 3275 Pectus
307 3220 338 3273 et
361 3229 413 3273 ora
434 3210 521 3294 leae,
544 3213 668 3275 caudam
692 3214 839 3293 serpentis
862 3210 1007 3274 habebat.

174 3298 323 3362 Deficiunt
345 3300 458 3363 silvae:
480 3318 549 3363 curn
571 3308 605 3363 tu
629 3301 735 3362 lassata
753 3299 904 3380 sequendo

99 3400 158 3455 eoo
175 3387 337 3472 Concidls,
360 3397 392 3451 et
413 3390 488 3451 dura
510 3390 616 3469 positis
640 3389 747 3452 tellure
770 3388 902 3471 capillis,

174 3475 260 3558 Bybli
272 3524 282 3560 ,
304 3479 407 3561 iaces,
426 3477 607 3558 frondesque
630 3485 682 3540 tuo
706 3479 818 3559 premis
840 3494 893 3538 ore
917 3476 1060 3539 caducas.

176 3565 272 3650 Saepe
296 3568 385 3629 etlam
408 3566 553 3648 nymphae
576 3568 688 3630 tenerls
711 3565 883 3646 Lelegeides
906 3564 986 3628 uluis
