2467 4042
198 204 266 270 312
400 289 403 293 ,
608 204 801 256 russonum

335 368 439 430 Sidera
462 368 627 430 cedebant:
659 387 713 448 par
736 378 800 433 erat
821 371 919 429 omnis
943 369 1069 432 bonos.

291 456 384 537 Saepe
408 456 515 537 aliquis
538 456 634 536 solio,
658 456 738 536 quod
761 466 816 539 tu,
839 457 992 538 Saturne,
1021 458 1170 540 tenebas,

241 558 276 608 20
335 546 433 606 dorsus
457 546 494 606 de
517 543 613 606 media
635 544 721 624 plebe
745 546 850 606 sedere
873 545 968 606 deus.

290 633 352 695 Nee
374 633 451 694 latus
475 634 592 695 Oeeano
616 633 684 712 plus
708 651 796 712 quam
819 634 893 694 deus
916 633 1037 696 advena
1063 637 1179 714 luunt,

335 721 446 802 Tethys
470 730 602 782 extreme
627 739 715 801 saepe
738 731 857 802 recepta
880 721 946 782 loeo
971 730 1041 802 est,

289 808 390 871 Donec
413 809 514 870 Honor
537 809 711 889 placidoque
734 810 844 871 decens
866 810 1053 872 Reverentia
1078 810 1162 871 voltu

335 897 466 978 Corpora
489 897 628 975 legitimis
650 900 810 978 inposuere
832 901 923 960 toris.

241 998 276 1047 25
290 984 366 1047 ilino
390 994 452 1048 seta
470 985 628 1067 Maiestas,
652 1005 727 1066 quae
746 988 889 1048 mundum
909 995 1064 1065 temperat
1086 1002 1199 1047 ennea:

336 1074 459 1154 Ouaque
482 1075 529 1136 die
553 1083 641 1155 partu
664 1082 710 1136 est
733 1076 832 1155 edita,
855 1093 960 1154 magna
984 1075 1066 1136 luit.

291 1161 353 1224 Nee
376 1180 481 1244 mera,
504 1163 639 1224 eousedlt
662 1163 759 1224 medio
782 1163 917 1225 sublimis
938 1162 1074 1243 Olympo

336 1251 434 1312 Aurea
446 1299 456 1332 ,
478 1269 631 1332 purpureo
655 1253 863 1331 conspicienda
885 1253 971 1312 sinu.

292 1338 461 1401 Consedere
485 1340 573 1405 simul
595 1340 697 1401 Pudor
720 1349 750 1401 et
772 1339 888 1405 Metus.
931 1357 1023 1400 omne
1050 1339 1165 1400 videres

243 1439 278 1489 30
337 1427 453 1489 Numen
476 1427 512 1488 ad
535 1428 611 1491 bauo
635 1428 733 1489 cultus
756 1430 957 1507 composuisse
982 1446 1077 1488 sues.

291 1515 431 1577 Protinus
453 1517 575 1579 intravit
597 1523 712 1578 mentes
736 1525 892 1596 suspectus
915 1516 1090 1576 bonorum:

336 1604 384 1665 Fit
406 1607 536 1683 pretium
559 1604 678 1684 dignis,
701 1623 756 1666 nee
780 1604 835 1665 sibi
860 1606 988 1683 quisque
1012 1604 1133 1683 placet.

293 1691 348 1753 llio
372 1699 466 1754 status
488 1695 519 1753 iu
543 1693 624 1753 eaelo
648 1692 756 1754 multos
779 1695 942 1773 permansit
965 1694 997 1752 in
1023 1710 1141 1773 annos,

338 1779 413 1841 llum
437 1783 536 1840 senior
560 1782 628 1841 latis
651 1780 760 1842 excidit
783 1799 850 1841 arce
873 1781 965 1841 deus.

243 1877 279 1930 at
293 1868 386 1929 Terra
409 1869 489 1929 leros
511 1876 638 1949 partite,
660 1871 798 1933 immania
821 1878 975 1949 monstra,
999 1867 1147 1948 Gigantas

164 1958 168 1965 '
338 1955 439 2017 Edidit
462 1974 587 2017 ausuros
609 1958 641 2016 in
664 1955 740 2017 lovis
763 1959 808 2017 ire
831 1956 968 2017 domum.

295 2043 388 2123 [Mille
411 2062 518 2105 manue
539 2043 599 2104 illis
621 2044 702 2105 dedit
725 2052 755 2105 et
776 2062 832 2123 pro
854 2043 995 2106 eruribus
1019 2061 1155 2125 angues,

338 2132 435 2211 btque
457 2134 497 2195 ait
521 2127 579 2192 “ln
602 2149 726 2212 magnos
747 2148 829 2194 arma
851 2141 966 2193 movete
990 2128 1131 2211 dees.'']

293 2219 458 2282 Exstruero
481 2219 512 2281 hi
535 2228 652 2281 montes
674 2221 710 2281 ad
734 2221 832 2285 sidera
854 2238 969 2281 summa
992 2219 1144 2299 parabant

244 2319 280 2369 40
339 2307 377 2369 llt
399 2327 539 2388 magnum
560 2307 638 2369 bello
662 2308 820 2373 sollicitare
843 2308 957 2369 lovem.

295 2395 430 2459 Fulmina
453 2397 490 2458 de
514 2395 587 2458 eaeli
609 2396 753 2458 iaculatus
776 2396 909 2477 luppiter
932 2413 1003 2459 aree

339 2484 434 2547 Vertit
456 2488 486 2546 in
509 2493 648 2553 auetores
670 2485 800 2564 pondere
822 2493 903 2547 vasta
926 2502 1015 2545 suos.

295 2571 348 2634 llis
371 2573 447 2635 bene
470 2573 607 2639 Maiestas
630 2575 719 2637 armis
742 2573 863 2637 deleme
885 2572 1010 2634 deorum

340 2661 464 2742 Restat,
488 2672 518 2723 et
541 2680 577 2731 ex
600 2660 651 2722 illo
673 2669 808 2741 tempere
831 2661 910 2722 culta
933 2668 1053 2722 manet.

245 2761 280 2811 45
295 2749 413 2811 Assidet
435 2749 503 2811 inde
527 2749 610 2828 lori,
633 2749 709 2810 lovis
733 2758 779 2811 est
801 2750 942 2810 fidissima
965 2757 1090 2830 eustos,

339 2835 378 2898 Et
399 2846 531 2918 praestat
554 2841 618 2901 siue
642 2841 670 2899 vl
693 2845 809 2918 sceptra
832 2838 959 2899 tenenda
982 2835 1064 2898 leri.

295 2925 382 2987 Venit
405 2933 435 2987 et
457 2928 488 2986 in
510 2933 629 2988 terras.
671 2926 828 2988 coluerunt
850 2924 995 2987 Romulus
1018 2925 1100 2986 illam

340 3013 378 3075 Et
400 3014 517 3095 Numay
540 3032 607 3075 mex
631 3015 701 3095 alii,
724 3022 858 3094 tempore
881 3016 1007 3094 quisque
1031 3032 1105 3074 suo.

296 3102 347 3164 llla
370 3112 469 3182 patres
492 3105 524 3163 ln
546 3102 660 3164 benere
684 3105 733 3182 pto
755 3112 925 3182 matresque
948 3109 1071 3176 tuetur,

248 3202 282 3253 so
340 3190 391 3252 llla
414 3208 514 3253 eomes
536 3192 639 3271 pueris
661 3190 884 3269 virginibusque
909 3192 1004 3250 vemt.

296 3278 347 3339 llla
370 3280 455 3341 datos
477 3280 572 3341 tasoee
595 3279 782 3340 commendat
804 3278 938 3358 eburque
961 3278 1085 3360 curule,

341 3366 393 3429 llla
417 3370 565 3429 coronatis
588 3366 646 3431 alta
668 3365 831 3445 triumphat
853 3360 971 3446 equis.’

296 3454 429 3516 Finierat
451 3473 538 3517 voees
561 3454 773 3536 Polyhymnia.
815 3453 892 3515 diota
914 3452 1081 3537 probarunt

342 3542 464 3621 Clioque
489 3550 519 3604 et
541 3560 649 3605 curvae
672 3544 746 3604 seita
770 3540 871 3603 Thalia
892 3541 990 3621 lyrae.
