2467 4042
177 209 219 275 38
356 228 453 265 convns
591 206 770 263 METAMM.

265 375 327 436 Vox
349 393 415 437 mea
437 374 612 436 mortalem.
641 382 720 436 mota
743 382 790 436 est
811 392 866 454 pro
889 377 1002 455 virgine
1026 377 1148 459 virgo,

199 476 251 527 680
265 462 470 543 luridumque
494 464 582 525 tulit.
610 463 766 524 tendebam
788 463 925 525 bracchia
948 464 1051 526 caelo:

264 552 410 615 Bracchia
428 558 592 632 coeperunt
612 550 727 613 levibus
740 553 909 631 nigrescere
927 555 1056 632 penurie.
1089 565 1115 607 a.
1132 565 1210 610 xvee.

265 642 390 702 Reicere
412 659 449 701 ex
471 642 583 709 umeris
605 648 719 701 vestem
740 639 887 703 molibar.
914 640 1016 701 atille

265 730 368 791 Pluma
391 737 456 790 erat
477 730 568 807 inque
591 736 691 791 cutem
713 728 828 790 radices
851 735 953 809 egerat
973 732 1070 790 imas.

264 817 407 897 Plangere
429 817 509 878 nuda
531 819 605 878 meis
629 815 756 878 conabar
777 825 899 897 pectora
920 817 1044 898 palmis:

200 917 251 968 ⁵85
267 906 325 967 Sed
348 923 446 984 neque
468 908 527 966 iam
548 904 682 986 palmas,
704 923 760 966 nec
782 913 903 984 pectora
925 906 1005 968 nuda
1026 905 1206 985 gerebam.

266 993 449 1056 currebam:
467 1012 545 1075 nec,
563 1003 598 1055 ut
620 1001 710 1074 ante,
732 993 824 1074 pedes
845 994 994 1056 retinebat
1015 994 1160 1074 harena,

267 1083 325 1144 Sed
349 1100 462 1145 summa
485 1081 740 1143 tollebarhumo.
767 1100 836 1143 mox
859 1090 923 1143 acta
945 1100 1000 1163 per
1022 1087 1145 1143 auras·

265 1170 383 1232 Evehor
395 1218 405 1254 ,
428 1178 459 1232 et
481 1170 548 1231 data
570 1188 637 1233 sum
660 1186 760 1231 comes
782 1168 931 1250 inculpata
953 1170 1126 1232 Minervae.

267 1259 345 1331 Quid
364 1266 462 1320 temen
486 1259 543 1320 boo
564 1258 710 1340 prodest,
732 1260 758 1320 si
781 1258 845 1320 diro
867 1259 945 1320 lacta
967 1257 1102 1320 volucris

200 1360 251 1411 590
266 1347 396 1409 Crimine
419 1346 592 1428 Nyctimene
615 1355 718 1408 nostro
741 1348 887 1408 succeseit
907 1343 1040 1408 honori?

264 1436 308 1497 An
332 1453 407 1515 quae
429 1454 484 1516 per
505 1443 598 1497 totam
620 1453 669 1496 res
688 1441 735 1496 est
756 1436 910 1497 notissima
931 1433 1070 1517 Lesbon,
1098 1450 1121 1489 t·
1138 1450 1203 1492 xlx.

265 1523 331 1585 Non
355 1523 454 1585 audita
477 1523 531 1585 tibi
555 1519 631 1585 est?
652 1525 782 1603 patrium
804 1531 966 1585 temerasse
989 1523 1090 1585 cubile

150 1685 155 1694 ι
265 1607 490 1694 Nyctimenen?
512 1614 573 1673 avis
595 1611 645 1682 illa
667 1610 809 1692 quidem,
832 1611 885 1673 sed
907 1614 1028 1674 conscia
1050 1611 1165 1693 cnlpae

265 1701 465 1781 Conspectum
487 1700 645 1781 lucemque
668 1700 745 1779 lngit
762 1698 955 1780 tenebrisque
976 1700 1126 1779 pudorem

198 1801 250 1852 aaa
265 1789 368 1871 Celat,
391 1797 422 1851 et
444 1807 461 1850 a
483 1789 599 1850 cunctis
622 1787 780 1867 expellitur
802 1788 922 1849 aethere
944 1783 1040 1850 toto?

265 1878 346 1939 Talia
368 1877 478 1938 dicenti
501 1872 578 1938 ‘tibi'
602 1879 644 1938 ait
665 1871 874 1938 ‘revocamine'
894 1893 1004 1938 corvus

265 1963 345 2028 ‘sint
365 1983 473 2045 precor
494 1967 551 2026 ista
574 1965 673 2027 malo:
696 1982 751 2026 nos
763 1982 873 2025 vanum
886 1967 1057 2046 spernimus
1071 1962 1199 2049 omen,’

264 2054 326 2115 Nec
348 2063 488 2135 coeptum
510 2052 633 2115 dimittit
655 2055 735 2135 iter,
757 2053 936 2134 dominoque
958 2055 1107 2115 iacentem

266 2142 340 2204 Cum
363 2145 469 2205 iurene
491 2140 654 2203 Haemonio
676 2142 785 2206 vidisse
808 2140 954 2203 Coronida
978 2150 1096 2203 narrat.

199 2230 378 2294 eoo.Laurea
401 2230 519 2310 delapsa
541 2237 588 2291 est
606 2229 706 2291 audito
731 2230 855 2291 crimine
877 2231 1005 2311 amanti,

265 2319 304 2381 Et
325 2321 437 2399 pariter
459 2317 617 2398 vultusque
641 2318 696 2379 deo
718 2318 924 2398 plectrumque
947 2318 1089 2398 colorque

265 2408 404 2470 Encidit.
431 2414 525 2487 utque
548 2408 664 2469 animus
686 2406 799 2468 tumida
821 2405 954 2467 terrebat
975 2404 1012 2467 ab
1035 2409 1098 2488 ira,

265 2497 352 2557 Arma
375 2504 493 2559 assueta
515 2495 593 2576 rapit
614 2494 784 2574 llexumque
807 2512 823 2555 a
846 2493 987 2556 cornibus
1010 2511 1113 2557 arcum

266 2584 373 2648 Tendit
395 2592 427 2646 et
447 2584 497 2645 illa
520 2601 575 2646 sno
597 2585 707 2645 totiens
731 2601 800 2645 cum
821 2590 944 2662 pectore
965 2584 1068 2645 iuncta

184 2684 251 2736 ,60⁶
265 2673 428 2735 lndevitato
451 2673 569 2735 traiecit
590 2680 712 2753 pectora
735 2671 832 2733 telo-.-

265 2762 327 2823 lcta
345 2760 426 2823 dedit
449 2763 613 2844 gemitum,
637 2768 792 2839 tractoque
815 2778 832 2821 a
855 2778 979 2841 corpore
1002 2760 1085 2821 lerro

266 2850 393 2911 Candida
415 2852 543 2929 puniceo
565 2849 697 2931 perludit
719 2847 852 2910 membra
874 2865 999 2929 cruore,

265 2938 303 3000 lit
326 2937 400 2999 dixit
422 2933 517 3017 ‘potui
539 2955 650 3018 poenas
672 2936 749 3018 tibi,
771 2936 913 3019 Phoebe,
935 2936 1072 3019 dedisse,

267 3026 326 3088 Sed
347 3028 501 3107 peperisse
523 3029 629 3106 prins.
657 3025 716 3086 duo
744 3043 825 3087 nnnc
850 3027 1015 3087 moriemur
1043 3029 1076 3086 in
1099 3020 1190 3089 una.‘

200 3127 252 3178 ero
266 3114 439 3196 Hactenus,
462 3122 493 3175 et
514 3116 627 3195 pariter
648 3115 737 3174 vitam
760 3131 830 3175 cum
852 3115 994 3194 sanguine
1017 3113 1111 3175 ludit.

267 3203 398 3283 [Corpus
420 3205 507 3264 inane
531 3204 645 3264 animae
668 3202 762 3281 frigus
785 3201 872 3263 letale
894 3209 1031 3263 secutum
1049 3200 1130 3282 est.]

266 3292 402 3353 Paenitet
423 3291 482 3352 heu
506 3308 573 3353 sero
596 3306 709 3371 poenae
732 3289 862 3352 crudelis
885 3298 1048 3372 amantem,

268 3380 388 3460 Seque,
412 3379 491 3458 qnod
515 3379 643 3441 audierit
655 3404 669 3460 ,·
683 3378 762 3458 quod
785 3382 829 3440 sic
852 3381 1019 3461 exarserit,
1041 3378 1122 3441 odit:

267 3467 338 3529 Odit
361 3485 467 3548 arem,
489 3485 544 3547 per
567 3485 656 3546 quam
675 3469 788 3528 crimen
811 3484 989 3548 causamque
1011 3466 1132 3529 dolendi

201 3567 253 3617 erc
268 3555 352 3615 Scire
376 3564 495 3616 coactns
518 3563 604 3635 erat,
627 3572 765 3617 necnon
788 3572 950 3635 arcumque
972 3572 1153 3635 manumque
