2467 4042
155 188 198 253 68
296 207 359 242 m.
377 205 471 240 mm
568 184 749 240 unum.

243 353 289 415 Ex
310 370 405 432 aequo
427 354 521 432 captis
544 349 690 412 ardebant
710 349 860 413 mentibus
882 350 987 414 ambo.

244 442 388 503 Conscius
410 442 516 504 omniu
529 439 636 520 abest,
657 447 734 501 nutu
756 441 908 518 signisque
928 439 1115 523 loquuntur,

244 530 369 609 Quoque
391 531 484 607 magis
506 530 639 609 tegitur,
660 535 759 588 tectus
780 530 874 606 magis
892 523 1009 590 aestuat
1028 531 1127 608 iguis.

196 630 231 680 sn
244 618 348 680 l’issus
370 625 436 678 erat
456 619 541 678 tenui
562 618 638 676 rium
649 664 659 697 ,
682 634 771 695 quam
793 614 918 677 duxerat
939 616 1012 678 olirn

245 706 320 768 Cum
341 706 448 786 tieret,
469 707 568 784 paries
590 703 693 765 domui
714 705 880 765 communis
901 706 1041 784 utrique.

244 794 277 855 ld
299 796 404 855 vitium
425 792 500 853 nulli
520 810 576 873 per
597 792 715 854 saecula
736 791 823 872 longa
845 800 980 854 notatum
1003 825 1046 838 -

244 881 322 954 Quid
344 900 405 943 uon
428 882 519 942 sentit
537 876 651 942 amor?
673 913 715 924 -
737 882 828 960 primi
849 880 965 942 vidistis
988 890 1144 964 amantes,

243 971 282 1032 Et
303 972 384 1031 vocis
406 970 519 1031 lecistis
541 971 617 1050 iter,
639 976 781 1049 tutaeque
802 986 858 1048 per
879 968 954 1030 illud

196 1072 231 1122 to
244 1059 397 1120 Murmure
419 1056 578 1118 blanditiae
600 1058 722 1118 minimo
745 1059 873 1118 uansire
895 1055 1049 1119 solebant.

246 1147 339 1227 Saepe
352 1195 362 1228 ,
384 1145 435 1206 ubi
448 1147 665 1225 constiterant,
683 1144 754 1207 hinc
767 1144 893 1227 Thisbe,
908 1144 1053 1224 Pyramus
1067 1145 1173 1228 illinc,

243 1235 337 1316 lnque
359 1237 439 1295 vices
460 1234 559 1294 iuerat
579 1240 715 1312 captatus
737 1232 884 1294 anhelitus
907 1235 987 1316 oris,

245 1317 381 1384 “luride’
403 1321 542 1383 dicebant
563 1316 674 1401 ‘paries
685 1368 696 1403 ,
717 1320 789 1400 quid
811 1319 978 1383 amantibus
1001 1318 1132 1384 obstas?

244 1411 395 1483 Quantum
417 1417 481 1471 erat
493 1456 502 1491 ,
525 1417 560 1469 ut
581 1412 697 1471 sineres
719 1417 782 1470 toto
805 1427 860 1470 nos
883 1427 1010 1489 corpore
1033 1413 1137 1493 iungi,

197 1512 230 1562 ro
244 1502 303 1560 hut
324 1499 382 1559 hoc
404 1500 431 1558 si
452 1499 598 1579 nimium
621 1496 667 1557 vel
684 1496 722 1558 ad
740 1496 841 1559 oscula
864 1496 959 1559 danda
981 1497 1123 1578 pateres!

242 1588 305 1648 Nec
327 1603 431 1648 sumus
453 1587 584 1665 ingratia
605 1584 662 1647 tibi
683 1603 738 1646 nos
761 1585 870 1647 debere
892 1586 1041 1668 latemur,

244 1675 329 1747 Quod
353 1675 439 1736 datus
461 1682 508 1735 est
528 1673 628 1734 verbis
650 1672 686 1734 ad
709 1676 817 1735 amicas
838 1674 983 1735 transitus
1002 1670 1136 1735 aures.'’

244 1764 324 1826 Talia
347 1763 462 1824 diversa
483 1764 663 1842 nequiquam
686 1761 756 1823 seda
774 1761 866 1823 locuti

244 1851 307 1914 Sub
329 1858 448 1913 noctem
469 1849 571 1912 dixere
593 1849 658 1911 vale
669 1877 685 1932 ,·
701 1852 838 1930 partique
861 1850 971 1912 dedere

195 1954 231 2004 oo
244 1938 353 2003 Oscula
370 1941 496 2020 quisquc
519 1956 590 2001 suae
613 1956 673 2000 non
695 1941 897 2019 pervenientia
919 1946 1043 2000 contre.

243 2031 366 2091 Postera
387 2035 550 2089 nocturnos
572 2044 679 2088 aurora
696 2035 863 2088 removerat
883 2029 985 2108 ignes,

245 2118 354 2197 Solque
375 2119 533 2197 pruinosas
554 2116 645 2176 radiis
668 2117 829 2177 siccaverat
850 2107 975 2175 herbas:

244 2205 287 2266 hd
309 2205 429 2266 solitum
452 2198 551 2265 coiere
572 2202 693 2265 locum.
720 2212 785 2265 tum
806 2220 960 2265 mmmurc
982 2222 1077 2283 parvo

243 2293 334 2355 Multa
355 2296 440 2375 prius
463 2295 583 2373 questi,
605 2300 762 2373 statuunt,
784 2299 819 2353 ut
840 2298 927 2353 nocte
950 2290 1053 2353 silenti

195 2396 230 2444 ao
244 2381 357 2443 Fallere
380 2379 519 2443 custodes
542 2379 716 2460 foribusque
738 2380 882 2442 excedere
905 2387 1071 2460 temptent,

244 2471 378 2550 Cumque
391 2468 479 2530 domo
492 2470 620 2530 exierint
627 2516 637 2550 ,
655 2467 739 2530 urbis
753 2486 871 2548 quoque
884 2476 963 2530 tecta
975 2467 1164 2550 relinquant3

243 2559 322 2621 Neve
345 2560 384 2619 sit
406 2557 567 2619 errandum
587 2556 648 2617 lato
670 2556 866 2637 spatiantibus
887 2574 975 2639 arvo,

244 2647 425 2709 Conveniunt
447 2645 483 2706 ad
506 2645 593 2707 busta
615 2643 707 2728 Nini,
728 2645 897 2725 lateantque
919 2644 975 2707 sub
998 2644 1106 2706 umbra

243 2734 387 2797 Arboris.
414 2732 503 2795 arbor
525 2734 567 2795 ibi
589 2735 683 2795 niveis
706 2732 855 2795 uberrima
876 2735 972 2814 pouds

196 2838 230 2886 oo
243 2823 343 2886 Ardua
365 2840 467 2884 morus
488 2829 554 2885 eret
565 2870 575 2904 ,
598 2821 694 2902 gelido
717 2825 901 2884 contermina
923 2823 1017 2884 ionti.

243 2913 333 2975 Pacta
354 2912 494 2992 placent,
515 2919 547 2971 et
568 2910 619 2972 lux
642 2909 726 2971 tarde
749 2909 902 2973 discedere
925 2912 986 2972 visa
1010 2919 1074 2972 est.

245 3000 474 3080 [Praecipitatur
497 3002 603 3081 aquis,
626 3008 657 3060 et
679 3001 763 3079 aquis
785 3017 844 3060 nox
862 3000 923 3060 exit
944 2997 981 3060 ab
1003 2998 1101 3060 isdem
1111 2996 1132 3076 .]

245 3088 353 3151 Callida
375 3106 430 3170 per
451 3086 590 3150 tenebras
608 3097 724 3149 versato
743 3086 863 3149 cardine
885 3084 994 3148 Thisbe

244 3176 403 3258 Egreditur
425 3176 558 3256 fallitque
580 3194 652 3237 suos
663 3224 674 3258 ,
695 3175 895 3255 adopertaque
916 3175 1029 3237 vultum

197 3278 231 3328 eo
244 3268 384 3328 Pervenit
406 3265 442 3325 ad
464 3263 634 3346 tumulum,
656 3264 794 3344 dictaque
816 3263 873 3326 sub
895 3262 1001 3325 arbore
1024 3263 1120 3324 sedit.

244 3353 393 3416 ludecen
415 3352 541 3415 iaciebat
563 3370 666 3415 amor.
693 3355 774 3414 venit
796 3370 866 3414 ecce
889 3353 1002 3413 recenti

245 3441 340 3505 Caede
363 3442 465 3503 leaena
486 3441 577 3503 boum
599 3449 771 3521 spumantes
794 3440 884 3502 oblita
905 3442 1016 3520 rictus,

246 3530 421 3608 Depositura
443 3531 523 3591 sitim
545 3531 635 3591 vicini
657 3532 747 3591 sontis
769 3531 801 3590 in
823 3528 919 3590 unda.
