<?xml version="1.0" encoding="UTF-8"?>
<!DOCTYPE html PUBLIC "-//W3C//DTD XHTML 1.0 Transitional//EN"
    "http://www.w3.org/TR/xhtml1/DTD/xhtml1-transitional.dtd">
<html xmlns="http://www.w3.org/1999/xhtml" xml:lang="en" lang="en">
 <head>
  <title>
</title>
<meta http-equiv="Content-Type" content="text/html;charset=utf-8" />
  <meta name='ocr-system' content='tesseract 3.04.00' />
  <meta name='ocr-capabilities' content='ocr_page ocr_carea ocr_par ocr_line ocrx_word'/>
</head>
<body>
  <div class='ocr_page' id='page_1' title='image "./povidiusnaso00ehwagoog_0660.png"; bbox 0 0 2467 4042; ppageno 0'>
   <div class='ocr_carea' id='block_1_1' title="bbox 300 163 1489 274">
    <p class='ocr_par' dir='ltr' id='par_1_1' title="bbox 300 163 1489 274">
     <span class='ocr_line' id='line_1_1' title="bbox 300 163 1489 274; baseline -0.003 -12"><span class='ocrx_word' id='word_1_1' title='bbox 300 208 434 274; x_wconf 81' lang='lat'><strong>244</strong></span> <span class='ocrx_word' id='word_1_2' title='bbox 536 163 545 169; x_wconf 37' lang='lat'><em>-</em></span> <span class='ocrx_word' id='word_1_3' title='bbox 636 223 895 262; x_wconf 60' lang='lat' dir='ltr'><strong>osu-raum</strong></span> <span class='ocrx_word' id='word_1_4' title='bbox 1131 202 1453 273; x_wconf 75' lang='lat' dir='ltr'>METAMM</span> <span class='ocrx_word' id='word_1_5' title='bbox 1475 245 1489 259; x_wconf 87' lang='lat'><strong>.</strong></span> 
     </span>
    </p>
   </div>
   <div class='ocr_carea' id='block_1_2' title="bbox 349 368 2320 3639">
    <p class='ocr_par' dir='ltr' id='par_1_2' title="bbox 474 368 2135 718">
     <span class='ocr_line' id='line_1_2' title="bbox 478 368 2111 454; baseline -0.004 -18"><span class='ocrx_word' id='word_1_6' title='bbox 478 376 786 437; x_wconf 80' lang='lat' dir='ltr'><strong>Annuerat</strong></span> <span class='ocrx_word' id='word_1_7' title='bbox 810 420 828 454; x_wconf 89' lang='lat'>‚</span> <span class='ocrx_word' id='word_1_8' title='bbox 873 369 1236 448; x_wconf 80' lang='lat' dir='ltr'><strong>dederatque</strong></span> <span class='ocrx_word' id='word_1_9' title='bbox 1284 387 1467 449; x_wconf 89' lang='lat' dir='ltr'><strong>super</strong></span> <span class='ocrx_word' id='word_1_10' title='bbox 1491 417 1510 451; x_wconf 89' lang='lat'>‚</span> <span class='ocrx_word' id='word_1_11' title='bbox 1556 387 1633 431; x_wconf 90' lang='lat' dir='ltr'><strong>ne</strong></span> <span class='ocrx_word' id='word_1_12' title='bbox 1680 371 1916 432; x_wconf 89' lang='lat' dir='ltr'><strong>saucius</strong></span> <span class='ocrx_word' id='word_1_13' title='bbox 1966 368 2111 431; x_wconf 82' lang='lat' dir='ltr'><strong>ullis</strong></span> 
     </span>
     <span class='ocr_line' id='line_1_3' title="bbox 474 457 1978 538; baseline -0.001 -16"><span class='ocrx_word' id='word_1_14' title='bbox 474 460 833 524; x_wconf 78' lang='lat' dir='ltr'><strong>Vulneribus</strong></span> <span class='ocrx_word' id='word_1_15' title='bbox 879 460 1010 521; x_wconf 87' lang='lat' dir='ltr'><strong>fieri</strong></span> <span class='ocrx_word' id='word_1_16' title='bbox 1056 459 1289 519; x_wconf 82' lang='lat' dir='ltr'><strong>ferrove</strong></span> <span class='ocrx_word' id='word_1_17' title='bbox 1336 457 1693 519; x_wconf 88' lang='lat' dir='ltr'><strong>occumbere</strong></span> <span class='ocrx_word' id='word_1_18' title='bbox 1739 466 1942 538; x_wconf 89' lang='lat' dir='ltr'><strong>posset</strong></span> <span class='ocrx_word' id='word_1_19' title='bbox 1961 506 1978 520; x_wconf 89' lang='lat'><strong>.</strong></span> 
     </span>
     <span class='ocr_line' id='line_1_4' title="bbox 477 545 2135 628; baseline -0.004 -16"><span class='ocrx_word' id='word_1_20' title='bbox 477 552 724 612; x_wconf 86' lang='lat' dir='ltr'><strong>Munere</strong></span> <span class='ocrx_word' id='word_1_21' title='bbox 771 548 959 609; x_wconf 90' lang='lat' dir='ltr'><strong>laetus</strong></span> <span class='ocrx_word' id='word_1_22' title='bbox 1006 546 1172 628; x_wconf 88' lang='lat' dir='ltr'><strong>abit,</strong></span> <span class='ocrx_word' id='word_1_23' title='bbox 1217 546 1550 626; x_wconf 87' lang='lat' dir='ltr'><strong>studiisque</strong></span> <span class='ocrx_word' id='word_1_24' title='bbox 1595 545 1866 609; x_wconf 87' lang='lat' dir='ltr'><strong>virilibus</strong></span> <span class='ocrx_word' id='word_1_25' title='bbox 1912 564 2135 608; x_wconf 86' lang='lat' dir='ltr'><strong>aevum</strong></span> 
     </span>
     <span class='ocr_line' id='line_1_5' title="bbox 479 633 1989 718; baseline -0.003 -17"><span class='ocrx_word' id='word_1_26' title='bbox 479 640 677 718; x_wconf 84' lang='lat' dir='ltr'><strong>Exigit</strong></span> <span class='ocrx_word' id='word_1_27' title='bbox 720 635 1026 698; x_wconf 81' lang='lat' dir='ltr'><strong>Atracides</strong></span> <span class='ocrx_word' id='word_1_28' title='bbox 1052 683 1072 716; x_wconf 86' lang='lat'><em>‚</em></span> <span class='ocrx_word' id='word_1_29' title='bbox 1115 633 1454 715; x_wconf 83' lang='lat' dir='ltr'><strong>Peneiaque</strong></span> <span class='ocrx_word' id='word_1_30' title='bbox 1500 653 1635 696; x_wconf 88' lang='lat' dir='ltr'><strong>arva</strong></span> <span class='ocrx_word' id='word_1_31' title='bbox 1681 646 1955 716; x_wconf 81' lang='lat' dir='ltr'><strong>pererrat</strong></span> <span class='ocrx_word' id='word_1_32' title='bbox 1974 684 1989 696; x_wconf 95' lang='lat'><strong>.</strong></span> 
     </span>
    </p>

    <p class='ocr_par' dir='ltr' id='par_1_3' title="bbox 349 723 2127 1160">
     <span class='ocr_line' id='line_1_6' title="bbox 349 723 2043 807; baseline -0.003 -16"><span class='ocrx_word' id='word_1_33' title='bbox 349 742 452 791; x_wconf 78' lang='lat'><strong>210</strong></span> <span class='ocrx_word' id='word_1_34' title='bbox 568 727 829 788; x_wconf 86' lang='lat' dir='ltr'><strong>Duxerat</strong></span> <span class='ocrx_word' id='word_1_35' title='bbox 871 723 1278 805; x_wconf 87' lang='lat' dir='ltr'><strong>Hippodamen</strong></span> <span class='ocrx_word' id='word_1_36' title='bbox 1324 723 1531 786; x_wconf 83' lang='lat' dir='ltr'><strong>audaci</strong></span> <span class='ocrx_word' id='word_1_37' title='bbox 1575 723 1778 785; x_wconf 84' lang='lat' dir='ltr'><strong>Ixione</strong></span> <span class='ocrx_word' id='word_1_38' title='bbox 1824 733 2043 807; x_wconf 65' lang='lat' dir='ltr'><strong>natm,</strong></span> 
     </span>
     <span class='ocr_line' id='line_1_7' title="bbox 481 812 2053 894; baseline -0.003 -16"><span class='ocrx_word' id='word_1_39' title='bbox 481 815 938 894; x_wconf 87' lang='lat' dir='ltr'><strong>Nubigenasque</strong></span> <span class='ocrx_word' id='word_1_40' title='bbox 985 812 1145 873; x_wconf 82' lang='lat' dir='ltr'><strong>feros</strong></span> <span class='ocrx_word' id='word_1_41' title='bbox 1190 813 1401 892; x_wconf 89' lang='lat' dir='ltr'><strong>positis</strong></span> <span class='ocrx_word' id='word_1_42' title='bbox 1448 831 1522 873; x_wconf 85' lang='lat' dir='ltr'><strong>ex</strong></span> <span class='ocrx_word' id='word_1_43' title='bbox 1567 812 1774 874; x_wconf 85' lang='lat' dir='ltr'><strong>ordine</strong></span> <span class='ocrx_word' id='word_1_44' title='bbox 1821 814 2053 874; x_wconf 85' lang='lat' dir='ltr'><strong>mensis</strong></span> 
     </span>
     <span class='ocr_line' id='line_1_8' title="bbox 482 899 1993 966; baseline -0.002 -1"><span class='ocrx_word' id='word_1_45' title='bbox 482 902 810 966; x_wconf 83' lang='lat' dir='ltr'><strong>Arboribus</strong></span> <span class='ocrx_word' id='word_1_46' title='bbox 856 908 1014 963; x_wconf 90' lang='lat' dir='ltr'><strong>tecto</strong></span> <span class='ocrx_word' id='word_1_47' title='bbox 1062 899 1438 962; x_wconf 85' lang='lat' dir='ltr'><strong>discumbere</strong></span> <span class='ocrx_word' id='word_1_48' title='bbox 1484 903 1741 962; x_wconf 89' lang='lat' dir='ltr'><strong>iusserat</strong></span> <span class='ocrx_word' id='word_1_49' title='bbox 1785 909 1957 963; x_wconf 90' lang='lat' dir='ltr'><strong>antro</strong></span> <span class='ocrx_word' id='word_1_50' title='bbox 1980 949 1993 962; x_wconf 89' lang='lat'><strong>.</strong></span> 
     </span>
     <span class='ocr_line' id='line_1_9' title="bbox 482 988 2127 1073; baseline -0.002 -19"><span class='ocrx_word' id='word_1_51' title='bbox 482 993 790 1054; x_wconf 90' lang='lat' dir='ltr'><strong>Haemonii</strong></span> <span class='ocrx_word' id='word_1_52' title='bbox 834 1007 1118 1070; x_wconf 89' lang='lat' dir='ltr'><strong>proceres</strong></span> <span class='ocrx_word' id='word_1_53' title='bbox 1163 988 1412 1050; x_wconf 89' lang='lat' dir='ltr'><strong>aderant</strong></span> <span class='ocrx_word' id='word_1_54' title='bbox 1434 1038 1455 1073; x_wconf 83' lang='lat'><em>‚</em></span> <span class='ocrx_word' id='word_1_55' title='bbox 1500 990 1812 1051; x_wconf 87' lang='lat' dir='ltr'><strong>aderamus</strong></span> <span class='ocrx_word' id='word_1_56' title='bbox 1859 999 1923 1051; x_wconf 91' lang='lat' dir='ltr'><strong>et</strong></span> <span class='ocrx_word' id='word_1_57' title='bbox 1965 991 2127 1071; x_wconf 81' lang='lat' dir='ltr'><strong>ipsi3</strong></span> 
     </span>
     <span class='ocr_line' id='line_1_10' title="bbox 482 1077 1891 1160; baseline -0.002 -17"><span class='ocrx_word' id='word_1_58' title='bbox 482 1083 775 1160; x_wconf 87' lang='lat' dir='ltr'><strong>Festaque</strong></span> <span class='ocrx_word' id='word_1_59' title='bbox 821 1080 1068 1140; x_wconf 78' lang='lat' dir='ltr'><strong>confusa</strong></span> <span class='ocrx_word' id='word_1_60' title='bbox 1112 1077 1429 1139; x_wconf 86' lang='lat' dir='ltr'><strong>resonabat</strong></span> <span class='ocrx_word' id='word_1_61' title='bbox 1472 1081 1635 1159; x_wconf 87' lang='lat' dir='ltr'><strong>regia</strong></span> <span class='ocrx_word' id='word_1_62' title='bbox 1679 1077 1857 1141; x_wconf 81' lang='lat' dir='ltr'><strong>turba</strong></span> <span class='ocrx_word' id='word_1_63' title='bbox 1876 1127 1891 1140; x_wconf 93' lang='lat'><strong>.</strong></span> 
     </span>
    </p>

    <p class='ocr_par' dir='ltr' id='par_1_4' title="bbox 354 1166 2292 1604">
     <span class='ocr_line' id='line_1_11' title="bbox 354 1166 2278 1248; baseline -0.004 -15"><span class='ocrx_word' id='word_1_64' title='bbox 354 1182 456 1233; x_wconf 78' lang='lat'><strong>215</strong></span> <span class='ocrx_word' id='word_1_65' title='bbox 485 1171 641 1232; x_wconf 91' lang='lat' dir='ltr'><strong>Ecce</strong></span> <span class='ocrx_word' id='word_1_66' title='bbox 688 1175 907 1230; x_wconf 89' lang='lat' dir='ltr'><strong>canunt</strong></span> <span class='ocrx_word' id='word_1_67' title='bbox 953 1166 1332 1247; x_wconf 82' lang='lat' dir='ltr'><strong>Hymenaeon</strong></span> <span class='ocrx_word' id='word_1_68' title='bbox 1357 1215 1377 1248; x_wconf 86' lang='lat'><em>‚</em></span> <span class='ocrx_word' id='word_1_69' title='bbox 1423 1174 1484 1228; x_wconf 91' lang='lat' dir='ltr'><strong>et</strong></span> <span class='ocrx_word' id='word_1_70' title='bbox 1527 1166 1765 1247; x_wconf 87' lang='lat' dir='ltr'><strong>ignibus</strong></span> <span class='ocrx_word' id='word_1_71' title='bbox 1812 1169 1962 1229; x_wconf 90' lang='lat' dir='ltr'><strong>atria</strong></span> <span class='ocrx_word' id='word_1_72' title='bbox 2008 1169 2278 1245; x_wconf 85' lang='lat' dir='ltr'><strong>fumant,</strong></span> 
     </span>
     <span class='ocr_line' id='line_1_12' title="bbox 487 1256 2292 1336; baseline -0.003 -16"><span class='ocrx_word' id='word_1_73' title='bbox 487 1259 809 1336; x_wconf 86' lang='lat' dir='ltr'><strong>Cinctaque</strong></span> <span class='ocrx_word' id='word_1_74' title='bbox 856 1256 1025 1317; x_wconf 88' lang='lat' dir='ltr'><strong>adest</strong></span> <span class='ocrx_word' id='word_1_75' title='bbox 1069 1258 1233 1335; x_wconf 88' lang='lat' dir='ltr'><strong>virgo</strong></span> <span class='ocrx_word' id='word_1_76' title='bbox 1282 1263 1541 1316; x_wconf 89' lang='lat' dir='ltr'><strong>matrum</strong></span> <span class='ocrx_word' id='word_1_77' title='bbox 1567 1274 1968 1336; x_wconf 83' lang='lat' dir='ltr'><strong>nuruumque</strong></span> <span class='ocrx_word' id='word_1_78' title='bbox 2018 1265 2292 1334; x_wconf 84' lang='lat' dir='ltr'><strong>caterva,</strong></span> 
     </span>
     <span class='ocr_line' id='line_1_13' title="bbox 485 1343 1791 1425; baseline -0.003 -15"><span class='ocrx_word' id='word_1_79' title='bbox 485 1347 822 1425; x_wconf 81' lang='lat' dir='ltr'><strong>Praesignis</strong></span> <span class='ocrx_word' id='word_1_80' title='bbox 867 1344 1015 1405; x_wconf 88' lang='lat' dir='ltr'><strong>facie</strong></span> <span class='ocrx_word' id='word_1_81' title='bbox 1045 1391 1058 1404; x_wconf 95' lang='lat'>.</span> <span class='ocrx_word' id='word_1_82' title='bbox 1115 1343 1349 1404; x_wconf 82' lang='lat' dir='ltr'><strong>felicem</strong></span> <span class='ocrx_word' id='word_1_83' title='bbox 1395 1344 1649 1406; x_wconf 86' lang='lat' dir='ltr'><strong>diximus</strong></span> <span class='ocrx_word' id='word_1_84' title='bbox 1692 1344 1791 1406; x_wconf 88' lang='lat' dir='ltr'><strong>illa</strong></span> 
     </span>
     <span class='ocr_line' id='line_1_14' title="bbox 489 1432 2238 1514; baseline -0.004 -17"><span class='ocrx_word' id='word_1_85' title='bbox 489 1436 752 1514; x_wconf 86' lang='lat' dir='ltr'><strong>Coniuge</strong></span> <span class='ocrx_word' id='word_1_86' title='bbox 797 1432 1174 1514; x_wconf 80' lang='lat' dir='ltr'><strong>Pirithoum3</strong></span> <span class='ocrx_word' id='word_1_87' title='bbox 1220 1432 1380 1512; x_wconf 85' lang='lat' dir='ltr'><strong>quod</strong></span> <span class='ocrx_word' id='word_1_88' title='bbox 1424 1451 1613 1513; x_wconf 90' lang='lat' dir='ltr'><strong>paene</strong></span> <span class='ocrx_word' id='word_1_89' title='bbox 1657 1432 1975 1495; x_wconf 82' lang='lat' dir='ltr'><strong>fefellimus</strong></span> <span class='ocrx_word' id='word_1_90' title='bbox 2022 1451 2205 1495; x_wconf 87' lang='lat' dir='ltr'><strong>omen</strong></span> <span class='ocrx_word' id='word_1_91' title='bbox 2223 1476 2238 1490; x_wconf 90' lang='lat'><strong>.</strong></span> 
     </span>
     <span class='ocr_line' id='line_1_15' title="bbox 486 1521 2097 1604; baseline -0.002 -18"><span class='ocrx_word' id='word_1_92' title='bbox 486 1525 635 1586; x_wconf 90' lang='lat' dir='ltr'><strong>Nam</strong></span> <span class='ocrx_word' id='word_1_93' title='bbox 679 1521 833 1604; x_wconf 85' lang='lat' dir='ltr'><strong>tibi,</strong></span> <span class='ocrx_word' id='word_1_94' title='bbox 879 1539 1191 1583; x_wconf 89' lang='lat' dir='ltr'><strong>saevorum</strong></span> <span class='ocrx_word' id='word_1_95' title='bbox 1237 1523 1576 1583; x_wconf 89' lang='lat' dir='ltr'><strong>saevissime</strong></span> <span class='ocrx_word' id='word_1_96' title='bbox 1623 1521 2097 1604; x_wconf 81' lang='lat' dir='ltr'><strong>Centaurorum,</strong></span> 
     </span>
    </p>

    <p class='ocr_par' dir='ltr' id='par_1_5' title="bbox 357 1612 2320 2047">
     <span class='ocr_line' id='line_1_16' title="bbox 357 1612 2025 1694; baseline -0.002 -19"><span class='ocrx_word' id='word_1_97' title='bbox 357 1625 460 1676; x_wconf 70' lang='lat'><strong>220</strong></span> <span class='ocrx_word' id='word_1_98' title='bbox 487 1614 710 1693; x_wconf 77' lang='lat' dir='ltr'><strong>Euryte</strong></span> <span class='ocrx_word' id='word_1_99' title='bbox 737 1660 755 1694; x_wconf 89' lang='lat'>‚</span> <span class='ocrx_word' id='word_1_100' title='bbox 801 1628 980 1690; x_wconf 89' lang='lat' dir='ltr'><strong>quam</strong></span> <span class='ocrx_word' id='word_1_101' title='bbox 1023 1612 1160 1671; x_wconf 86' lang='lat' dir='ltr'><strong>vino</strong></span> <span class='ocrx_word' id='word_1_102' title='bbox 1205 1618 1418 1689; x_wconf 89' lang='lat' dir='ltr'><strong>pectus</strong></span> <span class='ocrx_word' id='word_1_103' title='bbox 1461 1618 1582 1671; x_wconf 93' lang='lat' dir='ltr'><strong>tam</strong></span> <span class='ocrx_word' id='word_1_104' title='bbox 1628 1613 1853 1690; x_wconf 89' lang='lat' dir='ltr'><strong>virgine</strong></span> <span class='ocrx_word' id='word_1_105' title='bbox 1901 1613 2025 1671; x_wconf 87' lang='lat' dir='ltr'><strong>visa</strong></span> 
     </span>
     <span class='ocr_line' id='line_1_17' title="bbox 488 1697 2041 1781; baseline -0.002 -18"><span class='ocrx_word' id='word_1_106' title='bbox 488 1702 672 1764; x_wconf 83' lang='lat' dir='ltr'><strong>Ardet</strong></span> <span class='ocrx_word' id='word_1_107' title='bbox 697 1748 716 1781; x_wconf 86' lang='lat'>‚</span> <span class='ocrx_word' id='word_1_108' title='bbox 762 1708 823 1760; x_wconf 88' lang='lat' dir='ltr'><strong>et</strong></span> <span class='ocrx_word' id='word_1_109' title='bbox 868 1698 1124 1760; x_wconf 84' lang='lat' dir='ltr'><strong>ebrietas</strong></span> <span class='ocrx_word' id='word_1_110' title='bbox 1170 1700 1467 1778; x_wconf 91' lang='lat' dir='ltr'><strong>geminata</strong></span> <span class='ocrx_word' id='word_1_111' title='bbox 1513 1697 1756 1759; x_wconf 87' lang='lat' dir='ltr'><strong>libidine</strong></span> <span class='ocrx_word' id='word_1_112' title='bbox 1802 1706 2041 1779; x_wconf 85' lang='lat' dir='ltr'><strong>regnat.</strong></span> 
     </span>
     <span class='ocr_line' id='line_1_18' title="bbox 487 1785 1980 1870; baseline -0.004 -17"><span class='ocrx_word' id='word_1_113' title='bbox 487 1790 770 1853; x_wconf 85' lang='lat' dir='ltr'><strong>Protinus</strong></span> <span class='ocrx_word' id='word_1_114' title='bbox 816 1806 1057 1849; x_wconf 89' lang='lat' dir='ltr'><strong>eversae</strong></span> <span class='ocrx_word' id='word_1_115' title='bbox 1103 1785 1349 1849; x_wconf 88' lang='lat' dir='ltr'><strong>turbant</strong></span> <span class='ocrx_word' id='word_1_116' title='bbox 1394 1788 1658 1848; x_wconf 87' lang='lat' dir='ltr'><strong>convivia</strong></span> <span class='ocrx_word' id='word_1_117' title='bbox 1692 1805 1943 1861; x_wconf 46' lang='lat' dir='ltr'><strong>,mensae</strong></span> <span class='ocrx_word' id='word_1_118' title='bbox 1959 1835 1980 1870; x_wconf 84' lang='lat'><em>‚</em></span> 
     </span>
     <span class='ocr_line' id='line_1_19' title="bbox 490 1876 2259 1959; baseline -0.004 -19"><span class='ocrx_word' id='word_1_119' title='bbox 490 1880 896 1959; x_wconf 86' lang='lat' dir='ltr'><strong>Raptaturque</strong></span> <span class='ocrx_word' id='word_1_120' title='bbox 944 1879 1129 1937; x_wconf 90' lang='lat' dir='ltr'><strong>comis</strong></span> <span class='ocrx_word' id='word_1_121' title='bbox 1173 1894 1285 1956; x_wconf 88' lang='lat' dir='ltr'><strong>per</strong></span> <span class='ocrx_word' id='word_1_122' title='bbox 1328 1877 1447 1937; x_wconf 89' lang='lat' dir='ltr'><strong>vim</strong></span> <span class='ocrx_word' id='word_1_123' title='bbox 1492 1893 1642 1937; x_wconf 88' lang='lat' dir='ltr'><strong>nova</strong></span> <span class='ocrx_word' id='word_1_124' title='bbox 1687 1883 1874 1955; x_wconf 87' lang='lat' dir='ltr'><strong>nupta</strong></span> <span class='ocrx_word' id='word_1_125' title='bbox 1914 1876 2229 1957; x_wconf 89' lang='lat' dir='ltr'><strong>prehensis</strong></span> <span class='ocrx_word' id='word_1_126' title='bbox 2246 1921 2259 1933; x_wconf 91' lang='lat'><em>.</em></span> 
     </span>
     <span class='ocr_line' id='line_1_20' title="bbox 490 1961 2320 2047; baseline -0.005 -18"><span class='ocrx_word' id='word_1_127' title='bbox 490 1967 752 2047; x_wconf 81' lang='lat' dir='ltr'><strong>Eurytus</strong></span> <span class='ocrx_word' id='word_1_128' title='bbox 798 1964 1206 2045; x_wconf 88' lang='lat' dir='ltr'><strong>Hippodamen</strong></span> <span class='ocrx_word' id='word_1_129' title='bbox 1231 2013 1251 2047; x_wconf 88' lang='lat'>‚</span> <span class='ocrx_word' id='word_1_130' title='bbox 1296 1963 1396 2025; x_wconf 82' lang='lat' dir='ltr'><strong>alii</strong></span> <span class='ocrx_word' id='word_1_131' title='bbox 1419 2012 1440 2047; x_wconf 83' lang='lat'><em>‚</em></span> <span class='ocrx_word' id='word_1_132' title='bbox 1485 1982 1663 2043; x_wconf 90' lang='lat' dir='ltr'><strong>quam</strong></span> <span class='ocrx_word' id='word_1_133' title='bbox 1708 1966 1962 2044; x_wconf 86' lang='lat' dir='ltr'><strong>quisque</strong></span> <span class='ocrx_word' id='word_1_134' title='bbox 2005 1961 2320 2044; x_wconf 80' lang='lat' dir='ltr'><strong>probabant</strong></span> 
     </span>
    </p>

    <p class='ocr_par' dir='ltr' id='par_1_6' title="bbox 360 2050 2316 2400">
     <span class='ocr_line' id='line_1_21' title="bbox 360 2050 2316 2135; baseline -0.003 -16"><span class='ocrx_word' id='word_1_135' title='bbox 360 2066 464 2119; x_wconf 74' lang='lat'><strong>225</strong></span> <span class='ocrx_word' id='word_1_136' title='bbox 492 2057 610 2118; x_wconf 88' lang='lat' dir='ltr'><strong>Aut</strong></span> <span class='ocrx_word' id='word_1_137' title='bbox 652 2059 929 2135; x_wconf 86' lang='lat' dir='ltr'><strong>poterant</strong></span> <span class='ocrx_word' id='word_1_138' title='bbox 953 2100 973 2134; x_wconf 90' lang='lat'><em>,</em></span> <span class='ocrx_word' id='word_1_139' title='bbox 1018 2055 1302 2134; x_wconf 82' lang='lat' dir='ltr'><strong>rapiunt3</strong></span> <span class='ocrx_word' id='word_1_140' title='bbox 1349 2060 1672 2133; x_wconf 86' lang='lat' dir='ltr'><strong>captaeque</strong></span> <span class='ocrx_word' id='word_1_141' title='bbox 1718 2060 1849 2114; x_wconf 90' lang='lat' dir='ltr'><strong>erat</strong></span> <span class='ocrx_word' id='word_1_142' title='bbox 1891 2050 2061 2114; x_wconf 90' lang='lat' dir='ltr'><strong>urbis</strong></span> <span class='ocrx_word' id='word_1_143' title='bbox 2105 2055 2316 2130; x_wconf 76' lang='lat' dir='ltr'><strong>imago.</strong></span> 
     </span>
     <span class='ocr_line' id='line_1_22' title="bbox 490 2140 2065 2206; baseline -0.002 -1"><span class='ocrx_word' id='word_1_144' title='bbox 490 2145 771 2206; x_wconf 91' lang='lat' dir='ltr'><strong>Femineo</strong></span> <span class='ocrx_word' id='word_1_145' title='bbox 818 2141 1072 2203; x_wconf 88' lang='lat' dir='ltr'><strong>clamore</strong></span> <span class='ocrx_word' id='word_1_146' title='bbox 1120 2149 1293 2202; x_wconf 91' lang='lat' dir='ltr'><strong>sonat</strong></span> <span class='ocrx_word' id='word_1_147' title='bbox 1334 2140 1547 2203; x_wconf 88' lang='lat' dir='ltr'><strong>domus</strong></span> <span class='ocrx_word' id='word_1_148' title='bbox 1575 2188 1590 2203; x_wconf 91' lang='lat'><strong>.</strong></span> <span class='ocrx_word' id='word_1_149' title='bbox 1645 2143 1812 2201; x_wconf 88' lang='lat' dir='ltr'><strong>ocius</strong></span> <span class='ocrx_word' id='word_1_150' title='bbox 1859 2159 2065 2202; x_wconf 87' lang='lat' dir='ltr'><strong>omnes</strong></span> 
     </span>
     <span class='ocr_line' id='line_1_23' title="bbox 494 2224 2272 2312; baseline -0.003 -17"><span class='ocrx_word' id='word_1_151' title='bbox 494 2234 807 2312; x_wconf 89' lang='lat' dir='ltr'><strong>Surgimus</strong></span> <span class='ocrx_word' id='word_1_152' title='bbox 831 2278 851 2312; x_wconf 89' lang='lat'><em>,</em></span> <span class='ocrx_word' id='word_1_153' title='bbox 897 2236 960 2290; x_wconf 90' lang='lat' dir='ltr'><strong>et</strong></span> <span class='ocrx_word' id='word_1_154' title='bbox 1002 2232 1232 2311; x_wconf 89' lang='lat' dir='ltr'><strong>primus</strong></span> <span class='ocrx_word' id='word_1_155' title='bbox 1279 2224 1478 2309; x_wconf 78' lang='lat' dir='ltr'><strong>“quae</strong></span> <span class='ocrx_word' id='word_1_156' title='bbox 1523 2236 1583 2290; x_wconf 90' lang='lat' dir='ltr'><strong>te</strong></span> <span class='ocrx_word' id='word_1_157' title='bbox 1628 2229 1904 2290; x_wconf 89' lang='lat' dir='ltr'><strong>vecordia</strong></span> <span class='ocrx_word' id='word_1_158' title='bbox 1926 2224 1970 2312; x_wconf 78' lang='lat'><strong>‚³</strong></span> <span class='ocrx_word' id='word_1_159' title='bbox 2015 2229 2272 2291; x_wconf 79' lang='lat' dir='ltr'><strong>Theseus</strong></span> 
     </span>
     <span class='ocr_line' id='line_1_24' title="bbox 493 2312 2178 2400; baseline 0.001 -22"><span class='ocrx_word' id='word_1_160' title='bbox 493 2315 510 2342; x_wconf 77' lang='lat'><em>‘</em></span> <span class='ocrx_word' id='word_1_161' title='bbox 525 2318 749 2399; x_wconf 78' lang='lat' dir='ltr'><strong>Euryte</strong></span> <span class='ocrx_word' id='word_1_162' title='bbox 765 2366 784 2400; x_wconf 89' lang='lat'>‚</span> <span class='ocrx_word' id='word_1_163' title='bbox 843 2317 1041 2398; x_wconf 87' lang='lat' dir='ltr'><strong>pulsat</strong></span> <span class='ocrx_word' id='word_1_164' title='bbox 1055 2313 1100 2400; x_wconf 79' lang='lat'><strong>,⁹</strong></span> <span class='ocrx_word' id='word_1_165' title='bbox 1164 2320 1247 2379; x_wconf 90' lang='lat' dir='ltr'><strong>ait</strong></span> <span class='ocrx_word' id='word_1_166' title='bbox 1270 2365 1289 2399; x_wconf 89' lang='lat'>‚</span> <span class='ocrx_word' id='word_1_167' title='bbox 1336 2312 1464 2396; x_wconf 75' lang='lat' dir='ltr'><strong>‘qui</strong></span> <span class='ocrx_word' id='word_1_168' title='bbox 1507 2336 1605 2379; x_wconf 91' lang='lat' dir='ltr'><strong>me</strong></span> <span class='ocrx_word' id='word_1_169' title='bbox 1648 2319 1879 2379; x_wconf 88' lang='lat' dir='ltr'><strong>vivente</strong></span> <span class='ocrx_word' id='word_1_170' title='bbox 1924 2316 2178 2380; x_wconf 86' lang='lat' dir='ltr'><strong>lacessas</strong></span> 
     </span>
    </p>

    <p class='ocr_par' dir='ltr' id='par_1_7' title="bbox 363 2400 2083 2489">
     <span class='ocr_line' id='line_1_25' title="bbox 363 2400 2083 2489; baseline -0.002 -18"><span class='ocrx_word' id='word_1_171' title='bbox 363 2422 466 2472; x_wconf 77' lang='lat'><strong>229</strong></span> <span class='ocrx_word' id='word_1_172' title='bbox 495 2408 828 2470; x_wconf 88' lang='lat' dir='ltr'><strong>Pirithoum</strong></span> <span class='ocrx_word' id='word_1_173' title='bbox 852 2455 872 2489; x_wconf 89' lang='lat'>‚</span> <span class='ocrx_word' id='word_1_174' title='bbox 917 2406 1220 2485; x_wconf 82' lang='lat' dir='ltr'><strong>violesque</strong></span> <span class='ocrx_word' id='word_1_175' title='bbox 1269 2405 1418 2467; x_wconf 89' lang='lat' dir='ltr'><strong>duos</strong></span> <span class='ocrx_word' id='word_1_176' title='bbox 1464 2407 1707 2486; x_wconf 81' lang='lat' dir='ltr'><strong>ignarus</strong></span> <span class='ocrx_word' id='word_1_177' title='bbox 1751 2408 1814 2467; x_wconf 91' lang='lat' dir='ltr'><strong>in</strong></span> <span class='ocrx_word' id='word_1_178' title='bbox 1859 2425 1981 2467; x_wconf 92' lang='lat' dir='ltr'><strong>uno</strong></span> <span class='ocrx_word' id='word_1_179' title='bbox 1999 2400 2083 2467; x_wconf 70' lang='lat'><strong>‘2”</strong></span> 
     </span>
    </p>

    <p class='ocr_par' dir='ltr' id='par_1_8' title="bbox 368 2494 2210 2754">
     <span class='ocr_line' id='line_1_26' title="bbox 368 2494 2146 2574; baseline -0.001 -16"><span class='ocrx_word' id='word_1_180' title='bbox 368 2510 465 2558; x_wconf 66' lang='lat' dir='ltr'><strong>sss</strong></span> <span class='ocrx_word' id='word_1_181' title='bbox 505 2502 597 2558; x_wconf 56' lang='lat' dir='ltr'><strong>ills·</strong></span> <span class='ocrx_word' id='word_1_182' title='bbox 649 2498 793 2558; x_wconf 81' lang='lat' dir='ltr'><strong>nihil</strong></span> <span class='ocrx_word' id='word_1_183' title='bbox 838 2503 1089 2557; x_wconf 85' lang='lat' dir='ltr'><strong>contra:</strong></span> <span class='ocrx_word' id='word_1_184' title='bbox 1134 2513 1331 2574; x_wconf 87' lang='lat' dir='ltr'><strong>neque</strong></span> <span class='ocrx_word' id='word_1_185' title='bbox 1378 2497 1538 2555; x_wconf 91' lang='lat' dir='ltr'><strong>enim</strong></span> <span class='ocrx_word' id='word_1_186' title='bbox 1582 2494 1903 2556; x_wconf 84' lang='lat' dir='ltr'><strong>defendere</strong></span> <span class='ocrx_word' id='word_1_187' title='bbox 1948 2494 2146 2556; x_wconf 88' lang='lat' dir='ltr'><strong>verbis</strong></span> 
     </span>
     <span class='ocr_line' id='line_1_27' title="bbox 501 2582 2082 2663; baseline -0.002 -17"><span class='ocrx_word' id='word_1_188' title='bbox 501 2586 657 2646; x_wconf 71' lang='lat' dir='ltr'><strong>&#39;l&#39;salia</strong></span> <span class='ocrx_word' id='word_1_189' title='bbox 709 2590 861 2646; x_wconf 79' lang='lat' dir='ltr'><strong>sacta</strong></span> <span class='ocrx_word' id='word_1_190' title='bbox 903 2591 1146 2663; x_wconf 73' lang='lat' dir='ltr'><strong>potestt</strong></span> <span class='ocrx_word' id='word_1_191' title='bbox 1191 2582 1297 2644; x_wconf 90' lang='lat' dir='ltr'><strong>sed</strong></span> <span class='ocrx_word' id='word_1_192' title='bbox 1342 2582 1592 2644; x_wconf 85' lang='lat' dir='ltr'><strong>vindicis</strong></span> <span class='ocrx_word' id='word_1_193' title='bbox 1638 2601 1741 2644; x_wconf 87' lang='lat' dir='ltr'><strong>ora</strong></span> <span class='ocrx_word' id='word_1_194' title='bbox 1785 2585 2082 2663; x_wconf 90' lang='lat' dir='ltr'><strong>protervis</strong></span> 
     </span>
     <span class='ocr_line' id='line_1_28' title="bbox 501 2671 2210 2754; baseline -0.001 -20"><span class='ocrx_word' id='word_1_195' title='bbox 501 2678 838 2754; x_wconf 65' lang='lat' dir='ltr'><strong>insequitur</strong></span> <span class='ocrx_word' id='word_1_196' title='bbox 883 2671 1156 2733; x_wconf 86' lang='lat' dir='ltr'><strong>manibus</strong></span> <span class='ocrx_word' id='word_1_197' title='bbox 1181 2720 1200 2754; x_wconf 89' lang='lat'>,</span> <span class='ocrx_word' id='word_1_198' title='bbox 1246 2689 1652 2752; x_wconf 83' lang='lat' dir='ltr'><strong>generosaque</strong></span> <span class='ocrx_word' id='word_1_199' title='bbox 1697 2679 1940 2752; x_wconf 87' lang='lat' dir='ltr'><strong>pectora</strong></span> <span class='ocrx_word' id='word_1_200' title='bbox 1985 2671 2210 2750; x_wconf 85' lang='lat' dir='ltr'><strong>pulsat.</strong></span> 
     </span>
    </p>

    <p class='ocr_par' dir='ltr' id='par_1_9' title="bbox 368 2759 2312 3193">
     <span class='ocr_line' id='line_1_29' title="bbox 368 2759 1872 2840; baseline -0.001 -18"><span class='ocrx_word' id='word_1_201' title='bbox 368 2778 465 2826; x_wconf 60' lang='lat'><strong>235</strong></span> <span class='ocrx_word' id='word_1_202' title='bbox 501 2766 541 2822; x_wconf 85' lang='lat' dir='ltr'><strong>F</strong></span> <span class='ocrx_word' id='word_1_203' title='bbox 545 2774 673 2822; x_wconf 73' lang='lat' dir='ltr'><strong>urie</strong></span> <span class='ocrx_word' id='word_1_204' title='bbox 725 2763 833 2822; x_wconf 71' lang='lat' dir='ltr'><strong>fun</strong></span> <span class='ocrx_word' id='word_1_205' title='bbox 875 2763 1039 2822; x_wconf 86' lang='lat' dir='ltr'><strong>iuxta</strong></span> <span class='ocrx_word' id='word_1_206' title='bbox 1085 2762 1269 2840; x_wconf 85' lang='lat' dir='ltr'><strong>signis</strong></span> <span class='ocrx_word' id='word_1_207' title='bbox 1315 2759 1653 2822; x_wconf 87' lang='lat' dir='ltr'><strong>extantibus</strong></span> <span class='ocrx_word' id='word_1_208' title='bbox 1698 2777 1872 2840; x_wconf 88' lang='lat' dir='ltr'><strong>asper</strong></span> 
     </span>
     <span class='ocr_line' id='line_1_30' title="bbox 501 2851 2041 2931; baseline 0 -21"><span class='ocrx_word' id='word_1_209' title='bbox 501 2854 793 2930; x_wconf 49' lang='lat' dir='ltr'><strong>antiquus</strong></span> <span class='ocrx_word' id='word_1_210' title='bbox 838 2857 1034 2911; x_wconf 86' lang='lat' dir='ltr'><strong>crater</strong></span> <span class='ocrx_word' id='word_1_211' title='bbox 1058 2897 1078 2931; x_wconf 89' lang='lat'><em>,</em></span> <span class='ocrx_word' id='word_1_212' title='bbox 1126 2867 1305 2928; x_wconf 87' lang='lat' dir='ltr'><strong>quem</strong></span> <span class='ocrx_word' id='word_1_213' title='bbox 1349 2866 1602 2928; x_wconf 83' lang='lat' dir='ltr'><strong>surgens</strong></span> <span class='ocrx_word' id='word_1_214' title='bbox 1646 2851 1866 2909; x_wconf 86' lang='lat' dir='ltr'><strong>vastior</strong></span> <span class='ocrx_word' id='word_1_215' title='bbox 1911 2851 2041 2928; x_wconf 83' lang='lat' dir='ltr'><strong>ipse</strong></span> 
     </span>
     <span class='ocr_line' id='line_1_31' title="bbox 501 2936 1998 3019; baseline -0.001 -21"><span class='ocrx_word' id='word_1_216' title='bbox 501 2942 757 2998; x_wconf 69' lang='lat' dir='ltr'><strong>Sustulit</strong></span> <span class='ocrx_word' id='word_1_217' title='bbox 799 2936 1049 3018; x_wconf 79' lang='lat' dir='ltr'><strong>Aegides</strong></span> <span class='ocrx_word' id='word_1_218' title='bbox 1074 2985 1093 3019; x_wconf 89' lang='lat'>‚</span> <span class='ocrx_word' id='word_1_219' title='bbox 1139 2938 1500 3017; x_wconf 85' lang='lat' dir='ltr'><strong>adversaque</strong></span> <span class='ocrx_word' id='word_1_220' title='bbox 1546 2938 1708 2998; x_wconf 90' lang='lat' dir='ltr'><strong>misit</strong></span> <span class='ocrx_word' id='word_1_221' title='bbox 1750 2939 1814 2998; x_wconf 92' lang='lat' dir='ltr'><strong>in</strong></span> <span class='ocrx_word' id='word_1_222' title='bbox 1857 2954 1962 2997; x_wconf 87' lang='lat' dir='ltr'><strong>ora</strong></span> <span class='ocrx_word' id='word_1_223' title='bbox 1981 2982 1998 2998; x_wconf 91' lang='lat'><strong>.</strong></span> 
     </span>
     <span class='ocr_line' id='line_1_32' title="bbox 505 3024 2312 3106; baseline -0.006 -16"><span class='ocrx_word' id='word_1_224' title='bbox 505 3030 818 3106; x_wconf 70' lang='lat' dir='ltr'><strong>Sanguinis</strong></span> <span class='ocrx_word' id='word_1_225' title='bbox 863 3026 961 3088; x_wconf 92' lang='lat' dir='ltr'><strong>ille</strong></span> <span class='ocrx_word' id='word_1_226' title='bbox 1007 3025 1213 3106; x_wconf 89' lang='lat' dir='ltr'><strong>globos</strong></span> <span class='ocrx_word' id='word_1_227' title='bbox 1258 3027 1482 3105; x_wconf 88' lang='lat' dir='ltr'><strong>pariter</strong></span> <span class='ocrx_word' id='word_1_228' title='bbox 1519 3024 1953 3104; x_wconf 86' lang='lat' dir='ltr'><strong>cerebrumque</strong></span> <span class='ocrx_word' id='word_1_229' title='bbox 1989 3038 2312 3104; x_wconf 80' lang='lat' dir='ltr'><strong>merumque</strong></span> 
     </span>
     <span class='ocr_line' id='line_1_33' title="bbox 501 3112 2211 3193; baseline 0.001 -19"><span class='ocrx_word' id='word_1_230' title='bbox 501 3118 757 3178; x_wconf 60' lang='lat' dir='ltr'><strong>vulnere</strong></span> <span class='ocrx_word' id='word_1_231' title='bbox 805 3124 868 3177; x_wconf 88' lang='lat' dir='ltr'><strong>et</strong></span> <span class='ocrx_word' id='word_1_232' title='bbox 907 3132 1016 3175; x_wconf 91' lang='lat' dir='ltr'><strong>ore</strong></span> <span class='ocrx_word' id='word_1_233' title='bbox 1061 3132 1305 3176; x_wconf 88' lang='lat' dir='ltr'><strong>vomens</strong></span> <span class='ocrx_word' id='word_1_234' title='bbox 1351 3113 1581 3175; x_wconf 87' lang='lat' dir='ltr'><strong>madida</strong></span> <span class='ocrx_word' id='word_1_235' title='bbox 1625 3115 1947 3193; x_wconf 89' lang='lat' dir='ltr'><strong>resupinus</strong></span> <span class='ocrx_word' id='word_1_236' title='bbox 1990 3112 2211 3175; x_wconf 87' lang='lat' dir='ltr'><strong>harena</strong></span> 
     </span>
    </p>

    <p class='ocr_par' dir='ltr' id='par_1_10' title="bbox 372 3201 2314 3639">
     <span class='ocr_line' id='line_1_34' title="bbox 372 3201 2178 3283; baseline -0.001 -17"><span class='ocrx_word' id='word_1_237' title='bbox 372 3218 473 3266; x_wconf 68' lang='lat'><strong>241]</strong></span> <span class='ocrx_word' id='word_1_238' title='bbox 505 3206 781 3266; x_wconf 74' lang='lat' dir='ltr'><strong>Calcitrat</strong></span> <span class='ocrx_word' id='word_1_239' title='bbox 808 3251 822 3265; x_wconf 89' lang='lat'><strong>.</strong></span> <span class='ocrx_word' id='word_1_240' title='bbox 878 3202 1200 3265; x_wconf 85' lang='lat' dir='ltr'><strong>ardescunt</strong></span> <span class='ocrx_word' id='word_1_241' title='bbox 1243 3204 1511 3282; x_wconf 89' lang='lat' dir='ltr'><strong>germani</strong></span> <span class='ocrx_word' id='word_1_242' title='bbox 1556 3203 1734 3264; x_wconf 88' lang='lat' dir='ltr'><strong>caede</strong></span> <span class='ocrx_word' id='word_1_243' title='bbox 1780 3201 2178 3283; x_wconf 88' lang='lat' dir='ltr'><strong>bimembres,</strong></span> 
     </span>
     <span class='ocr_line' id='line_1_35' title="bbox 505 3285 2314 3373; baseline -0.002 -19"><span class='ocrx_word' id='word_1_244' title='bbox 505 3294 904 3372; x_wconf 72' lang='lat' dir='ltr'><strong>Certatimque</strong></span> <span class='ocrx_word' id='word_1_245' title='bbox 933 3310 1140 3352; x_wconf 91' lang='lat' dir='ltr'><strong>omnes</strong></span> <span class='ocrx_word' id='word_1_246' title='bbox 1166 3309 1288 3353; x_wconf 90' lang='lat' dir='ltr'><strong>uno</strong></span> <span class='ocrx_word' id='word_1_247' title='bbox 1317 3310 1422 3353; x_wconf 90' lang='lat' dir='ltr'><strong>ore</strong></span> <span class='ocrx_word' id='word_1_248' title='bbox 1460 3285 1669 3352; x_wconf 78' lang='lat' dir='ltr'><strong>“arma</strong></span> <span class='ocrx_word' id='word_1_249' title='bbox 1692 3338 1713 3373; x_wconf 85' lang='lat'><em>‚</em></span> <span class='ocrx_word' id='word_1_250' title='bbox 1749 3285 1957 3352; x_wconf 87' lang='lat' dir='ltr'><strong>arma’&#39;</strong></span> <span class='ocrx_word' id='word_1_251' title='bbox 1982 3289 2314 3370; x_wconf 83' lang='lat' dir='ltr'><strong>loquuntur·</strong></span> 
     </span>
     <span class='ocr_line' id='line_1_36' title="bbox 509 3377 2082 3460; baseline 0.001 -22"><span class='ocrx_word' id='word_1_252' title='bbox 509 3382 649 3442; x_wconf 61' lang='lat' dir='ltr'><strong>Vina</strong></span> <span class='ocrx_word' id='word_1_253' title='bbox 701 3382 917 3442; x_wconf 71' lang='lat' dir='ltr'><strong>:labant</strong></span> <span class='ocrx_word' id='word_1_254' title='bbox 960 3382 1186 3442; x_wconf 89' lang='lat' dir='ltr'><strong>animos</strong></span> <span class='ocrx_word' id='word_1_255' title='bbox 1216 3427 1231 3442; x_wconf 93' lang='lat'><strong>.</strong></span> <span class='ocrx_word' id='word_1_256' title='bbox 1288 3387 1350 3441; x_wconf 91' lang='lat' dir='ltr'><strong>et</strong></span> <span class='ocrx_word' id='word_1_257' title='bbox 1392 3381 1583 3460; x_wconf 90' lang='lat' dir='ltr'><strong>prima</strong></span> <span class='ocrx_word' id='word_1_258' title='bbox 1627 3377 1841 3460; x_wconf 88' lang='lat' dir='ltr'><strong>pocula</strong></span> <span class='ocrx_word' id='word_1_259' title='bbox 1885 3396 2082 3459; x_wconf 87' lang='lat' dir='ltr'><strong>pugna</strong></span> 
     </span>
     <span class='ocr_line' id='line_1_37' title="bbox 509 3466 2178 3550; baseline -0.001 -20"><span class='ocrx_word' id='word_1_260' title='bbox 509 3470 681 3530; x_wconf 73' lang='lat' dir='ltr'><strong>Missa</strong></span> <span class='ocrx_word' id='word_1_261' title='bbox 729 3469 921 3531; x_wconf 66' lang='lat' dir='ltr'><strong>valant</strong></span> <span class='ocrx_word' id='word_1_262' title='bbox 967 3468 1325 3548; x_wconf 82' lang='lat' dir='ltr'><strong>fragilesque</strong></span> <span class='ocrx_word' id='word_1_263' title='bbox 1372 3467 1546 3550; x_wconf 88' lang='lat' dir='ltr'><strong>cadi,</strong></span> <span class='ocrx_word' id='word_1_264' title='bbox 1591 3469 1876 3547; x_wconf 89' lang='lat' dir='ltr'><strong>curvique</strong></span> <span class='ocrx_word' id='word_1_265' title='bbox 1921 3466 2178 3550; x_wconf 84' lang='lat' dir='ltr'><strong>lebetes,</strong></span> 
     </span>
     <span class='ocr_line' id='line_1_38' title="bbox 513 3554 2312 3639; baseline -0.001 -25"><span class='ocrx_word' id='word_1_266' title='bbox 513 3558 629 3618; x_wconf 70' lang='lat' dir='ltr'><strong>Rus</strong></span> <span class='ocrx_word' id='word_1_267' title='bbox 677 3555 864 3634; x_wconf 75' lang='lat' dir='ltr'><strong>epulis</strong></span> <span class='ocrx_word' id='word_1_268' title='bbox 911 3557 1208 3636; x_wconf 88' lang='lat' dir='ltr'><strong>quondam</strong></span> <span class='ocrx_word' id='word_1_269' title='bbox 1231 3603 1253 3639; x_wconf 84' lang='lat'><em>,</em></span> <span class='ocrx_word' id='word_1_270' title='bbox 1298 3574 1460 3618; x_wconf 86' lang='lat' dir='ltr'><strong>nunc</strong></span> <span class='ocrx_word' id='word_1_271' title='bbox 1512 3554 1667 3617; x_wconf 89' lang='lat' dir='ltr'><strong>bello</strong></span> <span class='ocrx_word' id='word_1_272' title='bbox 1713 3564 1776 3618; x_wconf 90' lang='lat' dir='ltr'><strong>et</strong></span> <span class='ocrx_word' id='word_1_273' title='bbox 1819 3555 2100 3618; x_wconf 87' lang='lat' dir='ltr'><strong>caedibus</strong></span> <span class='ocrx_word' id='word_1_274' title='bbox 2141 3562 2312 3638; x_wconf 81' lang='lat' dir='ltr'><strong>aptae.</strong></span> 
     </span>
    </p>
   </div>
   <div class='ocr_carea' id='block_1_3' title="bbox 2438 740 2441 3985">
    <p class='ocr_par' dir='ltr' id='par_1_11' title="bbox 2438 740 2441 3985">
     <span class='ocr_line' id='line_1_39' title="bbox 2438 740 2441 3985; baseline 0 0"><span class='ocrx_word' id='word_1_275' title='bbox 2438 740 2441 3985; x_wconf 95' lang='lat' dir='ltr'><strong> </strong></span> 
     </span>
    </p>
   </div>
  </div>
 </body>
</html>
