2467 4042
479 215 704 287 lmen-1415
819 237 914 274 sessus
1032 216 1096 282 ιιι

82 394 153 447 105
167 382 299 445 Uberior
322 381 432 463 solito,
455 381 564 444 nimbis
586 382 763 444 hiemalibus
786 390 909 465 anctus,

167 468 400 550 verticibusque
424 471 566 551 frequens
589 478 654 532 erat
676 480 764 550 atque
786 473 938 550 inpervius
961 471 1073 531 amnis.

166 558 357 638 Intrepidum
379 577 435 639 pro
459 577 514 638 se,
537 577 639 620 curam
662 559 699 620 de
722 561 847 638 coniuge
871 565 1007 638 agentem

167 647 287 708 Nessus
309 646 371 708 adit
383 695 393 728 ,
415 646 617 727 membrisque
640 647 740 710 valens
759 650 912 727 scitusque
935 644 1096 728 vadorum,

169 730 302 797 ‘Officio’
326 754 384 814 qne
408 730 486 796 ‘meo
509 737 573 816 ripe
596 738 718 798 sistetur
741 738 773 797 in
795 734 844 796 illa

86 836 155 886 110
169 817 285 903 llaec?
309 825 350 884 ιιι
373 819 507 886 Alcide.
535 832 568 886 tu
590 824 705 887 viribus
728 832 813 886 utere
836 819 962 884 nando·'

168 908 394 989 Pallenteanne
418 921 500 974 metu
513 912 764 995 ,fluviumque
755 930 912 992 rpsumque
940 915 1093 973 timentem

168 996 308 1061 Tradidit
330 1000 443 1061 Aonius
465 1000 600 1081 pavidam
624 990 802 1104 Calydonida
822 1000 935 1062 Nesso
980 1012 984 1019 ’

168 1081 258 1170 Mox,
281 1095 315 1149 ut
333 1097 419 1170 erat,
441 1082 643 1170 pharetraque
655 1091 751 1169 grauis
771 1088 925 1170 spolioque
942 1088 1037 1150 leonis
1052 1121 1095 1131 ——

169 1175 248 1237 Nam
271 1175 381 1237 clavam
404 1185 435 1238 et
458 1195 565 1239 curvos
587 1187 670 1238 trans
693 1180 788 1259 ripam
806 1180 927 1239 miserat
950 1195 1038 1239 arcus
1054 1209 1092 1220 -

93 1276 155 1327 uo
171 1260 432 1349 ‘Quandoquidem
456 1268 563 1347 coepi,
585 1274 766 1346 superentur
787 1261 920 1328 humiha'
943 1264 1034 1348 dixit,

169 1353 236 1414 Nec
259 1351 396 1435 dubitat,
418 1372 475 1415 nec
488 1372 578 1435 ,qua
601 1357 641 1416 sit
664 1354 912 1416 clementissimus
936 1356 1047 1433 amnis,

170 1440 320 1522 Quaerit,
343 1449 373 1502 et
395 1440 539 1522 obsequio
562 1441 674 1504 deferri
697 1445 811 1524 spernit
834 1460 1031 1522 aquarum.

169 1529 294 1608 lamque
317 1536 423 1591 tenens
435 1533 563 1634 ἰΙριιιι,
585 1532 693 1593 missos
716 1548 784 1593 cum
807 1531 925 1592 tolleret
947 1516 1052 1612 mous,

171 1617 316 1696 Coniugis
339 1614 458 1721 agnovit
479 1626 604 1708 vocem·
616 1616 781 1731 Nessoqqe
804 1620 920 1700 paranti

96 1719 156 1770 120
170 1704 287 1766 Fallere
311 1697 532 1799 depositum
509 1690 623 1797 quote
646 1703 764 1769 fiducia'
788 1708 894 1769 clamat

172 1790 266 1854 ‘Vana
283 1786 415 1877 pedum,
434 1785 561 1858 violente
575 1793 715 1877 ,rapiti
738 1795 813 1879 tibi,
836 1788 930 1857 Nesse
943 1795 1099 1876 biformis

171 1878 330 1945 Dicimus
353 1844 486 1966 exaudi,
509 1902 565 1946 nec
587 1901 638 1945 res
658 1878 806 1965 intercipe
829 1893 963 1946 nostras

172 1970 208 2032 Si
230 1978 260 2030 te
283 1964 363 2053 nulla
385 1962 445 2033 mei
467 1975 635 2061 reverentia
656 1974 770 2054 morit,
792 1981 822 2034 at
844 1970 933 2037 orbes

171 2041 358 2120 Concubitds
381 2051 489 2122 vetitos
510 2069 650 2141 poterant
671 2060 808 2122 inhibere
830 2064 963 2142 paterni

101 2160 157 2210 ιιι
172 2146 260 2208 Haud
283 2131 382 2209 tamen
406 2150 551 2239 effugies,
575 2151 709 2228 quamvis
732 2164 788 2229 ope
810 2149 877 2210 ddis
901 2152 1026 2228 equina.

173 2234 325 2316 Vulnere,
348 2255 408 2298 nou
419 2230 557 2342 pedibus
579 2246 609 2299 te
634 2255 820 2327 consequar.
822 2232 960 2299 'ultima
982 2237 1060 2299 dicta

172 2323 218 2384 Re
241 2322 369 2415 probat,
393 2333 424 2387 et
446 2328 535 2386 missa
558 2318 702 2411 fugientia
725 2335 808 2405 terga
831 2328 938 2413 sagitta

155 2408 308 2487 Traici't.
336 2373 466 2474 extabat
477 2406 592 2476 terrum
615 2410 651 2476 de
674 2422 796 2495 pectore
820 2414 985 2476 aduncum.

173 2499 262 2572 Quod
272 2496 360 2562 simul
369 2503 504 2591 evulsum
519 2511 580 2584 est,
595 2505 715 2582 sanguis
729 2510 784 2585 per
794 2494 953 2606 utrumque
964 2504 1098 2565 foramen

103 2601 158 2652 180
173 2587 327 2672 Emicuit,
349 2592 459 2652 mixtus
481 2590 607 2653 Lernaei
629 2591 697 2652 tabe
719 2594 843 2652 veneni

173 2676 294 2757 Excipit
316 2679 396 2740 hunc
419 2678 549 2742 Nessus.
573 2675 683 2759 neque
707 2682 787 2741 enim
813 2681 976 2742 mmiemur
998 2679 1105 2743 inulti

174 2766 285 2828 Secum
308 2769 370 2850 ait,
393 2776 424 2849 et
446 2767 540 2829 calido
562 2766 706 2829 velamina
728 2769 821 2829 tincta
844 2786 952 2830 cruore

172 2854 230 2916 liat
251 2871 361 2917 munus
384 2840 485 2938 raptae
508 2855 589 2918 velut
611 2844 778 2917 ιιιιιιιιιιιι1
789 2859 915 2919 amoris

218 2940 320 3022 Longa
343 2946 399 3006 fnit
422 2944 512 3006 medii
534 2963 617 3006 mora
641 2946 806 3025 temporis.
834 2952 957 3024 actaque
981 2948 1078 3026 magni

48 3078 51 3085 .
103 3044 158 3095 tao
172 3031 312 3093 Herculis
335 3033 494 3113 implerant
516 3041 612 3095 terras
636 3033 795 3112 odiumque
819 3052 981 3096 novercae.

47 3156 53 3167 ·
171 3120 275 3182 Victor
297 3119 334 3182 ab
358 3119 496 3183 Oechalia
518 3121 634 3184 Cenaeo
658 3140 741 3183 sacra
763 3123 886 3203 parabat

172 3207 247 3272 Vota
269 3207 331 3271 lori
343 3257 353 3292 ,
377 3229 445 3271 cum
468 3212 544 3271 lama
567 3211 675 3290 loquax
698 3212 862 3291 praecessit
885 3213 920 3272 ad
944 3228 1048 3291 aures,

171 3297 333 3381 Deianira,
355 3307 444 3381 tuas,
468 3318 543 3378 qnae
565 3302 645 3361 veris
668 3298 776 3361 addere
800 3300 872 3361 laisa

172 3385 311 3470 Gaudet,
334 3396 366 3448 et
388 3405 404 3447 e
427 3390 549 3449 minimo
573 3406 705 3469 suaper
727 3388 881 3450 mendacia
904 3391 1030 3470 crescit,

104 3488 158 3538 140
171 3474 455 3556 Amphitryoniaden
478 3476 554 3538 loles
578 3475 684 3539 ardore
708 3480 822 3540 teneri.

172 3563 276 3628 Credit
298 3582 399 3627 amans
411 3614 421 3648 ,
443 3568 620 3646 venerisque
644 3583 736 3629 novae
758 3570 920 3648 perterrita
942 3568 1018 3628 sama
1082 3635 1084 3641 7

135 3673 226 3719 Ovm.
239 3675 280 3718 11.
851 3674 883 3727 12
