2467 4042
463 238 486 289 1.
504 248 563 290 vm
578 239 692 290 1-70..-
1012 233 1076 299 139

106 412 141 464 to
154 400 240 465 Nunc
259 398 340 480 iora,
358 417 438 462 nunc
457 399 562 482 aedes,
581 417 662 461 nunc
681 415 828 461 marmore
847 406 926 460 tecta
944 396 1076 482 theatra,

197 488 285 551 Nunc
308 486 390 550 subit
411 495 535 567 aequata
557 489 692 567 porticus
715 487 942 550 omnishomo.
997 512 1000 516 ’

155 576 294 641 Gramina
317 594 397 639 nuno
421 575 523 655 Campi
546 575 690 656 pulchros
716 577 878 656 spectantis
900 577 932 637 in
954 573 1076 658 hortos,

201 666 369 745 stagnaque
393 672 424 726 et
446 665 565 746 euripi,
588 662 805 744 Virgineusque
828 664 944 743 liquor.

155 755 215 835 ln,
237 761 334 835 puto,
357 753 400 815 sic
422 751 512 814 Urbis
534 755 645 813 misero
668 760 715 814 est
736 760 839 831 erepta
862 752 1015 835 voluptas,

106 854 142 906 40
200 832 340 913 Quolibet
362 850 396 905 ut
418 841 524 903 saltem
546 857 618 902 rure
641 841 701 902 frui
723 837 837 903 liceat?

154 929 221 993 Non
244 948 329 992 meus
351 933 477 992 amissos
499 932 615 991 animus
639 927 788 991 desiderat
810 946 919 1012 agros,

198 1018 340 1099 Ruraque
362 1017 501 1098 Paeligno
524 1016 735 1098 conspicienda
757 1017 839 1099 solo,

154 1106 217 1170 Nec
240 1125 317 1187 quos
339 1107 477 1187 piniferis
499 1108 613 1186 positos
635 1107 667 1167 iu
690 1104 816 1168 collibus
840 1105 945 1168 lrortos
1035 1118 1078 1172 (⁹⁹)

201 1193 323 1276 Spectat
344 1194 505 1256 Flaminiae
528 1194 629 1256 Clodia
651 1196 753 1256 iuncta
775 1196 856 1276 viae,

107 1295 141 1346 to
157 1284 239 1355 Quos
262 1302 317 1363 ego
341 1285 443 1345 nescio
466 1285 516 1345 cui
538 1282 640 1364 colui,
663 1281 772 1363 quibus
794 1285 859 1362 lpse
882 1279 1013 1344 solebam

201 1371 244 1432 Ad
268 1379 332 1434 sata
353 1372 489 1433 fontanas
501 1417 511 1454 ,
534 1389 590 1433 nec
612 1371 706 1451 pudet
718 1418 727 1452 ,
750 1371 859 1433 addere
882 1389 990 1450 aquas:

158 1457 235 1521 Sunt
257 1457 327 1540 ubi,
345 1461 509 1541 sitirent,
527 1467 629 1522 nostra
648 1478 767 1539 quoque
786 1462 900 1521 consita
919 1459 1079 1541 quaedam,

202 1547 262 1608 Sed
283 1566 345 1609 nou
367 1556 398 1609 et
420 1555 523 1610 nostra
544 1565 632 1627 poma
654 1547 777 1628 legenda
801 1565 907 1611 manu.

156 1635 216 1717 Pro
238 1634 348 1716 quibus
371 1637 488 1698 amissis
509 1638 625 1699 utinam
647 1638 820 1715 contingere
843 1638 938 1715 possit

108 1735 144 1787 to
200 1723 256 1786 llic
279 1724 384 1786 saltem
405 1725 532 1804 profugo
554 1723 659 1804 glaeba
681 1724 802 1786 colenda
826 1722 915 1786 mihil

157 1811 224 1891 lpse
248 1830 303 1892 ego
326 1813 485 1892 pendentis
497 1860 506 1894 ,
530 1813 618 1875 liceat
639 1813 751 1895 modo,
773 1830 849 1893 rupe
872 1812 1017 1896 capellas,

201 1899 268 1981 lpse
291 1901 379 1963 velim
402 1899 509 1963 baculo
531 1919 655 1981 pascere
677 1904 765 1964 uirus
788 1919 875 1963 oves.

156 1988 223 2069 lpse
247 2007 325 2071 ego,
347 2008 385 2050 ne
408 1989 504 2052 solitis
527 1992 668 2052 insistant
688 1998 811 2070 pectora
835 1992 933 2072 curis,

201 2077 313 2140 Ducam
335 2078 481 2141 ruricolas
504 2076 560 2140 sub
582 2081 652 2158 iuga
675 2096 766 2140 curra
788 2077 898 2160 bores,

108 2178 142 2229 oo
157 2165 196 2229 Et
218 2166 329 2228 discam
353 2166 449 2229 Getici
473 2184 548 2247 quae
572 2176 685 2228 norunt
706 2164 797 2228 verba
819 2168 955 2247 iuvenci,

201 2254 347 2317 Adsuetas
369 2253 428 2318 illis
452 2255 636 2335 adiciamque
660 2256 773 2317 minas.

156 2341 224 2422 Ipse
247 2360 337 2404 manu
360 2343 499 2425 capulum
521 2346 619 2423 pressi
641 2343 812 2405 moderatus
835 2344 927 2405 aratri

200 2429 346 2510 Experiar
368 2439 448 2493 mota
471 2449 611 2511 spargere
635 2449 738 2493 semen
761 2432 869 2494 humo.

156 2516 219 2580 Nec
242 2518 377 2582 dubitem
398 2519 495 2600 longis
517 2537 647 2602 purgare
669 2519 820 2599 ligonibus
842 2519 969 2602 herbas,

109 2620 144 2671 co
202 2606 241 2668 Et
258 2606 330 2669 dare
347 2610 405 2670 mm
424 2610 529 2670 sitiens
548 2627 623 2689 quas
640 2607 723 2671 bibat
740 2608 864 2691 hortus,
882 2627 991 2688 aquas.
1037 2642 1079 2653 —

157 2694 241 2758 Unde
266 2695 318 2758 sed
341 2696 398 2759 hoo
421 2696 526 2778 nobm,
549 2700 705 2760 minimum
723 2715 799 2777 quos
817 2700 897 2759 iuter
916 2707 946 2760 et
963 2697 1080 2759 hostem

199 2784 365 2848 Discrimen
389 2803 494 2849 murus
516 2785 676 2868 clausaque
698 2793 785 2866 porta
807 2782 904 2848 lacit?

156 2872 194 2935 dt
216 2872 272 2936 tibi
294 2876 451 2957 nascenti,
474 2875 553 2954 quod
577 2884 640 2937 toto
662 2883 786 2955 pectore
808 2874 921 2955 laetor,

199 2960 318 3023 Nerunt
339 2962 442 3023 fatales
465 2962 553 3023 iortia
575 2963 624 3023 fila
647 2963 738 3026 deae.

109 3059 143 3110 ot
157 3047 199 3109 'le
223 3048 310 3110 modo
339 3066 461 3130 campus
488 3046 600 3131 habet,
627 3049 720 3113 densa
747 3049 835 3112 modo
858 3049 992 3129 porticus

707 3136 832 3200 umbra:
1037 3151 1081 3201 (³⁰)

200 3223 310 3308 Nunc,
333 3226 365 3285 in
388 3241 447 3305 quo
471 3226 559 3303 ponis
581 3233 717 3305 tempora
740 3242 826 3307 rara,
848 3225 965 3288 iorum.
1080 3305 1082 3309 ,

156 3311 278 3375 Umbria
301 3330 382 3376 nunc
405 3320 546 3393 revocat,
570 3331 627 3375 nec
650 3331 709 3375 non
732 3312 846 3375 Albana
865 3320 1019 3394 potentem

201 3400 295 3481 Appia
318 3402 446 3463 ferventi
468 3400 553 3463 ducit
574 3404 606 3463 in
630 3420 699 3464 arva
721 3409 804 3464 rota.

155 3489 294 3553 Forsitan
316 3489 366 3552 hio
389 3497 497 3570 optes,
521 3499 555 3553 ut
576 3493 686 3553 iustam
710 3492 876 3571 supprimat
897 3493 974 3552 uam

108 3593 142 3643 to
201 3578 310 3643 Caesar
322 3624 332 3661 ,
355 3587 387 3642 et
409 3579 571 3659 hospitium
594 3582 635 3644 sit
657 3588 708 3643 tua
731 3579 799 3641 villa
821 3598 938 3642 meum.
