2467 4042
178 226 245 291 354
582 228 776 280 rhenonum

267 392 403 452 Gramina
426 393 567 452 continue
589 389 694 450 loculis
717 390 865 469 depromit
887 391 1039 456 eburnis:

200 492 251 541 755
309 478 485 540 Profuerant
508 478 610 538 Glauci
634 477 770 539 manibus
791 479 840 539 illa
862 483 969 558 prius.

266 567 386 647 [Tunc‚
409 585 476 628 cum
499 564 669 626 observatas
687 569 791 645 anguis
810 567 968 629 descendit
992 570 1031 630 ad
1047 572 1177 653 umbras,

309 655 386 714 Usus
410 662 439 715 et
462 653 569 715 auxilio
592 661 639 714 est
660 656 765 732 anguis
787 653 824 715 ab
846 673 941 734 angue
969 658 1079 737 dato.]

263 742 388 804 Pectora
411 749 457 803 ter
479 744 576 821 tetigit
587 788 598 823 ‚
621 749 668 802 ter
689 740 779 803 verba
802 742 930 804 salubria
954 744 1054 807 dixit:

308 829 480 909 Depositum
503 838 583 891 terra
606 829 727 891 sustulit
748 830 801 891 ille
821 839 925 910 caput.

199 931 249 979 755
264 917 363 979 Lucus
387 935 455 978 eum
477 917 673 997 Nemorisque
695 919 740 978 tui
752 964 762 998 ,
786 917 951 1001 Dictynna,
976 939 1121 985 recessus
1199 946 1200 993 y

310 1005 412 1066 Celat:
444 1005 563 1066 Aricino
587 1004 705 1066 Virbius
727 1006 777 1066 ille
799 1007 882 1067 lacu.

262 1094 299 1154 ht
322 1093 479 1171 Clymenus
503 1092 666 1172 Clothoque
689 1093 806 1156 dolent:
838 1094 931 1175 haec,
956 1096 1008 1157 fila
1033 1102 1152 1180 reneri,

306 1180 383 1259 Hic,
405 1182 472 1240 lieri
494 1183 578 1259 regni
600 1183 666 1241 iura
688 1184 803 1242 minora
826 1185 888 1243 sui.
1199 1184 1200 1267 l

261 1269 394 1348 luppiter
405 1315 416 1350 ‚
439 1269 606 1347 exemplum
628 1271 763 1350 veritus,
786 1269 893 1330 direxit
915 1272 947 1331 in
971 1274 1077 1351 ipsum
1199 1272 1200 1279 ’

199 1369 250 1419 755
308 1356 465 1437 Fulmina,
488 1359 539 1435 qui
561 1358 670 1417 nimiae
693 1365 825 1418 moverat
847 1359 918 1419 artis
941 1377 1053 1438 opem.

261 1444 401 1524 Phoebe,
424 1443 619 1524 querebaris:
652 1444 726 1505 deus
750 1453 818 1527 est,
838 1446 957 1524 placare
980 1452 1121 1529 parenti3

304 1532 431 1612 Propter
454 1541 506 1612 te,
528 1533 593 1592 lieri
616 1532 695 1611 quod
718 1540 798 1593 75151
810 1580 819 1613 ,
841 1535 905 1613 1555
928 1535 1021 1595 15511.

428 1643 480 1707 21.
502 1639 566 1706 Dc
610 1643 663 1708 22.
685 1640 745 1708 EO
791 1645 843 1709 23.
865 1643 924 1709 Fe

261 1752 326 1812 Non
349 1770 404 1831 ege
427 1759 479 1832 te,
502 1753 636 1831 quamvis
657 1751 831 1831 properabis
854 1754 994 1833 vincere,
1019 1753 1148 1835 Caesar,

306 1839 337 1900 Si
359 1848 439 1901 75151
461 1841 627 1918 auspicium
639 1886 649 1919 ‚
671 1841 754 1918 signa
776 1856 895 1900 movere
919 1840 1027 1902 velim.

196 1941 247 1990 765
263 1927 329 1988 Sint
350 1926 406 1988 tibi
428 1926 589 1987 Flaminius
611 1926 843 2006 Trasimenaque
865 1927 950 1987 litera
973 1936 1076 1991 testes

307 2015 365 2076 Per
386 2015 522 2099 volucres
546 2030 655 2092 aeques
678 2015 769 2075 multa
792 2030 913 2076 monere
936 2015 1029 2078 deos.

260 2102 405 2182 Tempora
429 2105 455 2164 si
477 2105 585 2163 veteris
609 2104 728 2180 qtraeris
751 2105 906 2163 temeraria
929 2103 1053 2186 damni,

304 2190 434 2261 Quartus
457 2188 493 2251 ab
517 2195 649 2251 extremo
672 2208 774 2250 mense
797 2184 843 2249 his
865 2188 914 2250 ille
937 2190 1021 2252 dies.

259 2279 382 2339 Postera
399 2277 450 2339 lux
469 2278 591 2338 melior.
624 2285 745 2356 superat
758 2272 911 2338 Masinissa
925 2274 1114 2363 Syphacem,
1129 2295 1179 2345 551
1199 2320 1200 2323 =

195 2380 245 2428 775
303 2366 341 2427 Ε1
365 2367 471 2427 cecidit
493 2365 560 2427 telis
582 2360 749 2430 ilasdrubal
770 2367 835 2444 ipse
857 2368 936 2426 suis.

603 2477 655 2542 24.
679 2473 739 2540 GC

259 2585 405 2664 Tempora
426 2585 590 2665 labuntur,
612 2586 770 2663 tacitisque
793 2586 976 2645 senescimus
999 2591 1109 2668 annis,
1199 2644 1200 2647 ,

305 2673 343 2734 Ε1
366 2673 484 2751 lugiunt
506 2674 591 2734 irene
614 2688 674 2733 nen
696 2681 864 2733 remorante
887 2672 968 2734 dies.

230 2776 234 2783 ’
260 2761 355 2832 Quam
377 2764 436 2822 5115
460 2768 606 2822 venerunt
628 2760 777 2822 Fortunae
799 2759 899 2821 Fertis
921 2760 1073 2824 honores!

303 2849 374 2910 Post
397 2857 511 2928 septem
533 2850 615 2910 luces
639 2848 741 2909 lunius
765 2855 849 2909 aetus
872 2849 945 2909 erit.

195 2936 325 3017 775115,
349 2938 433 2998 deum
456 2937 524 2998 15511
546 2937 667 2998 Fortem
689 2936 858 3016 celebrate,
881 2933 1031 3006 Quirites!

303 3026 338 3087 ln
361 3024 477 3087 Tiberis
499 3027 563 3105 ripa
586 3042 710 3086 munera
732 3027 811 3104 regis
834 3022 940 3085 habet.
1199 3094 1200 3099 η

260 3113 332 3174 Pars
355 3113 452 3193 pede,
474 3130 544 3192 pars
566 3116 654 3174 etiam
678 3113 769 3173 celeri
791 3111 941 3173 decurrite
961 3111 1091 3192 cumba,
1199 3108 1200 3159 l

305 3201 366 3262 Nec
389 3200 499 3280 pudeat
521 3209 607 3281 55155
629 3201 698 3261 inde
721 3200 818 3261 redire
842 3199 980 3261 demum.

259 3289 347 3351 Ferte
371 3296 528 3350 coronatae
550 3292 690 3351 iuvenum
713 3289 844 3349 55571715
866 3288 989 3367 lintres,

195 3389 245 3438 755
304 3377 454 3455 Μιι115555
476 3395 531 3455 per
553 3378 664 3437 medias
686 3378 752 3437 vina
775 3375 915 3437 bibantur
938 3390 1046 3454 aquas.

259 3463 347 3525 Plebs
370 3464 560 3545 5511117555,
583 3467 652 3542 quia
673 3467 727 3543 qui
749 3466 870 3543 posuit,
893 3464 930 3524 de
952 3461 1040 3542 plebe
1063 3462 1166 3523 luisse

1084 1980 1094 2012 r
1199 1956 1200 2025 l

304 3549 435 3628 Fertur,
458 3558 546 3611 etex
569 3551 673 3612 humili
696 3562 811 3630 sceptra
835 3551 940 3612 tulisse
961 3549 1045 3610 loco.
