2467 4042
949 205 1209 314 *nir¹

80 420 183 462 versus
198 404 239 462 31
263 402 302 463 aa
326 404 368 462 20
391 401 574 463 ammonius
596 402 732 479 emptu:
755 420 844 478 quam
866 403 906 464 eu
928 405 979 464 ao.
1033 405 1093 485 qur
1133 383 1140 399 '

79 489 276 565 intercedunt,
294 492 469 566 comparant
486 490 584 554 Ulixis
605 494 638 550 et
654 492 760 565 poetae
778 509 828 551 res
846 490 996 567 adversas,
1018 510 1086 552 cum

80 579 153 639 sctis
189 578 281 638 fuerit
317 578 407 639 alteri
440 596 492 638 sex
533 595 627 640 annos
662 578 885 643 insuavissima
921 580 1085 656 continuos,

80 667 168 726 elteri
198 669 341 742 quattuor
371 666 528 728 intercisas
560 667 713 744 obtigisse.
766 667 908 744 Pbyacen
938 687 1085 729 commen·

80 754 182 816 licium
209 754 391 830 namnetim,
419 753 586 814 Henioches
614 758 647 813 et
669 754 804 819 numos
831 775 850 816 e
877 755 975 819 Plinio
997 755 1034 816 H.
1057 776 1085 818 n

81 844 124 903 VI
147 844 188 903 16
212 845 244 903 et
266 845 309 904 30
337 845 484 918 sumptos,
511 843 543 901 in
570 860 644 919 quos
666 843 748 905 loces
769 842 874 905 incidit
896 844 947 921 qui
969 843 1006 904 de
1032 845 1087 903 iln-

79 931 136 991 riis
164 930 257 992 Penio
285 933 317 990 et
338 930 501 993 Parthenio
527 930 688 1006 quaesivit:
715 931 753 991 de
779 932 934 1008 regionum
963 933 1086 993 immani

80 1019 248 1081 discrimine
271 1019 461 1083 excusatione
485 1037 533 1080 rv.
552 1022 593 1079 29
619 1021 663 1079 30
688 1019 833 1083 utendum
859 1020 947 1083 vidit.
997 1038 1086 1097 agno-

80 1125 144 1168 scas
166 1111 269 1168 tamen
295 1107 536 1183 interpolationis
562 1125 624 1168 nou
644 1107 779 1169 11111111
802 1108 1010 1184 molestae,
1034 1109 1088 1168 sed

80 1199 218 1272 argutae,
247 1195 414 1260 rhetoricae
439 1194 613 1258 vetustioris
643 1195 785 1271 celciam,
816 1199 913 1272 qualis
944 1197 1009 1257 fere
1040 1201 1087 1259 est

79 1284 112 1344 in
129 1283 318 1344 Heroidibua
372 1282 487 1344 accedit
504 1283 583 1360 qnod
602 1286 633 1343 et
650 1284 682 1343 hi
700 1297 751 1344 x11
768 1303 873 1347 versus
892 1288 923 1345 et
940 1284 1088 1345 disbohon

81 1372 225 1447 epistolae
239 1374 393 1431 v1111131
412 1374 484 1446 132,
502 1370 581 1447 quod
598 1371 735 1431 mirabile
749 1372 855 1448 nsum,
873 1373 905 1432 in
917 1373 1087 1450 fragmento

82 1457 318 1534 Guelferbytano
341 1462 457 1535 extent,
479 1463 535 1519 cut
555 1459 687 1520 adfuisse
710 1459 861 1537 videntur,
884 1461 966 1536 quod
986 1462 1087 1522 arohe-

80 1551 155 1623 typo
183 1551 286 1607 nostro
314 1547 399 1607 annis
428 1558 470 1608 cc
498 1548 626 1607 inferius
650 1566 715 1607 csse
741 1567 834 1623 prope
864 1549 966 1626 liquet.
1019 1568 1087 1625 pos·

81 1638 151 1695 eunt
173 1636 247 1696 haec
270 1635 479 1711 eimnmscribi,
503 1654 683 1712 quamquam
705 1635 919 1711 propemodum
941 1638 1087 1711 paenitet:

81 1724 261 1800 paginarum
282 1724 404 1784 modum
426 1728 458 1783 et
479 1724 614 1787 ordinem
637 1724 835 1799 praestituere
853 1743 914 1786 non
931 1725 1088 1799 debebant,

82 1813 223 1889 quoniam
243 1830 299 1872 nec
317 1812 463 1888 epistolae
481 1825 528 1871 xv
548 1812 696 1873 distichon
714 1814 755 1873 33
776 1814 817 1872 34
837 1831 855 1872 1
873 1813 986 1875 recenti
997 1813 1089 1872 inter·

11 1928 16 1937 ·
81 1900 217 1975 polatore
243 1900 276 1959 in
301 1901 400 1960 medie
426 1900 549 1977 pagina,
577 1920 615 1961 an
642 1900 806 1963 versiculus
834 1901 872 1963 ed
895 1902 1089 1977 supplendam

81 1988 217 2048 lacunam
240 1987 360 2049 additus
383 1989 435 2064 sit,
462 1989 635 2049 ullomodo
659 1989 845 2064 exploratum
867 1992 914 2049 eet
935 1993 988 2050 aut
1011 1990 1109 2066 quic·

81 2096 171 2153 qnam
192 2078 293 2138 refert.

173 2164 338 2226 Emendavi
366 2165 398 2224 in
425 2164 570 2225 Ponticis:
593 2158 610 2222 I
634 2178 660 2224 11
682 2160 726 2224 20
753 2165 832 2240 quod
863 2166 895 2225 in
925 2166 1010 2251 libris
1043 2169 1090 2226 est

80 2251 124 2312 At
149 2255 234 2312 sanct
260 2256 386 2313 intentur
410 2282 449 2299 -
473 2254 632 2313 macula
658 2258 762 2313 manet.
819 2254 905 2314 Tecto
931 2256 1024 2327 ripert
1049 2286 1086 2295 —

47 2332 169 2399 'edati
194 2342 289 2400 celate
317 2343 437 2414 11911111.
490 2339 739 2400 constructionem
767 2341 902 2400 illicitam
929 2360 988 2402 non
1015 2345 1089 2418 puto

82 2446 138 2504 pro
162 2445 206 2505 eo,
230 2428 309 2506 quod
326 2446 393 2487 csse
411 2428 547 2504 debebat,
571 2421 672 2488 ‘simul
690 2431 780 2505 atque
797 2429 965 2491 insonuerit
982 2425 1089 2490 arcus'.

81 2517 193 2576 1111111
218 2516 279 2574 iam
307 2516 377 2574 clim
406 2515 569 2594 edideram,
597 2520 703 2593 estque
729 2517 847 2577 abunde
872 2519 1021 2577 munitum
1045 2519 1089 2578 lo

81 2604 263 2680 cutionibuc,
292 2622 367 2681 quas
389 2605 484 2664 lexioa
505 2605 627 2678 habent,
653 2605 703 2665 Sci
728 2608 823 2673 radiis
844 2607 971 2667 11111111
997 2611 1090 2667 ccctis

81 2693 152 2754 Her.
170 2706 224 2753 1111
242 2696 314 2769 159,
331 2695 444 2755 cadunt
460 2698 588 2769 terpora
606 2696 702 2754 dentes
721 2694 788 2757 Seu.
807 2693 894 2755 Herc.
914 2693 1089 2756 0111935.

169 2778 276 2843 11186
298 2783 382 2845 nolui
403 2785 521 2845 mutare
544 2801 593 2857 ea,
620 2800 697 2858 quae
719 2784 928 2860 neglegentius
954 2801 973 2842 a
999 2785 1089 2859 poeta

80 2871 209 2930 fortasse
233 2871 323 2931 scribi
345 2874 516 2947 potuerunt.
570 2870 726 2930 Bentleius
749 2870 898 2933 distichon
918 2871 1088 2932 damnabat.

80 2959 267 3032 temptabam
294 2958 351 3033 Qui
377 2960 449 3031 fucit
473 2975 509 3020 cc
526 2959 610 3018 dictis
630 2961 751 3018 nominc
771 2977 892 3034 mem
918 2958 992 3017 facit
1014 2961 1089 3017 tam-

82 3063 172 3121 quam
195 3064 246 3105 aee
268 3046 407 3119 alienum,
430 3047 481 3121 qui
503 3044 748 3121 philosophorum
770 3047 935 3110 sententies
958 3046 1089 3120 suscipit,

82 3132 120 3192 ad
153 3133 292 3194 effectam
323 3133 468 3195 adducere
497 3132 610 3209 nequit.
721 3128 788 3192 vc
821 3150 928 3208 sequor
959 3133 1087 3192 codicem

82 3220 204 3298 Hamb.,
241 3223 281 3282 Ut
306 3226 429 3295 caecant
453 3223 522 3281 citio
549 3223 581 3279 ni
607 3225 789 3280 movenatur:
823 3220 875 3278 clii
903 3222 1021 3293 capiam
1046 3224 1088 3280 ci-

83 3314 156 3370 tium
186 3313 226 3372 cci.
279 3309 431 3370 conversio
469 3312 516 3371 est
551 3307 707 3384 orationis,
744 3307 854 3367 omisso
885 3310 1088 3377 dnmmodo,

81 3399 145 3459 iere
168 3402 203 3459 ut
225 3398 289 3458 1111
312 3412 334 3458 x
361 3399 402 3457 74
428 3401 504 3457 11111
531 3398 696 3469 Tranquilli
723 3398 852 3456 amnon
873 3399 1008 3470 temporis
1030 3412 1090 3458 csse

81 3488 176 3560 fidem·
288 3500 312 3546 v
336 3481 394 3565 21,
417 3481 461 3545 22
490 3487 611 3547 Lissum
641 3503 677 3545 en
709 3484 861 3545 Herodoto
889 3487 924 3545 Η
946 3487 1007 3545 108
1038 3486 1088 3544 de·

82 3594 273 3652 sumpseram.
326 3576 443 3650 frondes
468 3573 595 3649 Abpe'bcs
622 3575 724 3641 addat,
756 3571 835 3650 qued
862 3573 973 3648 editur,
1003 3574 1090 3632 nihili
