2467 4042
158 318 187 358 Vl

158 454 235 526 quod
254 454 344 509 editur
365 452 503 508 distichon
521 453 574 525 Ep.
586 452 613 508 X
633 454 724 525 (quod
742 472 759 510 a
775 471 819 526 pr.
830 471 886 511 ma.
903 463 968 526 post
980 461 1037 516 v.6
1054 459 1200 531 scriptum

158 541 246 607 extat)
263 539 292 592 in
309 538 430 609 spatium
445 537 524 593 titulo
542 538 668 593 relictum
685 539 789 609 intulit,
807 544 834 594 et
852 540 978 595 fortassis
989 546 1077 596 totum
1089 543 1201 599 librum

157 622 336 696 glossematis
354 621 441 678 variis
463 620 609 693 scripturis
629 629 656 677 et
675 622 814 678 adnotatis
838 618 1030 695 omne‘genus
1052 627 1199 698 opplevit.

157 713 222 780 post
238 706 326 774 haec,
342 705 419 777 quod
436 711 512 761 certo
531 705 725 778 cognoscitur,
742 712 923 762 accesserunt
937 708 1006 762 tituli
1024 709 1111 766 minio
1135 713 1199 783 epi-

157 792 236 847 stolis
248 791 445 862 superscripti,
458 790 505 862 qui
516 791 554 846 ita
567 797 758 863 evanuerunt,
770 798 800 845 ut
811 808 875 847 raro
887 791 1009 863 vestigia
1022 801 1201 867 appareant,

157 878 234 931 velut
251 873 357 930 canace
368 875 428 946 filia
443 876 497 931 coli
508 889 640 930 mocorco
652 873 698 944 fri
715 890 774 930 suo.
799 875 907 930 numeri
923 876 1105 947 epistolarum
1122 880 1199 935 nulli

157 960 315 1016 adfuerunt.
336 959 419 1015 Liber
431 960 514 1014 certis
526 959 595 1014 locis
611 958 677 1013 inde
693 974 748 1030 ap.
761 963 803 1029 21,
816 960 937 1014 maxilua
949 976 966 1015 a
976 978 1005 1031 p.
1018 964 1051 1018 31
1068 963 1199 1019 madore

157 1050 320 1115 corruptus;
334 1043 401 1099 inde
414 1058 431 1098 a
442 1060 471 1113 p.
484 1047 519 1102 33
530 1059 577 1100 av.
593 1042 631 1097 ad
641 1045 675 1100 37
687 1043 754 1099 adv.
767 1048 795 1098 et
804 1059 832 1114 p.
843 1047 878 1100 40
888 1043 965 1113 adv,
977 1060 1035 1112 av.,
1048 1047 1199 1118 pleraque

157 1128 426 1184 omniaoblitterata.

241 1219 268 1270 5.
284 1212 327 1280 (M
338 1228 411 1281 e,-r,
430 1213 460 1287 ρ)
481 1211 669 1267 Monacenses
686 1216 742 1265 tres
758 1209 957 1266 Remediorum
976 1228 1046 1282 am,
1067 1228 1198 1282 quorum

156 1296 264 1353 indices
284 1296 381 1367 accepi
394 1284 439 1363 ἐ,
458 1295 522 1350 cod.
534 1294 640 1350 Ratisb.
656 1293 697 1350 Sl.
708 1294 875 1350 Emmerami
893 1312 954 1350 nro.
973 1313 1000 1368 g.
1018 1301 1052 1353 10
1070 1300 1199 1363 membr.

157 1397 235 1436 saec.
246 1379 317 1437 XII)
334 1366 377 1448 ‘r,
393 1379 457 1435 cod.
475 1378 581 1434 Ratlsb.
594 1378 633 1436 St.
645 1379 766 1434 Emmer.
779 1395 839 1438 nro.
855 1379 887 1433 Β.
898 1380 960 1434 VIII
977 1382 1092 1435 membr.
1111 1398 1198 1437 saec.

155 1464 229 1521 Xl'l.’
246 1451 293 1540 ‘p,
309 1463 373 1520 cod.
385 1462 490 1519 Ratisb.
506 1461 546 1520 St.
559 1463 681 1519 Emmer.
693 1479 754 1520 nro.
767 1462 798 1518 E.
815 1462 862 1520 CV
874 1466 988 1519 membr.
1002 1480 1078 1523 saec.
1090 1463 1171 1520 xil:

241 1552 267 1607 6.
283 1548 330 1619 (h)
343 1546 576 1620 Guelferbytanus
589 1548 654 1602 olim
668 1547 919 1603 HelmestadIensis
929 1551 981 1606 336
994 1546 1120 1604 chartac.
1136 1552 1196 1605 for-

158 1649 220 1688 mae
236 1649 325 1703 max„
342 1648 426 1703 equo
445 1633 631 1704 fragmentum
645 1631 685 1686 Dc
702 1631 804 1687 medic.
822 1634 876 1687 fac.
891 1632 1044 1704 desumpsi.
1063 1634 1200 1692 continet

157 1716 240 1773 etiam
257 1717 370 1787 Artem,
389 1715 524 1787 Remed,
547 1703 716 1771 ‘Heroidum
736 1716 862 1785 librum',
883 1715 924 1771 De
944 1732 1030 1785 nuce,
1053 1716 1197 1789 Priapea.

106 1819 110 1824 ·
157 1802 277 1872 scrtptus
293 1817 366 1856 anno
380 1804 450 1860 1440
461 1806 507 1856 aut
520 1803 598 1857 1470.

240 1885 345 1940 Horum
361 1874 495 1941 librorum
508 1883 575 1941 PRS
593 1885 685 1940 collati
696 1889 760 1939 sunt
778 1883 895 1956 egregie
911 1885 946 1939 ab
961 1885 1081 1940 Henrico
1094 1885 1195 1944 Keilio

155 1970 245 2025 amico
262 1970 442 2026 dilectissimo
466 1971 494 2024 in
511 1970 611 2025 itinere
629 1985 704 2024 anuo
722 1968 861 2040 superiori
877 1984 929 2040 per
947 1968 1062 2024 Galliam
1076 1976 1105 2026 ct
1123 1970 1198 2027 Hel-

154 2054 259 2110 vetiam
275 2061 419 2126 suscepto.
441 2053 484 2109 Gh
500 2071 562 2109 cum
578 2053 641 2109 aliis
653 2053 820 2124 quibusdam
835 2053 990 2108 transmissi
1002 2054 1114 2107 fuerunt
1128 2055 1198 2110 edi—

155 2139 208 2192 tori
226 2155 244 2194 a
263 2139 409 2194 benevolis
423 2138 489 2193 bibl.
509 2137 598 2194 Guelf.
613 2138 797 2193 curatoribus.
827 2136 1013 2193 Monacenses
1032 2139 1201 2195 contulerat

154 2220 229 2280 Xav.
249 2222 395 2277 Werfcrus
414 2224 442 2277 in
464 2222 619 2292 exemplari
642 2221 686 2277 ed.
706 2222 783 2293 Bip.,
799 2221 875 2293 quod
893 2222 958 2277 olim
975 2220 1201 2293 perhumaniter

155 2306 345 2363 commodavit
359 2306 434 2362 Frid.
445 2305 627 2361 Thierschius
641 2306 685 2362 vir
698 2306 822 2361 illustris.

240 2391 260 2445 P
276 2389 341 2446 etR
361 2397 426 2446 sunt
442 2391 513 2447 inter
528 2391 801 2464 praestantissimos,
818 2391 864 2462 qui
876 2405 995 2460 usquam
1010 2394 1091 2460 sunt,
1106 2397 1200 2449 vete-

155 2490 219 2530 rum
235 2475 403 2547 scriptorum
418 2476 514 2531 libros.
544 2475 586 2530 De
598 2480 689 2531 aetate
706 2490 804 2529 eorum
824 2474 900 2545 quod
911 2472 1134 2545 suprapositum
1151 2483 1201 2532 est

48 2615 50 2619 ,
156 2558 290 2614 iudicium
303 2561 414 2614 extabat
426 2560 455 2614 in
466 2559 580 2616 schedis
591 2559 674 2614 amici
690 2558 867 2632 peritissimi,
884 2558 931 2629 qui
941 2564 1034 2613 tamen
1049 2557 1077 2612 in
1089 2558 1200 2616 litteris

155 2645 310 2699 testabatur
326 2644 477 2715 aIIquando
494 2642 547 2699 sibi
564 2643 692 2699 codicem
706 2644 726 2698 P
739 2645 827 2698 altero
844 2644 930 2715 paulo
943 2642 1136 2698 recentiorem
1149 2646 1200 2701 vi-

156 2744 235 2798 sum,
252 2727 328 2798 quod
339 2734 472 2798 quantum
485 2744 520 2782 ex
532 2728 677 2800 scripturis
691 2727 839 2784 diiudicari
852 2733 960 2800 potest,
974 2727 1093 2783 intanta
1107 2728 1201 2784 codi—

154 2828 219 2868 cum
234 2811 382 2883 alfinitate,
401 2812 540 2885 sagaciter
555 2818 598 2868 est
615 2814 809 2870 observatum:
825 2812 997 2887 descriptum
1013 2817 1108 2866 tamen
1122 2830 1201 2869 esse

154 2897 174 2951 P
190 2913 226 2952 ex
238 2895 277 2966 R,
293 2913 357 2952 cum
366 2898 477 2969 integer
489 2903 579 2965 essct,
595 2913 653 2952 non
669 2902 762 2969 potest
777 2896 884 2967 quuido
900 2894 1053 2952 adfirmari.
1075 2894 1122 2950 Ex
1142 2914 1201 2954 eo-

155 2980 221 3035 dem
240 2981 387 3037 vetusbori
407 2983 537 3053 exemplo
556 2987 704 3052 utrumque
722 2979 893 3054 profluxisse
911 2981 1014 3036 docent
1032 2978 1101 3035 vilia
1117 2982 1200 3038 scri-

154 3070 254 3137 pturae
272 3066 339 3121 satIs
356 3066 519 3138 singularia.
549 3065 698 3136 utroquue
716 3072 854 3138 perpetuo
871 3065 984 3138 ponitur
1000 3065 1016 3119 b
1031 3079 1085 3135 pro
1103 3080 1138 3133 v,
1162 3083 1202 3125 aa

154 3165 206 3222 pro
218 3164 248 3217 a,
263 3151 276 3205 i
283 3166 335 3221 pro
350 3165 381 3220 e,
400 3152 552 3221 quodcum
564 3150 794 3208 ammadversum
807 3150 885 3206 haud
896 3166 960 3205 raro
973 3148 1202 3208 emendationes

154 3233 329 3306 suppeditet,
349 3235 489 3291 interdum
506 3235 605 3291 dubias
625 3235 718 3290 reddit
734 3236 902 3306 scripturas,
918 3234 947 3288 in
961 3232 1069 3302 nablia,
1085 3248 1211 3292 occsa--

154 3332 223 3388 nna,
239 3333 342 3388 caera,
360 3320 388 3373 in
399 3322 467 3375 nutas
478 3320 542 3374 Am.
555 3319 567 3373 Ι
579 3326 603 3387 l,
614 3323 647 3387 6,
661 3319 732 3374 cedit
740 3318 801 3374 Art
816 3320 882 3376 tat.

240 3401 339 3458 Codex
355 3403 380 3458 R
397 3420 460 3459 cum
478 3405 513 3459 ab
530 3404 606 3459 omni
622 3420 714 3475 paene
732 3404 898 3459 detrimento
914 3402 1041 3457 sincerus
1052 3401 1104 3469 sit,
1122 3418 1197 3459 cun·

155 3486 248 3543 varias
264 3489 415 3559 scrIpturas
434 3488 462 3542 ln
479 3488 549 3543 locis
567 3485 769 3543 difficilioribus
781 3488 948 3559 plerumque
963 3488 1025 3557 ipsc
1039 3486 1201 3560 praebeat,

155 3586 269 3627 rasuras
289 3572 393 3628 habeat
415 3573 522 3643 nullas,
537 3571 766 3644 iuterpolationes
783 3571 895 3627 nonnisi
915 3572 1051 3626 innocuas
1071 3571 1201 3644 librarii,
