2467 4042
611 232 813 294 Alloltllll

330 389 427 450 Omne
444 386 713 447 lucrum-tenebris
729 387 789 446 ulta
805 386 963 463 premebat
976 387 1101 451 humus:

285 475 430 549 Aeraque
447 477 477 529 et
491 478 664 546 argentum,
689 487 821 547 cumque
836 488 910 533 auro
928 473 1067 548 pondera
1084 475 1148 536 terri

328 555 470 617 Manibus
489 555 643 627 admorat‚
668 556 813 631 nullaque
830 572 934 616 massa
949 557 1013 617 suit.

284 643 325 703 At
340 641 467 701 meliora
482 638 590 714 dabat,
614 655 710 701 curvo
727 641 795 702 sine
811 656 935 702 vomere
950 642 1071 717 lruges,

243 739 277 791 lo
330 727 501 799 Pomaque,
526 732 556 785 ct
569 724 600 783 in
616 739 732 800 quercu
747 725 837 784 mella
852 732 976 800 reperta
991 742 1076 786 cava.

284 811 347 872 Nec
365 808 469 869 valido
485 809 650 883 quisquam
664 815 774 869 terram
792 808 952 871 scindebat
967 817 1084 882 aratro,

326 892 475 969 Signabat
490 893 573 953 nullo
589 893 683 954 limite
698 909 825 954 mensor
839 892 979 954 humum:

283 980 350 1041 Non
367 979 444 1037 freta
459 976 596 1038 demisso
613 976 779 1038 verrebant
795 984 881 1037 eruta
898 993 1001 1039 remo:

325 1063 435 1125 Ultima
453 1060 572 1123 mortali
588 1068 651 1122 tum
667 1060 718 1120 via
735 1062 805 1122 litus
822 1068 896 1122 erat.

241 1149 397 1212 decontra
414 1153 443 1206 te
460 1147 590 1219 sollers,
610 1145 766 1206 hominum
782 1152 903 1221 natura,
927 1146 1024 1222 luisti,

324 1234 361 1292 El
377 1231 500 1291 nimium
518 1229 638 1291 damnis
654 1228 817 1304 ingeniosa
833 1230 903 1290 tuis.

283 1317 348 1392 Quo
365 1315 433 1386 tibi,
458 1314 572 1376 turritis
589 1313 745 1388 incingere
762 1314 923 1375 moenibus
940 1315 1057 1378 urbest

325 1401 391 1475 Quo
406 1399 473 1471 tibi,
498 1399 661 1460 discordes
677 1399 792 1458 addere
807 1397 836 1457 in
851 1415 936 1459 arma
951 1409 1083 1462 inanest

284 1485 362 1560 Quid
377 1483 428 1544 tibi
448 1499 516 1543 cum
536 1485 670 1558 pelago?
690 1482 782 1543 Terra
799 1490 944 1545 contenta
962 1484 1086 1547 luisses.

241 1580 275 1633 5ο
329 1568 389 1629 Cur
403 1584 464 1629 non
482 1577 513 1628 et
529 1569 663 1640 caelum,
690 1567 777 1628 tertia
791 1582 902 1642 regna,
927 1568 1030 1644 petis?

148 1653 153 1660 “
283 1654 347 1729 Qua
362 1654 446 1726 licet,
476 1652 614 1712 adiectas
629 1651 748 1712 caelum
766 1667 900 1727 quoquc.
937 1654 1051 1728 templa
1067 1653 1205 1729 Quirinus,

322 1737 414 1798 Liber
431 1744 461 1797 el
473 1736 600 1796 Alcides
617 1742 649 1795 et
666 1736 758 1796 modo
775 1735 890 1797 Caesar
902 1735 1025 1797 habent.

281 1822 421 1882 Eruimus
439 1829 517 1882 terra
534 1819 669 1882 solidum
689 1835 744 1896 pro
761 1820 899 1895 frugibus
916 1837 1032 1881 aurum.
1124 1866 1128 1875 ,

322 1906 466 1968 Possidet
481 1904 623 1966 inventas
638 1904 788 1980 sanguine
802 1903 890 1965 miles
907 1921 995 1980 opes.

240 2001 272 2054 55
285 1991 373 2052 Curio
389 1989 580 2068 pauperibus
598 1990 705 2050 clausa
721 1995 779 2049 est.
813 1989 864 2057 dat
880 2004 993 2050 census
1010 1988 1160 2051 honores:

323 2075 398 2136 lnde
414 2074 517 2150 gravis
534 2074 644 2147 iudex,
669 2074 741 2134 inde
757 2088 887 2133 severus
903 2089 1011 2149 eques.

282 2159 388 2221 Omnia
404 2159 596 2234 possideant.
628 2158 686 2219 illis
703 2159 899 2232 campusque
914 2157 1076 2235 forumque

323 2242 453 2304 Serviat.
486 2242 517 2302 bi
533 2258 643 2318 pacem
658 2243 817 2317 crudaque
832 2240 914 2302 bella
929 2250 1052 2316 gerant:

280 2330 406 2389 Tantum
424 2343 462 2387 ne
478 2333 603 2389 nostros
621 2326 704 2386 avidi
718 2326 867 2386 liceantur
884 2341 1020 2399 amores,

237 2422 272 2477 60
324 2413 375 2486 Et,
399 2413 473 2473 satis
490 2417 552 2485 est,
576 2411 692 2487 aliquid
706 2409 852 2486 pauperis
869 2426 941 2470 esse
955 2410 1066 2472 sinant.

279 2497 319 2556 nt
335 2512 430 2570 nunc,
453 2502 605 2570 exaequet
621 2495 745 2558 tetricas
761 2492 832 2556 licet
846 2493 898 2554 illa
913 2493 1059 2569 Sabinas,

321 2581 455 2656 lmperat
467 2587 501 2641 ut
517 2588 641 2656 captae,
663 2578 716 2655 qui
733 2579 808 2639 dare
823 2578 917 2639 mulla
934 2584 1048 2655 potest.

279 2666 327 2725 Me
343 2664 485 2740 probibet
502 2670 618 2726 custos.
650 2665 680 2724 in
698 2680 747 2726 me
763 2662 845 2724 timet
862 2662 914 2722 illa
930 2662 1082 2725 maritum.

323 2749 356 2810 Si
372 2748 526 2823 dederim,
550 2755 614 2811 tota
631 2749 721 2809 cedet
733 2754 862 2822 uterque
878 2748 980 2808 domo.
1012 2787 1013 2790 κ

237 2833 306 2897 550
323 2834 350 2894 si
366 2833 496 2894 neclecti
512 2832 678 2908 quisquam
694 2833 772 2893 dcus
790 2834 869 2894 ultor
886 2831 1016 2892 amanlis

321 2918 392 2977 Tam
409 2919 489 2979 male
503 2917 661 2992 quaesitas
677 2918 805 2992 pulvere
819 2922 914 2977 mutet
930 2924 1025 2991 opes!

223 3048 249 3144 9
281 3049 451 3148 Memnona
468 3085 495 3145 si
511 3093 621 3160 mater,
645 3093 741 3147 mater
756 3086 887 3162 ploravit
906 3083 1070 3158 Achillem,

319 3171 358 3230 Et
372 3177 499 3245 tangunt
512 3186 640 3246 magnas
658 3170 754 3230 tristia
771 3171 831 3231 lala
850 3171 942 3243 deas,

278 3254 401 3316 Flebilis
418 3255 578 3330 indignoS,
600 3253 740 3330 Elegeia,
762 3256 851 3316 solve
869 3254 1010 3329 capillos.

320 3341 363 3415 A,
386 3338 477 3399 nimis
492 3355 531 3400 ex
549 3355 624 3400 vero
640 3354 720 3399 nunc
736 3338 790 3399 tibi
803 3355 913 3400 nomen
929 3338 1000 3398 erit!

251 3424 333 3485 ollle
348 3424 391 3485 lui
405 3429 494 3484 vates
512 3423 631 3499 operis,
656 3432 707 3483 tua
725 3423 819 3497 lanta,
842 3422 978 3483 Tibullus

320 3507 417 3568 Ardet
434 3508 464 3567 in
482 3514 637 3580 extructo,
660 3523 775 3583 corpus
788 3506 895 3581 inane,
918 3522 1004 3583 rogo.
