2467 4042
150 222 217 291 555
389 194 392 199 ’
514 222 653 283 aeris
679 221 814 282 anan

280 375 380 452 Saepe
395 383 509 438 tument
524 376 661 452 zephyro
677 374 783 449 lintea,
806 392 901 452 saepe
916 386 1000 441 5515,

234 460 365 536 Aspice,
388 468 419 521 51
435 458 465 520 15
483 474 572 519 curru
587 459 680 519 modo
696 459 747 518 det
761 458 907 521 fluitantia
922 470 1029 525 rector

276 545 371 618 Lora,
391 544 485 604 modo
501 543 655 603 admissos
670 549 735 602 arte
749 550 878 604 retentet
892 561 1001 621 equos.

170 637 220 694 155
232 627 308 689 Sunt
323 627 435 704 quibus
452 627 569 702 ingrate
583 625 686 688 timida
700 626 888 702 indulgentia
902 632 1007 707 servit,

274 711 324 784 Et,
348 712 375 771 si
391 711 472 772 nulla
486 711 593 771 subest
606 711 741 785 aemula,
762 712 886 787 languet
900 729 995 775 antur.

232 795 397 855 Luxuriant
410 794 501 856 animi
519 795 610 856 rebus
629 795 808 870 plerumque
823 796 978 872 secundis,

274 880 335 939 Nec
349 880 437 938 lacile
456 886 502 939 est
521 894 622 955 aequa
637 878 799 941 commoda
812 887 913 941 mente
929 883 1000 956 pati.

230 963 272 1024 Ut
286 963 362 1023 levis
377 962 547 1038 absumptis
562 962 705 1038 paulatim
719 962 835 1024 viribus
850 964 928 1039 ignis

167 1056 217 1111 llo
271 1047 342 1123 lpse
358 1047 445 1119 latet,
468 1062 587 1107 summo
603 1046 735 1107 5555115
753 1046 823 1122 igne
838 1048 923 1122 cinis,

230 1128 292 1191 Sed
308 1138 407 1191 tamen
425 1130 573 1191 extinctas
589 1131 713 1191 admoto
728 1132 854 1205 sulpure
866 1130 1008 1195 llammas

271 1215 403 1288 1555511,
425 1221 456 1275 51
470 1215 570 1274 lumen
586 1215 670 1289 quod
686 1214 742 1274 luit
755 1221 840 1290 ante,
862 1216 955 1276 redit:

229 1297 296 1372 Sic,
316 1298 367 1360 ubi
382 1297 470 1375 pigra
484 1297 545 1359 situ
559 1313 730 1373 securaque
745 1311 870 1374 pectora
884 1306 1015 1377 torpent,

270 1382 400 1443 Acribus
415 1388 463 1442 est
476 1381 605 1443 stimulis
622 1381 789 1442 eliciendus
805 1397 900 1442 amor.

163 1475 215 1529 455
226 1463 286 1525 Fae
302 1464 404 1526 timeat
419 1467 458 1526 de
473 1472 517 1542 te,
539 1467 736 1543 tepidamque
749 1466 899 1526 recalface
917 1476 1073 1531 mentemt

267 1548 381 1610 Palleat
396 1549 509 1610 indicio
525 1549 659 1610 criminis
674 1550 724 1609 illa
742 1550 793 1610 tui.

226 1631 251 1691 0
266 1640 418 1707 quateret
434 1630 575 1710 quotiens
593 1649 719 1694 numero
735 1634 947 1709 conprendere
962 1652 1023 1697 555
1040 1651 1095 1701 551

267 1715 413 1792 Felicem,
436 1718 476 1778 de
492 1733 553 1793 quo
569 1718 654 1777 15555
669 1718 770 1792 puella
784 1718 882 1778 dolet:

224 1798 321 1875 0555,
344 1802 432 1862 simul
447 1800 561 1862 invitas
576 1800 689 1860 crimen
705 1801 844 1876 pervenit
857 1802 896 1861 ad
909 1818 1011 1877 aures,

159 1894 212 1949 155
264 1884 398 1960 Excidit,
420 1893 451 1947 51
464 1885 594 1945 miserae
610 1900 735 1961 voxque
752 1885 898 1960 colorque
913 1887 996 1961 sugit.

223 1966 277 2029 1115
293 1985 351 2043 ego
368 1969 440 2044 sim,
460 1970 546 2029 cuius
563 1969 656 2028 laniet
671 1967 786 2028 1551555
801 1968 944 2044 capillos=

264 2053 317 2113 lllc
332 2068 391 2128 ego
406 2053 478 2126 sim,
501 2060 623 2113 teneras
639 2052 687 2112 eui
703 2058 786 2127 petat
800 2069 902 2127 ungue
916 2068 1022 2129 genas,

222 2136 316 2210 Quem
331 2137 434 2197 videat
449 2136 627 2210 lacrimans,
649 2151 740 2210 quem
758 2136 854 2197 torvis
869 2144 987 2213 spectet
1004 2143 1130 2218 ocellis,

264 2219 330 2295 Quo
348 2222 413 2280 sine
429 2237 489 2282 555
505 2221 606 2296 possit
622 2221 741 2293 vivere,
765 2235 860 2296 posse
876 2220 958 2281 velit.

156 2302 398 2379 1558155511555
415 2320 561 2381 quaeras,
584 2302 679 2363 breve
696 2304 748 2376 sit,
772 2304 855 2379 quod
872 2304 956 2366 laesa
972 2318 1136 2383 queratur,

262 2388 306 2448 Ne
321 2389 401 2449 lenta
416 2388 497 2449 vires
512 2388 635 2462 colligat
649 2387 694 2447 ira
708 2404 802 2449 mora.
848 2416 853 2424 ·

220 2470 356 2532 Candida
372 2472 547 2551 iamdudum
564 2472 723 2547 cingantur
738 2472 817 2532 55115
831 2472 962 2549 lacertis,

261 2556 357 2631 Inque
372 2563 442 2617 1555
458 2554 537 2616 11555
552 2562 599 2616 551
616 2555 796 2631 accipienda
812 2557 908 2616 sinus.

218 2637 331 2701 Oscula
347 2640 387 2701 da
403 2639 503 2715 ilenti,
526 2639 656 2701 Veneris
673 2640 713 2700 da
727 2640 838 2714 gaudia
852 2638 946 2713 ilenti,

155 2732 205 2787 155
257 2722 320 2783 Pax
336 2724 401 2784 erit.
423 2723 483 2786 hnc
499 2741 560 2786 uno
575 2724 703 2784 solvitur
716 2722 761 2783 ira
775 2725 878 2784 modo.

218 2806 290 2868 Cum
306 2807 385 2869 berle
400 2809 558 2881 saevierit,
580 2824 648 2869 cum
665 2815 748 2868 certa
763 2808 914 2869 videbitur
929 2808 1036 2883 hostis,

258 2889 332 2952 Tum
349 2899 419 2968 pete
433 2891 613 2954 concubitus
630 2892 770 2966 foedera,
793 2891 873 2951 mitis
889 2894 952 2952 erit.

215 2973 279 3035 illie
293 2976 444 3051 depositis
460 2975 575 3037 habitat
589 2975 762 3037 Concordia
776 2977 858 3036 telis:

256 3058 326 3134 lllo,
349 3061 441 3120 crede
457 3059 543 3136 mihi,
568 3060 669 3121 Gratia
685 3066 755 3120 nata
769 3062 837 3121 1555
851 3068 907 3120 551.

154 3152 201 3207 155
214 3142 297 3216 Quae
312 3144 405 3205 modo
424 3151 609 3219 pugnarunt,
632 3145 760 3219 iungunt
777 3160 832 3204 sna
848 3153 949 3204 rostra
964 3146 1135 3218 columbae,

256 3225 387 3301 Quarum
402 3227 565 3289 blanditias
579 3228 737 3303 verbaque
752 3244 886 3289 murmur
900 3229 1000 3289 habet.

213 3309 312 3371 Prima
326 3312 382 3383 luit
396 3327 495 3372 rerum
512 3312 642 3372 5551555
658 3313 724 3371 5155
739 3312 847 3373 ordine
862 3313 967 3388 moles,

255 3393 385 3470 Unaque
402 3396 575 3454 5551155155
591 3394 710 3467 sidera,
735 3405 828 3466 terra,
853 3397 970 3456 iratum.

211 3475 284 3534 Mox
297 3479 414 3537 eaelum
428 3478 601 3552 impositum
613 3480 710 3551 terris
723 3479 832 3538 humus
844 3495 980 3554 aequore
989 3480 1149 3543 cinctaest
