2467 4042
458 288 635 353 tte-1144.

117 447 153 508 Si
166 454 268 507 umen
282 442 388 505 auxilii
404 442 560 519 perierunt
573 449 711 518 tempora
725 441 823 517 primi,

158 530 197 589 Et
211 535 302 589 vetus
316 526 348 587 in
364 535 454 602 capto
468 534 595 602 pectore
609 526 691 586 sedit
704 541 798 600 emor,

115 614 218 674 Maius
235 627 316 688 opus
333 619 484 686 superest.
506 611 655 683 sednon,
677 612 750 686 quin
765 609 864 670 serior
878 624 971 685 aegro

51 710 103 765 110
155 698 320 768 Advocor,
344 695 394 754 itta
408 694 480 754 mihi
496 693 709 755 destituendus
724 694 788 754 erit.

117 781 213 856 Quam
227 783 334 840 laesus
349 779 448 839 iuerat
461 785 578 854 partem
592 778 757 839 Poeantius
772 778 875 848 heros,

157 866 266 925 Altera
280 863 431 923 debuerat
445 862 662 938 praesecuisse
676 877 796 922 manus.

114 949 189 1010 Post
202 955 304 1009 emen
319 948 370 1008 hie
384 947 497 1008 multos
511 954 639 1008 sanatus
654 946 787 1008 creditur
800 961 898 1006 annos

156 1032 342 1109 Supremam
357 1030 446 1091 bellis
462 1027 650 1107 imposuisse
664 1046 796 1090 manum.

53 1129 101 1182 115
112 1117 168 1193 Qui
182 1117 279 1178 modo
295 1115 453 1175 nascentis
469 1115 674 1191 properabam
689 1115 805 1190 pellere
821 1112 954 1185 morbos,

154 1201 322 1261 Admoveo
338 1200 457 1259 tardem
471 1214 552 1259 nunc
566 1214 691 1274 quoqne
705 1198 806 1259 tentus
822 1212 921 1273 opem.

111 1287 175 1347 Ant
191 1299 292 1355 nova,
317 1284 344 1342 si
360 1283 480 1358 possis,
502 1284 613 1344 sedare
628 1281 770 1343 incendia
783 1288 922 1357 temptes,

154 1374 220 1429 Aut
234 1366 288 1427 ubi
303 1382 360 1442 per
373 1367 456 1428 vires
470 1367 665 1443 procubuere
679 1382 764 1426 suas.

114 1453 192 1514 Cum
206 1452 293 1512 furor
306 1451 338 1510 in
353 1466 445 1511 corsn
460 1458 520 1526 est,
545 1451 677 1511 currenti
692 1451 769 1509 cede
783 1448 888 1511 furori.

54 1547 103 1600 litt
153 1535 306 1598 Difficiles
321 1535 422 1595 editus
437 1535 568 1610 impetus
583 1533 683 1594 omnis
697 1533 799 1594 habet.

115 1620 250 1693 Stultus,
274 1617 312 1678 ab
330 1619 431 1679 oblico
447 1618 500 1693 qui
517 1634 587 1678 cum
601 1617 793 1677 descendere
811 1617 918 1692 possit,

154 1704 276 1779 Pugnat
288 1703 320 1761 in
335 1702 487 1763 adversos
503 1702 548 1763 ire
562 1708 683 1762 natator
697 1717 806 1777 aquas.

113 1787 282 1864 ImpatIens
297 1785 433 1858 animus,
458 1800 516 1847 nee
530 1785 632 1846 adhuc
645 1785 813 1845 tractabilis
826 1791 900 1858 arte,

155 1870 289 1947 Respuit
305 1876 397 1945 etque
413 1869 485 1931 odio
501 1871 595 1931 verba
611 1870 765 1930 monentis
778 1868 880 1929 habet.

52 1967 100 2021 125
110 1955 287 2031 Adgrediar
301 1952 409 2014 metius
423 1960 500 2029 tum,
522 1968 592 2014 cum
606 1971 664 2014 sua
680 1955 806 2014 vulnera
818 1953 902 2029 tangi

156 2040 223 2100 Iam
238 2038 333 2111 sinet,
355 2044 386 2098 et
399 2038 482 2098 veris
496 2036 625 2097 vocibus
641 2045 731 2113 aptus
749 2038 815 2097 erit.

115 2123 192 2198 Quis
205 2129 348 2196 matrem,
371 2122 430 2182 nisi
443 2122 553 2182 mentis
569 2122 675 2197 inops,
697 2120 728 2180 in
743 2122 850 2181 funere
865 2120 926 2180 nati

155 2206 247 2266 Flere
260 2211 364 2266 vetett
396 2206 463 2266 Non
478 2205 538 2266 hoc
551 2206 603 2266 itta
616 2206 771 2265 monenda
786 2206 854 2264 ioco
870 2211 926 2264 est.

113 2291 192 2353 Cum
211 2288 330 2350 dederit
350 2289 506 2361 lacrimas,
529 2291 725 2367 animumque
740 2288 911 2365 impleverit
925 2303 1059 2364 aegrum,

52 2385 102 2440 lan
154 2375 212 2434 lite
227 2374 316 2434 dolor
330 2372 434 2434 verbis
449 2374 676 2435 emoderandus
690 2374 755 2434 erit

112 2457 277 2533 Temporis
291 2473 343 2518 ars
358 2457 510 2517 medicina
526 2459 590 2518 iere
605 2465 662 2518 est.
685 2458 755 2517 duta
769 2465 907 2533 tempore
922 2463 1059 2533 prosunt.

159 2542 199 2602 Et
211 2542 283 2601 data
296 2556 359 2601 non
373 2548 446 2617 apto
460 2549 599 2617 tempore
613 2543 684 2601 vine
698 2551 818 2603 nocent.

113 2626 195 2702 Quin
209 2626 300 2686 etiarn
313 2626 467 2687 accendes
482 2626 557 2687 vitia
571 2625 740 2701 inritesque
754 2627 897 2701 vetando,

155 2708 361 2785 Temporibus
376 2710 403 2770 si
418 2726 479 2771 non
493 2708 676 2786 adgrediare
690 2710 764 2770 suis.
904 2769 906 2772 ,

54 2803 99 2858 lte
110 2796 197 2869 Ergo
211 2791 264 2855 ubi
280 2791 367 2853 visus
382 2793 443 2855 eris
459 2801 584 2854 nosuae
601 2793 791 2854 medicabilis
806 2801 872 2868 arn,

156 2877 221 2938 Fac
235 2876 358 2937 monitis
374 2879 473 2953 fugias
488 2878 551 2938 otia
564 2878 662 2953 prima
675 2878 762 2938 meis.

111 2964 216 3035 Haec,
235 2968 270 3022 ut
284 2976 385 3034 ames,
409 2961 531 3022 faciunt.
555 2961 632 3022 haec
648 2963 730 3036 quod
745 2962 862 3037 iecere,
883 2966 1015 3022 tuentur·

157 3046 244 3104 Haec
257 3051 329 3110 sunt
343 3045 467 3105 iucundi
484 3061 580 3107 cause
595 3045 744 3122 cibusque
755 3046 838 3106 meli.

113 3129 186 3192 Otia
200 3128 228 3189 si
242 3128 347 3203 tellas,
367 3128 487 3204 periere
502 3128 660 3205 Cupidinis
675 3146 774 3205 arens,

61 3220 102 3275 tte
157 3212 398 3287 contemtaeque
412 3213 512 3275 iacent
526 3221 557 3274 et
571 3214 639 3274 siue
653 3215 721 3275 lnce
738 3216 835 3274 taces.

113 3298 213 3373 Quam
228 3298 373 3371 platanus
388 3296 459 3359 vino
475 3298 603 3374 gaudet,
627 3314 719 3373 quam
733 3298 867 3374 populus
880 3297 973 3370 unda,

156 3380 196 3442 m
210 3396 304 3456 quam
319 3379 430 3442 limosa
445 3396 543 3442 canna
558 3383 703 3457 palustris
718 3382 820 3454 humo,

112 3464 187 3525 Tam
201 3464 310 3524 Venus
325 3464 387 3525 otia
402 3473 491 3525 amat.
528 3465 584 3540 out
599 3465 691 3527 tinem
707 3466 829 3541 quaeris
844 3471 989 3541 amoris..

157 3547 245 3608 cedit
259 3563 346 3610 amor
358 3549 472 3610 rebus..
488 3565 538 3610 res
553 3565 626 3627 ege,
649 3556 732 3610 tutus
746 3550 818 3611 eris.
