2467 4042
474 320 536 382 525
549 355 586 365 -
598 322 671 381 600.

128 473 188 532 Cui
206 473 308 532 durus
326 480 413 547 pater
427 482 489 546 est,
512 480 545 532 ut
559 481 631 533 voto
647 481 767 532 caetera
781 476 900 545 cedant,

177 557 263 614 Huic
278 564 367 631 pater
381 564 452 617 ante
468 557 576 617 oculos
591 558 686 616 durus
701 555 861 615 habendus
876 556 939 615 erit.

54 650 114 704 ⁵6⁵
127 641 192 700 Hic
211 641 294 699 male
309 641 416 699 dotaba
429 656 548 715 pauper
562 655 630 699 cum
647 641 778 714 coniuge
794 639 881 699 vitmz

177 724 319 784 Uxorem
336 726 399 784 lato
415 725 521 783 credat
535 724 649 783 obesse
664 738 732 783 suo.

132 808 194 867 Est
210 806 267 867 tibi
281 822 353 867 rure
369 807 451 867 bono
467 812 639 882 generosae
654 805 760 866 tortilis
777 821 856 868 uvae

181 891 305 950 vineat
327 907 366 950 ne
380 906 513 951 nascens
528 897 598 951 usta
612 891 652 950 sit
665 906 741 960 uva,
763 890 843 949 time.

134 975 193 1034 llle
209 974 304 1033 habet
317 974 348 1033 in
363 975 462 1034 reditu
479 975 590 1033 navim.
614 989 698 1033 mare
713 988 835 1047 semper
852 971 989 1047 iniquum

60 1065 120 1120 sio
180 1057 303 1132 Cogitet
319 1065 351 1117 et
365 1057 477 1119 damno
492 1057 594 1118 littora
609 1059 671 1117 seta
685 1071 752 1117 suo.

134 1139 237 1200 Filius
252 1141 333 1200 hunc
349 1141 454 1217 miles,
474 1147 504 1201 te
520 1142 583 1201 lilia
597 1140 709 1200 nubilis
724 1147 824 1214 angat

180 1225 221 1283 Et
237 1225 308 1299 quis
323 1240 385 1284 non
400 1240 512 1285 causas
526 1226 607 1285 mille
624 1224 740 1284 doloris
756 1222 867 1283 habeti

137 1308 179 1368 Ut
195 1323 310 1382 posses
325 1308 433 1367 odisse
448 1315 544 1378 tuam,
566 1306 650 1381 Pari,
673 1308 780 1367 lunera
796 1307 919 1366 iratrmn

181 1390 343 1451 Debueras
359 1392 456 1451 oculis
471 1391 668 1452 substituisse
683 1391 765 1450 tuis!

64 1481 125 1538 575
138 1473 232 1535 Plura
245 1473 439 1550 loquebatur.
461 1474 615 1550 placidum
628 1473 755 1549 puerilis
770 1473 871 1548 imago

182 1558 327 1619 Destituit
339 1574 496 1632 somnum,
519 1558 546 1618 si
562 1558 655 1618 modo
671 1572 798 1618 somnus
812 1563 887 1616 erat.

140 1640 223 1716 Quid
236 1641 367 1701 luciam?
389 1641 490 1701 media
503 1641 604 1701 navim
618 1640 779 1701 Palinuros
793 1640 824 1699 in
838 1639 922 1700 unda

181 1724 315 1785 Deserit.
338 1725 460 1799 ignotas
475 1740 570 1799 cogor
584 1725 661 1785 inire
677 1725 753 1784 vias.

139 1808 290 1884 Quisquis
303 1824 407 1880 amas,
429 1809 498 1868 loca
513 1809 581 1868 sola
595 1815 717 1869 nocent
738 1809 809 1868 loca
821 1807 889 1867 sola
903 1814 1026 1869 caveto!

70 1900 129 1954 58⁰
182 1891 249 1965 Quo
265 1892 369 1966 tugisr
389 1891 421 1950 in
436 1893 552 1967 populo
568 1893 661 1952 tutior
674 1906 745 1952 esse
759 1898 859 1967 potes.

139 1975 209 2035 lion
224 1974 278 2035 tibi
293 1973 453 2036 seeretis...
470 1983 582 2050 augent
596 1982 715 2035 secreta
732 1976 882 2036 furores...

181 2058 238 2119 Est
252 2075 344 2135 opus.
367 2059 480 2119 auxilio
495 2055 582 2119 turbo
597 2061 698 2120 lutura
711 2059 765 2120 tibi
779 2065 835 2119 est

138 2141 248 2203 'Iristis
264 2142 341 2216 eris,
363 2140 492 2204 sisoius
508 2142 578 2204 eris.
600 2142 805 2218 dominaeque
818 2139 942 2202 relictae

183 2230 264 2287 Ante
278 2226 387 2288 oculos
402 2226 498 2286 lacios
512 2226 617 2300 stabit,
642 2233 674 2286 ut
687 2227 771 2302 ipsa,
793 2233 873 2286 tuos.

74 2317 127 2372 586
137 2309 266 2369 liistior
279 2309 395 2370 idcirco
410 2325 474 2370 nox
487 2317 550 2384 est,
570 2326 661 2385 quam
679 2317 819 2385 tempora
833 2308 957 2370 Phoebi.

185 2392 270 2466 Quae
284 2393 401 2453 relevet
414 2394 529 2466 luctus,
552 2394 641 2454 turba
655 2394 772 2454 sodalis
787 2393 883 2454 abest

139 2477 204 2537 Nec
218 2477 291 2552 iugc
306 2477 518 2553 conloquium,
539 2492 596 2538 neo
612 2478 652 2539 sit
667 2478 720 2538 tihi
735 2478 827 2537 ianua
842 2476 956 2551 clausa,
978 2538 981 2543 .

183 2560 246 2621 Nec
262 2560 395 2621 tenebris
411 2561 511 2622 vultus
526 2559 639 2621 flebilis
654 2561 734 2622 abde
748 2567 828 2622 tuos.

140 2643 271 2720 Semper
285 2643 365 2704 habe
378 2643 513 2723 Pyladen
529 2644 678 2721 aliquem,
700 2648 751 2720 qui
766 2650 852 2705 curet
867 2641 1019 2705 Orestcm=

76 2735 128 2789 590
183 2728 241 2788 Hic
255 2744 380 2804 quoque
394 2727 544 2789 amicitiae
557 2744 620 2788 non
635 2728 713 2789 levis
727 2745 805 2789 usus
820 2726 884 2787 erit

140 2811 237 2887 Quid,
259 2811 319 2871 nisi
333 2819 472 2873 secretae
486 2813 641 2873 laeserunt
654 2813 795 2891 Phyllida
809 2811 927 2872 silvae?

183 2895 273 2955 Certa
288 2895 372 2956 necis
388 2903 553 2957 causaest.
576 2895 751 2957 incomitata
765 2896 829 2956 luit

140 2978 221 3051 Ibat,
244 2986 279 3040 ut
292 2979 401 3040 Edono
415 2981 552 3040 reterens
568 2978 720 3040 trieterica
734 2979 856 3040 Baccho

183 3063 232 3122 Ire
245 3064 326 3124 solet
340 3063 417 3124 lusis
431 3063 562 3124 barbara
576 3065 664 3124 turba
680 3064 785 3138 comis,

77 3152 128 3207 5⁹⁵
140 3147 179 3208 Et
192 3146 303 3220 modo,
322 3164 384 3222 qua
399 3154 530 3223 poterat,
553 3150 677 3224 longum
695 3146 854 3223 spectabat
870 3145 900 3204 in
916 3162 1041 3222 aequor,

182 3230 269 3290 Nunc
283 3230 315 3290 in
330 3231 483 3292 harenosa
497 3233 580 3292 lassa
594 3231 714 3292 iacebat
727 3231 827 3291 humo.

140 3314 276 3375 ‘Perllde
290 3316 491 3391 Demophoon
500 3316 521 3373 t’
543 3316 656 3376 surdas
671 3314 820 3375 clamabat
834 3313 874 3373 ad
888 3314 997 3387 undas,

181 3398 348 3473 Ruptaque
363 3399 497 3473 singultu
511 3398 606 3458 verbo
620 3399 773 3474 loquentis
789 3404 884 3458 erant.

140 3482 243 3543 Limes
259 3489 325 3542 emt
338 3483 438 3543 tenuis
453 3483 546 3558 longa
559 3482 740 3543 subnubilus
754 3480 871 3556 umbra,

76 3575 127 3629 titio
180 3565 248 3641 Quo
263 3566 331 3626 tulit
345 3566 396 3626 illa
410 3582 486 3627 suos
501 3567 541 3627 ad
556 3583 640 3627 mare
654 3581 749 3641 saepe
763 3566 870 3641 pedes.
