2467 4042
450 258 500 311 111.
518 260 670 310 1112-84.

195 420 369 482 Consortem
392 420 505 481 Phoebi
527 438 600 499 gens
624 420 695 482 colit
717 420 766 481 illa
789 421 890 482 deam.

151 508 272 587 Templa
295 517 415 569 manent
438 508 525 568 bodie
549 511 639 568 vastis
662 511 761 569 innixa
785 508 947 589 columnis,

98 601 136 657 'oo
195 596 312 675 Perque
336 604 441 675 quater
464 597 556 656 denos
579 599 640 657 itur
663 599 694 656 in
717 596 766 657 illa
790 595 916 674 gradus.

149 684 240 745 Fama
262 685 356 745 refert
378 684 438 745 illio
462 687 579 762 siguum
602 684 729 745 caeleste
753 685 863 745 fuisse:

194 771 319 851 Quoque
343 776 440 833 minus
463 772 603 852 dubites,
627 779 685 833 stat
707 771 787 832 basis
810 772 882 832 orba
905 771 978 833 dea:

149 861 266 939 Araque
279 909 288 939 ,
312 879 387 940 quae
412 860 508 921 iuerat
530 868 636 920 natura
660 859 783 920 candida
806 862 885 934 saxi,

194 948 319 1009 Decolor
342 949 445 1008 adsuso
468 950 561 1008 tincta
583 966 691 1008 cruore
714 947 820 1008 rubet.

103 1048 137 1096 55
153 1036 272 1097 Femina
296 1054 379 1097 sacra
403 1038 472 1097 iacit
495 1035 597 1096 taedae
621 1044 682 1096 non
704 1046 774 1096 nota
797 1035 904 1116 iugali,

194 1123 274 1194 Quae
298 1134 419 1204 superat
442 1123 595 1203 Scythicas
618 1123 772 1184 nobilitate
795 1141 907 1184 nurus.

152 1212 284 1274 Sacriiioi
307 1231 401 1292 genus
425 1221 471 1272 est
483 1261 492 1293 ,
515 1215 558 1274 sic
581 1215 738 1273 instituere
761 1214 895 1292 priores,

194 1301 312 1361 Aduena
335 1303 468 1378 virgineo
492 1318 596 1361 caesus
620 1308 654 1361 ut
677 1318 748 1360 ense
772 1299 873 1361 cadat.

150 1388 250 1466 Regna
273 1388 391 1448 Thoans
413 1387 517 1448 habuit
539 1388 685 1447 Maeotide
708 1387 805 1448 clarus
827 1390 859 1447 in
882 1405 952 1468 ora,

103 1487 136 1536 60
196 1476 256 1535 Nec
280 1477 336 1536 init
358 1474 482 1536 Euxinis
505 1478 603 1535 notior
627 1474 701 1535 alter
724 1478 826 1552 aquis.

151 1562 275 1643 Sceptra
297 1571 418 1623 tenente
440 1562 491 1622 illo
514 1562 640 1641 liquidas
664 1564 770 1623 iecisse
793 1581 847 1642 per
870 1579 957 1622 auras

195 1651 302 1712 Nescio
326 1668 414 1729 quam
437 1649 540 1711 dieunt
563 1649 735 1730 Iphigenian
759 1653 834 1731 iter,

151 1739 245 1810 Quam
268 1738 382 1800 levibus
405 1741 501 1799 ventis
524 1737 580 1799 sub
604 1738 683 1799 nube
707 1757 761 1817 per
784 1745 851 1799 aira
875 1745 989 1799 vectam

195 1826 334 1888 Creditur
357 1826 403 1886 bis
426 1826 544 1886 Phoebe
568 1825 741 1906 deposuisse
764 1827 859 1888 iocis.

101 1927 135 1976 65
149 1915 322 1976 Praefuerat
343 1914 453 1993 templo
477 1914 586 1975 multos
609 1916 723 1975 ecrite
746 1933 800 1994 per
823 1932 933 1995 annos,
1022 1925 1066 1977 (⁸²)

194 2003 286 2065 Invita
309 2020 455 2082 peragens
477 2005 574 2064 tristia
598 2020 681 2063 sacra
705 2020 811 2063 manu:

150 2091 224 2153 Cum
247 2091 306 2152 duo
329 2091 450 2151 velifera
472 2093 595 2151 iuvenes
618 2109 726 2151 venere
750 2094 868 2172 carina,

193 2181 431 2258 Presseruntque
455 2197 510 2240 suo
533 2179 620 2240 litora
642 2190 744 2239 nostra
767 2178 863 2259 pede.

149 2269 207 2329 Par
229 2269 286 2329 suit
308 2268 355 2328 bis
378 2275 457 2328 aetas
480 2274 511 2327 et
533 2285 617 2327 amor
628 2314 638 2348 ,
661 2285 789 2347 quorum
812 2266 886 2328 alter
909 2266 1049 2347 Orestes,

102 2369 136 2417 το
194 2356 254 2417 bst-
270 2354 393 2435 Pylades
417 2355 513 2416 alter.
554 2357 673 2415 nomina
696 2355 772 2415 fama
794 2364 893 2415 tenet.

149 2445 290 2505 Protinus
312 2446 446 2504 inmitem
469 2442 585 2504 Triviae
609 2443 760 2504 ducuntur
783 2443 818 2503 ad
841 2460 937 2525 aram,

193 2531 311 2592 Evincti
332 2534 463 2610 geminas
487 2531 523 2591 ad
546 2549 600 2591 sua
623 2539 707 2609 terga
730 2549 850 2592 manus.

150 2618 268 2698 Spargit
291 2637 366 2698 aqua
389 2629 491 2698 captos
513 2618 629 2680 lustrali
652 2619 739 2679 Graia
761 2619 917 2701 sacerdos,

193 2707 309 2768 Ambiat
331 2715 366 2767 ut
387 2708 481 2768 fulvas
504 2708 596 2767 infula
619 2708 706 2787 longa
728 2726 844 2769 comas.

101 2808 135 2857 ‘to
150 2796 285 2875 Dumque
307 2806 393 2876 parat
415 2814 555 2876 sacrum,
578 2795 650 2856 dum
673 2796 748 2857 velat
771 2804 904 2875 tempora
927 2790 1025 2876 vittis,

192 2885 267 2945 Dum
290 2883 391 2946 tardae
415 2902 518 2945 causas
540 2886 653 2945 invenit
675 2887 739 2964 ipsa
761 2902 879 2961 morae,

149 2968 242 3032 “Non
265 2991 320 3051 ego
343 2972 495 3052 crudelis,
517 2974 662 3033 iuvenes:
684 2975 829 3051 ignoscite
843 2968 880 3033 !''
903 2971 978 3031 dixit

193 3056 314 3119 “Sacra
337 3077 391 3120 suo
414 3060 489 3120 facio
512 3058 684 3119 barbariora
705 3060 786 3119 ioco.

147 3147 233 3208 Ritus
256 3148 282 3205 is
306 3155 352 3206 est
374 3149 491 3225 gentis.
533 3163 591 3224 qua
614 3165 666 3206 vos
689 3155 789 3207 tamen
811 3145 886 3207 urbe
909 3142 1043 3207 venitis?

99 3246 133 3296 80
192 3233 312 3304 Quodve
336 3251 440 3313 parum
464 3234 559 3294 fausta
582 3252 682 3313 puppe
704 3235 819 3313 petistis
842 3229 953 3294 iter‘?”

147 3323 247 3384 Dixit:
280 3330 310 3382 et
333 3321 433 3383 audito
455 3323 567 3401 patriae
590 3323 638 3401 pia
661 3324 781 3382 nomine
804 3323 886 3399 virgo
944 3379 948 3386 .

192 3410 352 3472 Consortes
375 3409 459 3471 urbis
483 3412 628 3489 comperit
651 3428 716 3471 esse
740 3427 830 3475 suae.

146 3494 325 3560 “Alteruter
348 3493 488 3560 nostris''
511 3500 608 3577 inquit
632 3494 745 3560 “cadat
767 3498 864 3560 hostia
887 3501 997 3561 sacris:

189 3587 233 3649 Ad
254 3590 365 3668 patrias
389 3587 475 3649 sedes
498 3590 621 3649 nuntius
645 3587 718 3649 alter
742 3595 790 3649 eat
799 3582 831 3648 .''
