2467 4042
429 237 485 307 VI,
506 244 662 296 ibi-2⁶0.
760 258 887 296 noemin
983 242 1047 306 113

118 404 147 466 Ε
175 405 279 485 quibus
300 405 458 488 Ismenos,
480 406 532 486 qui
554 407 644 468 matri
666 407 781 468 sarcina
805 407 952 487 quondam

48 505 103 555 m
119 493 224 554 Prima
245 511 315 556 suae
338 495 458 575 iuerat,
481 493 552 555 dum
576 502 692 556 certum
714 494 808 556 ilectit
830 496 861 556 in
885 495 987 556 orbem

120 582 329 662 Quadrupedis
353 599 461 643 cursus
473 585 732 664 ,spumantiaque
755 600 807 644 ora
829 588 966 665 coercet,

119 666 173 731 Ei
195 664 301 731 milnii’
324 669 490 732 conclamat
502 671 692 752 ,medioque
714 673 745 732 iu
768 679 889 751 pectore
913 673 968 733 lixa

118 757 195 819 Tela
215 760 313 840 gerit,
337 759 490 838 frenisque
512 775 601 820 manu
624 760 770 821 moriente
793 762 926 821 remissis

117 846 156 907 ln
180 846 254 908 latus
277 864 293 906 a
317 845 423 908 dextro
446 846 586 927 paulatim
609 846 714 909 dellult
736 864 835 909 armo.

49 945 102 995 aso
116 934 300 1018 Proximus,
323 935 425 997 audito
449 936 548 996 sonitu
570 937 735 1015 perinane
758 936 929 1017 pharetrae,

117 1022 219 1084 Frena
240 1022 329 1084 dabat
351 1021 492 1103 Sipylus:
514 1022 605 1084 veluti
630 1040 698 1085 cum
720 1026 873 1104 praescius
896 1023 1000 1087 imbris

116 1110 207 1172 Nube
230 1112 307 1191 iugit
328 1113 413 1192 visa,
435 1111 655 1192 pendentiaque
679 1112 811 1192 undique
833 1120 934 1174 rector

117 1198 247 1261 Carbasa
271 1199 415 1280 deducit,
438 1217 475 1260 ne
499 1199 652 1279 qualevis
676 1201 778 1261 ellluat
799 1218 888 1263 aura.

116 1287 216 1350 Frena
238 1287 349 1349 dabat:
373 1287 491 1349 dantem
513 1306 574 1349 uon
597 1288 732 1349 evitabile
756 1288 848 1350 telum

49 1385 101 1435 tat
117 1375 344 1456 Consequitur,
371 1394 546 1455 summaque
569 1385 702 1438 tremens
724 1380 840 1438 cervice
863 1381 968 1458 sagitta

116 1463 243 1545 Haesit,
266 1474 298 1526 et
320 1463 439 1526 extabat
460 1465 573 1526 nudum
597 1464 633 1525 de
657 1473 778 1545 gutture
802 1466 932 1528 lernam.

117 1552 172 1614 llle
184 1600 194 1635 ,
217 1562 252 1614 ut
276 1562 341 1614 erat
352 1601 362 1634 ,
384 1571 498 1633 pronus
519 1571 575 1632 per
597 1570 686 1614 crura
709 1553 809 1615 aduisa
833 1555 977 1634 iubasque

117 1638 276 1723 Volvitur,
298 1649 329 1702 et
351 1641 446 1702 calide
468 1641 605 1703 tellurem
629 1645 772 1722 sanguine
796 1643 910 1704 loedat

117 1728 298 1791 Phaedimus
320 1729 423 1790 infelix
447 1737 477 1790 et
499 1731 568 1790 aviti
590 1732 720 1791 nominis
742 1730 830 1792 berea

56 1827 105 1877 240
119 1817 285 1899 Tantalus,
308 1825 343 1880 ut
366 1817 452 1879 solito
475 1818 565 1916 flpem
587 1821 747 1898 inposuere
771 1817 883 1900 labori,

117 1906 313 1968 Transierant
335 1905 372 1966 ad
395 1923 470 1985 opus
492 1888 602 1967 nitidae
625 1906 759 1969 iuvenale
781 1906 964 1987 palaestrae.

117 1993 238 2057 Etiam
262 1992 451 2057 contulerant
473 2002 537 2055 arto
560 1994 702 2057 luctantia
725 2014 803 2058 nexu
888 2034 892 2041 ·

118 2083 245 2146 Pectora
268 2081 464 2164 pectoribus,
486 2101 555 2145 curn
578 2091 660 2145 tento
685 2086 800 2145 concita
822 2103 932 2166 nervo,

120 2171 204 2233 Sicut
226 2181 314 2233 erant
335 2172 452 2251 iuncti,
474 2173 591 2233 traiecit
612 2182 774 2251 utrumque
798 2176 919 2252 sagitta.

57 2267 105 2318 tto
118 2260 296 2341 ingemuere
319 2259 429 2338 simul,
452 2259 540 2321 simul
561 2262 715 2321 incurvata
737 2261 839 2323 dolore

118 2346 253 2410 Membra
275 2347 338 2409 sole
360 2365 511 2430 posuere;
534 2348 622 2410 simul
645 2367 784 2430 suprema
805 2352 936 2412 iacenter

118 2436 246 2499 Lumina
268 2444 427 2498 versarunt
439 2483 449 2519 ,
471 2439 596 2499 animam
620 2437 708 2499 simul
731 2436 921 2500 exhalarunt.

117 2527 234 2607 Aspicit
255 2524 427 2605 Alphenor,
448 2525 614 2606 laniataque
637 2533 759 2607 pectora
780 2525 923 2607 plangens

118 2612 264 2694 Advolat,
287 2622 321 2675 ut
342 2610 455 2692 gelidos
478 2614 672 2696 conplexibus
694 2614 800 2676 allevet
822 2624 922 2698 artus,

60 2709 106 2763 ibo
119 2703 214 2783 Inque
237 2704 288 2781 pio
310 2702 389 2763 cadit
411 2702 531 2783 olbci03
554 2720 623 2765 nam
641 2701 742 2765 Delius
764 2702 808 2764 ilii

120 2792 227 2853 lntima
250 2790 368 2853 fatifero
390 2793 474 2872 rupit
494 2792 668 2870 praecordia
690 2793 789 2853 serre.

119 2880 206 2953 Quod
229 2878 319 2940 simul
340 2879 504 2962 eductum,
526 2898 595 2960 pars
618 2890 666 2942 est
686 2880 836 2962 pulmonis
858 2882 889 2942 in
913 2882 1007 2943 hamis

118 2967 235 3050 Eruta,
259 2985 387 3048 cumque
409 2970 506 3030 anima
529 2987 620 3029 cruor
644 2978 690 3030 est
712 2970 825 3031 effusus
847 2972 877 3030 in
902 2988 1007 3033 auras.

117 3060 156 3119 et
178 3074 239 3118 non
261 3058 413 3118 intonsum
436 3056 561 3138 simplex
583 3056 828 3120 Damasichthona
851 3058 958 3120 vulnus

61 3152 104 3205 too
117 3146 239 3207 Allicit.
266 3147 344 3207 ictus
367 3153 432 3207 erat
443 3193 453 3227 ,
476 3163 535 3225 qua
557 3163 628 3207 crus
652 3165 717 3208 esse
740 3148 845 3227 incipit
857 3195 866 3229 ,
890 3154 921 3207 et
943 3164 1001 3226 qua

117 3234 215 3296 blollia
238 3250 382 3296 nervosus
405 3235 476 3295 iacit
497 3235 665 3297 internodia
686 3234 807 3316 poples.

118 3323 254 3405 Dumque
278 3340 367 3385 manu
391 3330 516 3403 temptat
537 3323 657 3386 trabere
681 3322 828 3387 exitiabile
851 3322 962 3407 telum,

117 3412 217 3474 Altera
239 3429 294 3492 per
317 3410 451 3492 iugulum
473 3413 581 3492 pennis
604 3420 693 3476 tenus
716 3421 782 3475 acta
804 3414 910 3492 sagitta
933 3421 997 3475 est.

117 3500 238 3581 Expulit
260 3501 336 3563 banc
359 3502 480 3581 sanguis
492 3548 502 3581 ,
525 3518 617 3580 seque
641 3502 802 3565 eiaculatus
825 3503 856 3563 in
879 3501 972 3563 altum

62 3588 253 3670 ttcEmieat,
275 3599 307 3652 et
328 3589 415 3671 longe
436 3588 587 3653 terebrata
609 3592 727 3671 prosilit
749 3611 837 3654 aura.

86 3696 222 3744 orma.
810 3699 828 3747 a
