2467 4042
387 259 415 333 1,
439 256 472 330 ti,
488 255 634 358 ,⁶4”⁶’
656 256 706 317 41.

176 409 296 471 Oblicum
310 409 408 485 capiat
424 407 652 484 semiadaperta
666 410 755 470 latus.

111 495 244 569 stougus
258 509 339 553 amor
352 495 430 554 tales
448 508 562 568 corpus
580 494 716 554 tenuavit
730 494 760 553 in
777 511 866 569 usus,

172 580 299 654 aptaque
313 578 464 638 subducto
481 592 612 652 corpore
626 576 761 637 membra
775 579 868 638 dedit.
917 621 925 637 .

140 662 182 722 ille
195 678 243 737 per
255 661 397 722 excubias
413 661 577 721 custodum
592 662 699 721 leniter
714 661 758 721 ire

173 745 312 806 Monstrat.
340 743 512 805 inoffensos
527 744 629 820 dirigit
643 747 693 806 ille
709 746 815 821 pedes.

138 830 172 889 at
183 830 322 904 quondam
335 835 457 890 noctem
472 828 696 905 simulacraque
712 841 792 889 vana
806 829 959 892 timebam.

103 923 135 975 to
178 913 309 989 Mirabar,
330 913 467 975 tenebris
482 913 624 988 quisquis
639 914 735 974 iturus
750 920 824 975 erat.

139 997 215 1071 Risit,
236 1004 265 1058 ut
278 997 428 1072 audirem,
451 1004 556 1057 tonora
570 1013 639 1058 cum
653 1006 749 1059 matre
764 998 805 1057 Cn
810 998 882 1074 pido

175 1081 316 1142 atrociter
329 1082 400 1142 ‘iles
415 1089 448 1142 tu
465 1095 590 1157 quoque
604 1082 705 1143 lortis’
722 1082 772 1143 ait.

140 1164 191 1224 Noc
204 1180 291 1238 mora,
307 1166 392 1226 venit
406 1181 501 1226 amor.
531 1180 593 1225 non
609 1167 732 1226 umbras
748 1173 839 1226 nocte
853 1166 1000 1241 volantis,

175 1248 229 1309 Nou
243 1248 329 1310 timeo
344 1250 465 1310 striatas
480 1250 511 1310 in
526 1264 596 1312 mea
611 1251 674 1311 fata
686 1267 809 1331 manus.

100 1340 133 1393 15
142 1333 175 1392 lc
186 1332 295 1394 nimium
309 1335 423 1394 lentum
439 1335 541 1395 timeo.
569 1333 623 1394 tibi
638 1335 861 1396 blendiorum:

172 1416 219 1493 Tu,
238 1434 283 1478 me
297 1435 360 1493 quo
377 1418 483 1494 possis
498 1418 644 1495 perdere,
665 1420 778 1481 lumen
793 1419 901 1480 babes.

138 1501 270 1577 Aspice..
284 1510 327 1576 et,
351 1510 384 1564 ut
400 1503 520 1576 videas,
541 1503 658 1564 inmitia
672 1505 804 1564 claustra
818 1503 954 1564 relaxa...

170 1586 228 1646 Uda
240 1587 278 1648 sit
293 1594 326 1649 ut
339 1588 472 1648 morioris
487 1587 579 1649 ianua
594 1588 675 1649 lacta
689 1588 775 1648 meis.

137 1666 208 1730 Certe
220 1686 288 1746 ego,
311 1688 380 1732 oum
396 1672 498 1748 posita
515 1680 613 1732 stares
631 1674 671 1732 ad
686 1673 815 1732 verbera
831 1679 931 1747 veste,

103 1758 133 1811 ab
171 1753 214 1814 nt
227 1755 376 1817 dominam
392 1771 448 1832 pro
463 1763 493 1817 te
509 1757 604 1817 verba
618 1763 766 1818 tremente
780 1758 844 1817 tuli.

136 1835 200 1912 argo
215 1854 288 1913 quae
302 1839 398 1901 ualuit
412 1856 467 1916 pro
483 1846 512 1899 te
527 1854 653 1918 quoque
669 1842 766 1916 gratia
782 1841 951 1917 quondam,

169 1922 228 1982 Heu
242 1924 373 1984 lauinust
398 1940 455 2000 pro
470 1940 520 1984 me
535 1940 615 1984 nuno
630 1926 712 1986 valet
725 1926 776 1985 illa
791 1933 921 2001 parumt

135 2004 225 2066 Redde
236 2009 330 2068 vicem
344 2008 470 2069 meritis.
499 2015 586 2083 grato
602 2009 674 2069 licet
687 2024 768 2070 esse.
799 2008 887 2084 Quod
907 2015 1016 2086 optest

166 2090 303 2168 Tempora
318 2092 420 2153 noctis
434 2100 515 2154 eunt.
546 2099 656 2155 excute
671 2100 761 2169 poste
775 2100 894 2154 seram!
919 2116 959 2135 s

100 2170 247 2235 alxcutet
268 2177 313 2236 sic
328 2193 474 2252 umquam
489 2178 583 2253 longa
596 2180 735 2238 relevere
750 2183 873 2251 catena,

20 2324 22 2333 ‚
166 2257 219 2318 Nec
234 2260 283 2320 tibi
299 2267 447 2337 perpetuo
465 2277 557 2322 serva
574 2261 694 2323 bibebat
708 2270 803 2338 aqua!

131 2339 241 2403 Ferreus
257 2351 394 2406 orantem
409 2346 610 2422 nequiquam,
634 2346 759 2419 ianitor,
782 2346 882 2406 audis.

165 2426 327 2489 Roboribus
342 2429 428 2489 duris
445 2430 536 2490 ianua
550 2431 625 2491 lutto
639 2431 725 2504 riget.

134 2507 245 2573 Urbibus
260 2512 401 2574 obsessis
418 2511 548 2576 clausae
558 2515 725 2575 munimina
742 2520 849 2590 portae

98 2595 125 2651 to
165 2593 293 2658 Prosunt.
323 2597 353 2656 iu
369 2598 469 2658 media
486 2613 563 2674 pace
578 2598 653 2673 quid
667 2610 752 2658 arma
767 2597 880 2658 times?

20 2700 22 2743 t
131 2674 195 2749 Quid
209 2681 301 2742 leoles
316 2681 412 2754 hosti,
435 2683 488 2756 qui
502 2682 548 2742 sic
564 2683 704 2743 excludis
719 2680 896 2743 amantem?

163 2763 301 2841 Tempora
315 2765 416 2825 noetis
432 2771 511 2827 eunt.
546 2773 657 2827 excute
673 2774 763 2842 ooste
782 2772 898 2827 seram!
935 2766 964 2775 “

127 2843 183 2906 tlon
196 2864 249 2924 ego
264 2849 410 2911 militibus
426 2850 516 2912 venio
535 2850 696 2913 comitatus
714 2850 863 2912 sturmis:

163 2929 248 2994 Solus
261 2950 361 3008 eram,
383 2934 486 2995 sinon
503 2951 617 2997 saevus
630 2935 755 2997 adesset
773 2935 878 2995 Amor.

94 3013 204 3077 iiiluna
216 3034 287 3094 ego,
313 3019 340 3079 si
356 3018 493 3094 cupiam,
515 3034 669 3095 nusquam
684 3020 832 3079 dimittere
847 3034 991 3099 pqossumr

161 3101 231 3162 Ante
248 3104 295 3163 rel
310 3118 330 3163 a
344 3102 488 3163 membris
504 3102 626 3164 dividar
638 3105 707 3180 ipse
725 3105 812 3164 meis.

126 3179 193 3257 argo
207 3187 300 3247 Amor
315 3194 346 3248 et
359 3187 514 3247 modIcum
529 3187 611 3248 circa
626 3204 695 3248 mea
709 3195 848 3264 tempora
867 3186 970 3247 riuum

159 3267 270 3332 Macran
285 3278 334 3332 est
348 3277 379 3332 et
397 3270 530 3332 madidis
544 3273 634 3348 lapsa
650 3287 766 3333 corona
784 3272 890 3331 comis.

127 3348 207 3413 bruta
221 3355 288 3430 quis
303 3356 383 3417 haee
399 3354 522 3417 timeat?
543 3356 613 3432 quis
628 3372 689 3416 nou
704 3364 755 3418 eat
769 3355 881 3417 obvius
894 3354 974 3414 illisi

97 3434 122 3489 il
162 3433 303 3515 lnnpora
318 3440 418 3501 noctis
433 3447 516 3503 eunt.
546 3447 655 3503 enoute
669 3447 758 3516 poste
774 3445 890 3501 seram!
1014 3446 1043 3459 2

127 3512 223 3582 Lentus
238 3540 288 3599 cs,
308 3541 348 3586 an
365 3540 508 3598 somnus,
531 3525 582 3600 qui
601 3541 636 3584 se
651 3526 729 3585 malo
745 3523 869 3602 praebet
885 3522 1009 3590 amanti,
