2467 4042
455 245 528 317 XV,
542 250 700 304 tat-tot.
768 265 944 305 maconiano
1011 250 1074 317 323

87 427 142 477 cao
154 412 306 475 Auxilium
328 411 456 476 caeleste
478 420 607 495 petunt,
630 412 816 492 mediamque
839 422 976 476 tenentes

154 501 243 565 Orbis
265 501 390 563 humum
412 499 541 582 Delphos
563 501 697 584 adeunt,
719 500 838 563 oracula
859 501 989 583 Phoebi,

153 590 252 671 thue
275 589 426 652 salutifera
448 591 566 653 miseris
588 607 766 656 succurrere
783 589 876 652 rebus

154 680 243 742 Sorte
265 677 357 761 rellt,
379 685 538 759 tantaeque
559 677 644 741 urbis
667 678 743 741 mala
764 678 869 761 liniat,
891 690 994 742 orant.

153 767 193 830 Et
214 768 299 830 locus
322 775 354 829 et
374 766 478 830 laurus
500 775 532 830 et
543 815 553 849 ,
575 784 650 848 quas
671 766 763 829 babet
782 769 871 849 ipse,
892 768 1048 848 pharetrae

86 867 140 918 cet
153 855 341 918 Intremuere
364 855 474 938 slmu13
497 856 671 936 cortinaque
694 854 824 917 reddidit
846 857 906 917 imo

153 944 238 1006 llanc
260 943 347 1024 adyta
370 961 495 1027 rocem,
517 945 728 1025 pavefactaque
750 950 874 1025 pectora
895 947 1004 1008 morit:

155 1028 254 1106 ‘Quod
272 1034 351 1113 petis
368 1031 461 1114 Mne,
483 1033 625 1114 propiore
647 1031 736 1115 loco,
758 1031 913 1117 Romane,
935 1036 1079 1118 petisses;

154 1120 195 1184 Et
215 1128 285 1202 pete
307 1138 388 1183 nunc
410 1123 551 1202 propiore
573 1121 663 1184 loco:
684 1137 742 1184 nec
763 1120 898 1202 Apolline
921 1121 1023 1205 vobis,

157 1209 217 1283 Qui
239 1210 353 1271 minuat
374 1208 498 1293 luctus,
520 1227 596 1291 opus
620 1217 688 1292 est,
711 1208 765 1271 sed
786 1208 921 1290 Apolline
944 1220 1031 1274 nato.

85 1309 140 1361 tio
152 1298 198 1361 lte
220 1296 309 1360 bonis
331 1295 456 1380 subus,
477 1297 653 1379 prolemque
675 1299 820 1360 accersite
842 1294 1004 1361 nostram?

154 1387 239 1449 iussa
261 1386 311 1448 del
331 1385 465 1468 prudens
487 1393 646 1468 postquam
668 1403 812 1466 accepere
834 1395 974 1469 senatus,

155 1474 252 1548 Quam
274 1473 352 1537 colat
363 1522 373 1557 ,
396 1474 573 1556 explorant,
594 1475 712 1536 iuvenis
734 1473 903 1536 Phoebeius
925 1474 1049 1558 urbem,

156 1564 274 1643 Quique
296 1569 401 1643 petant
422 1565 519 1625 ventis
541 1560 702 1642 Epidauria
724 1561 833 1644 litora,
856 1564 995 1624 mittunt.

155 1652 238 1724 Quae
259 1658 418 1732 postquam
440 1668 532 1714 curva
553 1652 638 1713 missi
658 1651 785 1730 tetigere
808 1652 926 1733 carina,

87 1751 140 1802 aab
156 1739 322 1802 Concilium
344 1738 508 1820 Graiosque
531 1748 632 1820 patres
655 1737 778 1819 adiere,
800 1737 983 1822 darentque,

156 1827 311 1908 oravere,
332 1826 446 1910 deum,
469 1829 521 1906 qui
542 1844 686 1908 praesens
708 1825 814 1887 lunera
837 1829 934 1906 gentis

94 1945 96 1949 ·
155 1916 253 1979 Finiat
273 1915 445 1997 Ausoniae3
467 1922 565 1978 certas
587 1917 630 1977 ita
651 1914 752 1977 dicere
774 1922 889 1976 sortes.

155 2002 287 2066 Dissidet
309 2011 341 2067 et
362 2005 456 2066 verim
479 2005 649 2066 sententia:
671 2020 800 2084 parsque
823 2002 991 2083 negandum

155 2092 223 2155 Non
244 2099 332 2173 putat
353 2092 518 2175 auribum·;
540 2091 628 2155 multi
650 2092 803 2172 retinere,
826 2109 970 2172 suamque

88 2191 143 2244 ato
156 2180 224 2243 llou
246 2182 383 2242 emittere
406 2198 494 2262 opem
516 2198 573 2243 nec
595 2182 718 2242 numina
739 2179 857 2242 tradere
880 2180 1022 2243 suadent.

155 2268 233 2332 Dum
255 2268 414 2352 mutant,
437 2287 535 2331 seram
556 2268 700 2349 pepulere
723 2269 898 2349 crepuscula
920 2269 1036 2353 lucem,

155 2356 326 2438 Umbrique
348 2356 464 2421 telluris
487 2356 627 2420 tenebras
648 2356 807 2419 induxerat
828 2356 913 2420 orbi:

157 2445 232 2509 Cum
255 2447 329 2509 deus
351 2447 384 2510 ln
406 2448 519 2508 mannis
541 2446 639 2527 opifer
661 2447 825 2507 consistere
847 2440 930 2509 usus

156 2534 232 2597 Ante
255 2543 364 2618 tuum,
385 2534 540 2617 Romane,
562 2542 663 2596 torono
675 2581 686 2616 ,
708 2534 761 2596 sed
784 2533 880 2613 qualis
901 2537 933 2596 iu
956 2535 1029 2598 aede

87 2633 141 2686 aas
155 2622 231 2685 Esse
253 2623 352 2706 solet3
373 2622 573 2704 baculumque
595 2630 702 2684 tenens
724 2630 840 2702 agreste
863 2624 983 2686 sinistra

157 2711 325 2775 caesariem
346 2711 452 2792 longae
475 2711 578 2773 dextra
601 2710 756 2773 deducere·
772 2709 899 2794 barbae,

155 2799 196 2863 Et
216 2799 332 2881 placido
354 2799 430 2863 tales
453 2802 589 2863 emittere
611 2806 734 2880 pectore
756 2817 864 2863 voces:
1125 2860 1127 2863 .

157 2885 250 2951 ‘Pone
264 2896 363 2952 metus
375 2936 386 2973 ,
403 2890 537 2972 reniam,
551 2888 767 2968 slmulacraque
781 2896 884 2951 nostm
896 2887 1078 2969 relinquam

155 2976 244 3039 Hunc
265 2976 354 3039 modo
377 2985 570 3060 serpentem,
591 2975 731 3039 baculum
749 2979 801 3057 qul
823 2975 950 3040 nexibus
972 2976 1079 3059 ambit,

87 3077 142 3128 cto
155 3065 298 3146 Perspice
321 3072 471 3146 eiusque
494 3073 565 3128 neta
587 3067 653 3127 visu
665 3113 675 3148 ,
697 3072 731 3127 ut
758 3083 939 3146 cognoscere
965 3067 1079 3147 possis.

155 3153 263 3216 Vertar
283 3155 316 3216 in
337 3153 441 3218 bunc:
463 3154 517 3217 sed
539 3156 634 3217 maior
656 3171 731 3236 ero,
752 3161 914 3235 tantusque
940 3152 1080 3237 videbor,

113 3245 122 3255 “
155 3241 191 3304 ln
214 3249 359 3322 quantum
381 3242 491 3306 debent
513 3243 651 3306 caelestia
673 3260 799 3323 corpora
821 3238 925 3306 verti?

156 3329 314 3411 Extemplo
337 3349 408 3394 cum
430 3349 502 3394 voce
525 3331 600 3395 deus
612 3380 623 3414 ,
645 3349 715 3394 oum
737 3349 809 3394 voce
832 3331 948 3412 deoque

156 3419 286 3481 Somnus
308 3418 371 3483 ablt
382 3468 393 3503 ,
415 3422 572 3501 somnique
594 3421 695 3500 lugam
715 3420 768 3482 lox
795 3420 871 3482 mma
892 3428 995 3482 secuta
1017 3429 1078 3481 est.

86 3519 141 3570 aaa
155 3507 281 3570 Postera
303 3507 438 3571 sidereos
461 3526 568 3571 aurora
590 3509 745 3589 fugaverat
766 3511 869 3589 igneae

154 3595 267 3660 incerti
278 3643 289 3680 ,
312 3597 384 3677 quid
407 3605 494 3679 agant
505 3644 516 3681 ,
537 3615 680 3678 proceres
703 3596 740 3659 ad
763 3596 872 3677 templa
895 3598 980 3678 petiti

814 3696 870 3752 21·
