2467 4042
454 306 514 368 ool
528 340 566 353 -
578 305 650 370 676.

116 465 186 525 Nee
203 464 306 523 veniat
321 477 446 534 servus,
469 475 527 520 nee
540 460 620 521 llens
635 460 777 519 ancillula
790 459 893 520 fiotum

52 556 105 611 64⁰
164 546 352 622 Suppliciter
366 545 509 606 dominae
523 544 646 606 nomino
660 544 743 603 dieat
755 543 844 603 have.

116 631 185 691 Nee
199 631 227 690 si
245 629 326 690 seire
341 629 445 703 voles,
466 627 541 702 quid
556 636 641 702 agat,
662 635 778 701 tamen,
801 626 866 702 illa,
888 626 1021 702 rogabis.

163 714 285 774 Perfert
309 712 367 773 erit
378 714 464 772 luero
479 710 582 786 lingua
595 718 713 770 retenta
727 720 789 771 tuo.

116 799 166 859 Tu
182 812 324 873 quoque,
349 795 402 871 qui
417 810 541 855 eausam
556 794 632 854 finiti
647 794 752 855 reddis
768 794 890 865 amoris,

163 881 275 957 Deque
289 887 343 941 tua
357 879 480 940 domina
496 879 588 938 multa
603 879 760 956 querenda
773 879 880 952 rulers,

53 974 104 1029 645
115 966 217 1025 Parce
232 964 331 1039 queri.
352 963 462 1023 melius
479 962 525 1021 sie
540 962 689 1022 ulciscere
701 962 843 1036 tacendo,

164 1052 246 1109 Dum
260 1046 425 1108 desideriis
440 1045 546 1106 ellluat
558 1045 610 1106 illa
623 1046 694 1106 tuis.

118 1133 159 1194 Et
173 1132 279 1191 malim
292 1138 414 1203 taeeas,
436 1146 528 1204 quarn
541 1136 572 1189 te
588 1129 711 1189 desisse
727 1130 880 1204 lanuarias

164 1216 224 1290 Qui
238 1215 364 1274 nimium
378 1213 480 1273 multis
494 1216 569 1272 ‘non
584 1216 667 1272 amo’
683 1212 771 1288 dieit,
791 1220 880 1273 amat

120 1299 188 1361 Sed
203 1299 331 1359 meliore
344 1297 407 1358 llde
421 1296 564 1371 paulatim
579 1296 765 1371 extinguitur
779 1296 867 1371 ignis,

53 1393 107 1448 ano
163 1383 262 1457 Quam
276 1380 387 1442 subito.
409 1383 490 1440 lente
506 1380 630 1452 desino,
651 1388 734 1441 tutus
750 1380 821 1440 eris.

118 1466 263 1527 Flumine
276 1473 426 1540 perpetuo
440 1471 561 1525 torrens
576 1463 658 1524 solet
670 1464 772 1524 aerius
786 1465 846 1523 ire:

165 1549 231 1611 Sed
246 1556 347 1608 tamen
360 1549 439 1608 haee
452 1548 556 1607 brevis
572 1554 633 1622 est,
655 1549 706 1607 illa
722 1549 864 1623 perennis
878 1562 967 1622 aqua.

119 1634 235 1707 Fallat,
257 1640 288 1692 et
300 1634 332 1691 in
346 1640 454 1693 tenuas
469 1631 619 1690 evanidus
635 1639 725 1691 exeat
740 1648 840 1706 auras,

163 1718 286 1790 Perque
298 1716 414 1789 gradus
431 1716 540 1776 molles
555 1715 719 1775 emoriatur
733 1731 827 1776 amor.

57 1812 109 1865 655
121 1802 186 1863 Sed
206 1800 300 1860 modo
316 1798 456 1859 dilectam
472 1800 574 1859 scelus
589 1805 638 1858 ost
652 1799 758 1859 odisse
773 1800 914 1874 puellam.

164 1884 277 1944 Exitus
292 1880 423 1957 ingeniis
437 1880 582 1942 convenit
594 1882 654 1943 lete
668 1884 752 1943 leris.

120 1970 192 2029 Non
209 1982 318 2026 curare
332 1971 380 2026 sat
394 1973 450 2026 est.
473 1964 545 2026 odio
561 1966 614 2040 qui
627 1966 694 2025 linit
708 1973 852 2036 amorem,

166 2054 231 2110 Aut
244 2057 339 2123 amat,
362 2056 414 2109 aut
428 2064 520 2124 aegre
534 2049 656 2109 desinet
670 2064 742 2110 esso
757 2049 860 2108 miser.

123 2137 227 2209 tinne
244 2134 338 2193 viret
350 2132 471 2206 mulier,
493 2132 586 2193 iuneti
602 2134 712 2206 modo,
735 2132 873 2206 protinus
890 2133 1008 2193 hostes.

59 2230 113 2285 ooo
165 2218 234 2277 Non
249 2216 318 2277 illas
333 2217 401 2276 lites
415 2217 534 2292 Appias
550 2217 621 2291 ipsa
636 2217 754 2292 probat.

123 2301 228 2377 Saepe
242 2316 314 2361 reas
328 2300 455 2373 iaciunt,
476 2308 507 2360 et
519 2305 633 2360 ornant.
662 2300 722 2362 Ubi
736 2300 820 2359 nulla
834 2301 972 2360 simultas

168 2384 292 2459 Incidit,
314 2384 468 2444 admonitu
483 2383 560 2443 liber
572 2385 695 2444 aberrat
707 2399 802 2443 amor.

123 2470 217 2530 Forte
232 2468 357 2528 aderam
371 2468 484 2528 iuvant.
505 2467 660 2527 dominam
677 2468 786 2528 lectica
799 2468 936 2528 tenebat:

168 2551 341 2612 Horrebant
355 2551 459 2613 saevis
479 2551 580 2612 omnia
593 2551 689 2611 verba
703 2551 804 2612 minis.

60 2637 250 2711 ostiamque
264 2635 431 2696 vadaturus
448 2634 571 2696 ‘leetiea
585 2635 727 2710 prodeat’
745 2635 851 2710 inquit.

167 2719 335 2780 Prodierat.
356 2718 425 2778 visa
441 2719 572 2793 coniuge
586 2726 778 2790 mutusarat.

123 2805 164 2864 Et
176 2819 287 2863 manos
301 2810 332 2864 et
344 2802 486 2863 manibus
500 2803 642 2878 duplicas
657 2803 798 2864 eeeidere
811 2804 950 2875 tabellae,

167 2887 260 2947 Venit
273 2885 305 2946 in
320 2889 496 2962 ampiexus,
517 2895 610 2961 atque
627 2888 669 2945 ita
681 2887 807 2947 ‘vineis’
824 2887 874 2946 ait.

50 3007 83 3015 -
125 2971 231 3032 Tutius
246 2976 295 3030 est
308 2978 474 3046 aptumque
487 2972 601 3045 magis,
627 2971 788 3031 discedere
801 2985 890 3046 paee,

57 3096 68 3100 >
85 3062 137 3119 olo
166 3055 230 3115 Nee
244 3062 351 3128 petere
364 3071 383 3113 a
395 3053 537 3114 thalamis
552 3053 685 3128 litigiosa
700 3055 775 3114 lora.

125 3139 253 3199 Munera
271 3153 350 3213 quae
365 3138 511 3210 dederas,
533 3138 646 3197 habeat
660 3138 726 3198 sine
743 3139 810 3211 lite,
833 3137 952 3197 iubeto:

167 3222 250 3281 Esse
263 3223 363 3281 solent
376 3237 487 3296 magno
502 3222 614 3282 damna
629 3223 747 3282 minora
759 3222 852 3282 bono.

126 3304 257 3380 Quodsi
272 3321 330 3365 vos
345 3305 457 3381 aliquis
474 3321 566 3365 easua
582 3306 734 3366 condueet
748 3306 776 3366 in
792 3322 896 3374 unum,

167 3388 271 3449 Mente
289 3404 405 3448 mernor
419 3395 483 3448 tota
498 3404 576 3462 quae
591 3389 699 3449 damus
714 3405 814 3463 arma,
837 3396 918 3448 tene.

62 3482 113 3538 675
124 3473 212 3533 Nune
226 3488 306 3548 opus
321 3480 368 3534 est
381 3472 484 3532 armis.
506 3472 570 3545 hio,
593 3489 611 3532 ο
628 3473 807 3541 lenissime,
832 3488 950 3547 pugna:

168 3556 330 3617 Vincenda
345 3564 392 3617 est
405 3557 466 3616 telo
481 3555 674 3616 Penthesilea
689 3562 751 3615 tuo.
