2467 4042
192 229 257 294 343
598 230 793 283 eserenon

324 393 431 472 Fitque
454 396 500 455 sui
523 401 585 455 toto
608 401 730 474 pectore
752 392 840 473 plena
863 393 930 455 dei.

278 481 334 543 Vix
355 481 435 543 illam
458 481 557 543 subito
580 498 684 560 posses
707 498 911 563 cognoscere,
935 490 1026 544 tanto

214 581 266 631 nto
326 569 462 631 Sanctior
486 579 516 631 et
538 576 642 649 tanto,
665 586 754 647 quam
777 569 887 649 modo,
910 571 1014 630 maior
1037 581 1123 634 erat.

280 652 384 718 ‘Laeta
407 674 529 719 canam.
569 656 686 736 gaude,
708 657 847 718 defuncta
870 656 1029 719 laboribus
1055 655 1142 721 lno!'

322 744 402 807 Dixit
424 741 472 806 ‘et
492 744 563 806 huic
585 744 695 825 populo
718 761 861 824 prospera
884 763 1008 825 semper
1033 746 1122 808 ades!

278 832 395 894 Numen
417 835 477 893 eris
499 832 615 912 pelagi.
659 838 762 893 natum
785 849 904 912 qnoque
927 842 1049 912 pontus
1073 833 1186 897 habebit.

322 921 357 982 ln
379 923 486 982 vestris
509 920 587 980 aliud
610 922 719 981 sumite
741 938 850 981 nomen
874 923 981 1000 aquis:

212 1007 444 1070 archemorum
468 1007 575 1091 Grais,
597 1004 708 1068 Matuta
731 1007 873 1069 vocabere
895 1010 1031 1071 nostris:

321 1095 356 1157 ln
378 1105 484 1177 portus
506 1104 575 1156 nato
597 1098 645 1156 ius
667 1098 726 1157 erit
747 1114 834 1158 mnne
856 1104 927 1176 tuo,

279 1184 373 1255 Quem
395 1201 450 1244 nos
472 1183 659 1263 Portunum,
683 1201 736 1244 sua
757 1183 857 1263 lingua
878 1183 1064 1247 Palaemona
1088 1187 1172 1249 dicet.

322 1271 367 1333 lte
379 1317 389 1352 ,
411 1289 541 1351 precor,
563 1274 675 1332 nostris
698 1289 810 1351 aequus
833 1280 961 1352 uterque
985 1271 1102 1336 locisl'

224 1414 231 1425 .
277 1359 451 1435 innuerat,
473 1361 620 1438 promissa
642 1359 737 1420 fides.
778 1374 906 1439 posuere
929 1359 1074 1424 labores:

213 1458 264 1511 550
322 1445 447 1508 Nomina
470 1454 644 1509 mutarunt.
686 1447 735 1508 hic
758 1446 853 1529 deus,
875 1447 923 1508 illa
946 1447 1004 1509 dea
1028 1458 1097 1511 est.

278 1535 339 1596 Cur
361 1543 441 1596 vetet
464 1535 583 1596 ancillas
606 1534 770 1615 accedere,
794 1532 969 1614 quaeritis?
1001 1537 1088 1600 odit:

321 1622 564 1703 Principiumque
587 1622 670 1704 odii,
693 1624 719 1684 si
741 1624 819 1684 sinat
839 1622 910 1702 illa,
933 1640 1061 1686 canam.

278 1709 341 1771 Una
365 1712 567 1772 ministrarum
590 1711 676 1772 solita
699 1719 766 1791 est,
789 1710 930 1791 Cadmei,
952 1719 1082 1774 tuarum

323 1798 416 1878 Saepe
440 1798 496 1859 sub
519 1798 671 1878 amplexus
693 1801 828 1878 coniugis
850 1800 894 1859 ire
917 1801 979 1860 tui.

213 1897 265 1947 con
278 1885 436 1966 lmprobus
457 1886 534 1947 hanc
556 1885 695 1947 Athamas
718 1886 821 1947 lurtim
845 1885 967 1946 dilexit.
1010 1887 1052 1948 ah
1075 1887 1125 1950 illa

323 1973 473 2053 Comperit
495 1973 633 2054 agricolis
655 1975 768 2035 semina
789 1981 867 2034 tosta
890 1973 971 2035 dari.

279 2061 345 2141 lpsa
367 2062 487 2140 quidem
509 2062 616 2123 iecisse
639 2070 727 2141 negat
739 2108 748 2142 ,
772 2061 825 2123 scd
847 2062 922 2123 lama
943 2065 1085 2142 recepit.
1163 2097 1193 2108 -

323 2149 386 2210 lloc
410 2157 477 2231 est,
500 2167 554 2210 cur
577 2149 645 2210 odio
669 2151 708 2210 sit
730 2149 785 2210 tibi
807 2166 891 2211 serva
914 2166 1040 2211 manns.

278 2237 344 2298 Non
367 2245 466 2298 tamen
489 2237 564 2298 hanc
586 2255 641 2317 pro
665 2238 758 2317 stirpe
780 2255 834 2298 sua
855 2239 905 2318 pia
926 2245 1022 2300 mater
1049 2239 1173 2302 adoret.

214 2337 266 2387 560
324 2324 390 2404 lpsa
413 2342 518 2405 parum
541 2325 610 2386 felix
633 2327 694 2386 risa
716 2324 808 2385 luisse
831 2342 955 2404 parcns.

278 2411 408 2474 Alterius
431 2413 545 2493 prolem
567 2412 674 2475 melius
697 2412 872 2474 mandabitis
894 2412 954 2473 illi.
978 2482 981 2487 ,

324 2499 430 2562 Utilior
452 2500 590 2581 Baccho,
613 2518 702 2580 quam
723 2501 781 2561 luit
802 2503 865 2581 ipsa
889 2503 968 2561 suis.

279 2587 361 2650 Hanc
384 2588 461 2669 tibi,
484 2584 559 2668 ‘quo
582 2605 726 2668 properas
739 2583 771 2648 i'
795 2596 960 2649 memorant
982 2587 1120 2674 dixisse,

824 2675 935 2758 Rutili,

323 2758 419 2826 ‘Luce
442 2782 507 2826 mea
529 2765 627 2825 llarso
650 2764 754 2826 consul
777 2763 813 2825 ab
836 2763 921 2825 hoste
944 2764 1034 2825 cades
1045 2761 1071 2827 .’

213 2863 265 2914 noe
279 2851 384 2914 Exitus
407 2854 533 2914 accessit
554 2852 676 2935 verbis,
697 2852 867 2931 flumenque
890 2850 996 2913 Toleni

323 2940 512 3021 Purpureum
534 2943 635 3002 mixtis
658 2942 800 3019 sanguine
821 2939 909 3000 fluxit
929 2942 1033 3018 aquis.

278 3028 435 3090 Proximus
458 3046 553 3089 annus
576 3036 662 3090 erat:
693 3027 855 3089 Pallantide
878 3044 983 3088 caesus
1006 3028 1115 3091 eadem

322 3115 426 3178 Didius
449 3117 572 3178 hostiles
594 3117 785 3197 ingeminavit
807 3133 896 3195 opes.

278 3202 343 3265 Lux
366 3205 489 3286 eadem,
509 3204 662 3285 Fortuna,
683 3211 825 3285 tuaest,
848 3210 1012 3282 auctorque
1033 3203 1200 3288 locusque.

214 3303 265 3353 5⁷0
324 3291 384 3353 Sed
406 3293 613 3373 superiniectis
637 3293 704 3372 quis
725 3291 797 3353 latet
819 3292 876 3353 istc
898 3287 1003 3371 togis?

281 3379 401 3441 Servios
424 3389 491 3462 est3
514 3389 545 3442 ot
567 3387 683 3442 constat
705 3381 805 3440 enlm.
846 3379 900 3440 sed
922 3396 1011 3440 causa
1032 3379 1157 3444 latendi

323 3465 478 3545 Discrepat
489 3513 499 3547 ,
522 3476 553 3528 et
574 3468 698 3529 dubium
720 3484 768 3527 me
791 3484 910 3546 quoque
932 3468 1042 3528 mentis
1066 3468 1182 3532 habet.

279 3550 356 3613 Dum
379 3553 433 3613 dea
455 3554 580 3615 furtivos
602 3554 706 3616 timide
727 3555 885 3633 profitetur
907 3571 1041 3636 amores,
