2467 4042
458 252 480 303 1.
500 254 649 305 rou-316.
995 248 1059 314 221

72 415 201 488 Ι030101
224 422 309 496 erat,
333 423 363 476 et
385 416 477 476 vestri
489 462 498 497 ,
522 414 723 496 Germanice,
746 432 835 477 causa
857 415 1020 497 triumphi,

185 502 361 565 Tradiderat
382 502 505 564 famulas
528 505 585 564 iam
611 503 665 563 tibi
679 502 809 583 “Rhenus
832 521 940 583 aquas.

141 592 233 673 lane,
255 592 301 653 lac
324 598 462 652 aeternos
484 609 586 670 pacem
610 594 751 671 pacisque
774 594 943 673 ministros,

185 678 265 741 Neve
289 697 398 760 suum,
420 689 560 759 praesta,
584 678 702 740 deserat
725 689 829 741 auctor
851 698 943 759 opus.

142 767 228 839 Quod
251 776 349 829 tamen
372 785 409 829 ex
431 770 506 846 ipsis
528 768 613 829 licuit
636 767 708 828 mibi
730 768 846 829 discere
869 770 970 851 lastis,

76 871 128 920 290
187 855 346 917 Sacravere
369 863 469 937 patres
492 857 547 917 bac
570 856 630 917 duo
652 855 761 936 templa
784 857 850 919 die.

141 945 265 1025 Accepit
287 944 405 1005 Pboebo
428 944 615 1025 nymphaque
640 944 785 1006 Coronide
810 953 910 1007 natum

186 1032 285 1094 lusula
297 1081 309 1115 ,
330 1032 447 1094 dividua
470 1051 559 1113 quam
581 1036 690 1113 premit
712 1034 807 1095 amnis
830 1052 922 1113 aqua:

141 1121 275 1201 luppiter
297 1124 328 1182 in
351 1130 435 1201 parte
459 1129 526 1182 est.
550 1124 630 1202 cepit
652 1121 736 1183 locus
759 1140 837 1184 unus
861 1130 1021 1202 utrumque

185 1209 348 1291 iunctaque
371 1218 443 1272 sunt
465 1227 571 1290 magno
595 1209 704 1290 templa
727 1213 844 1291 nepotis
867 1228 939 1273 avo.

346 1365 376 1429 2.
399 1364 458 1429 BF
503 1365 533 1429 3.
557 1363 615 1430 OC
659 1364 690 1429 4.
713 1364 774 1431 Dc

77 1490 314 1562 concuterent
333 1497 363 1551 et
386 1489 486 1551 stellas
497 1538 506 1571 ‚
529 1498 563 1550 ut
582 1508 717 1570 quaeque
736 1493 891 1571 oriturque
911 1492 1047 1574 caditque
1053 1540 1062 1573 ,

187 1574 324 1640 Dicere?
353 1580 492 1657 promissi
514 1596 583 1657 pars
607 1586 666 1639 stet
689 1587 719 1640 et
740 1582 806 1659 ipsa
828 1582 904 1641 mei.

144 1666 257 1728 Felices
280 1669 416 1747 animae,
440 1664 549 1746 quibus
572 1666 645 1728 haec
669 1685 848 1748 cognoscere
871 1670 975 1748 primis

187 1754 280 1833 lnque
303 1754 410 1816 domus
433 1772 556 1835 superas
580 1755 723 1817 scandere
747 1773 819 1817 cura
842 1756 915 1819 luit!

144 1842 291 1905 Credibile
315 1854 361 1904 est
382 1842 448 1905 illos
471 1846 583 1924 pariter
605 1846 744 1923 vitiisque
766 1844 900 1924 locisque

78 1945 131 1994 300
188 1931 285 1993 Altius
308 1931 444 1992 humanis
468 1934 620 1994 exeruisse
644 1941 749 2012 eaput.

143 2019 210 2081 Non
233 2019 333 2081 Venus
355 2027 386 2080 ct
408 2022 509 2081 viuum
532 2019 668 2082 sublimia
691 2029 812 2100 pectora
834 2022 940 2104 lregit,

189 2107 363 2170 Officiumve
387 2109 466 2189 fori,
488 2108 646 2169 militiaeve
669 2109 771 2192 labor;
810 2160 815 2164 .

144 2196 206 2258 Nec
229 2197 302 2258 levis
325 2195 445 2258 ambitio
467 2198 648 2276 perfusaque
671 2196 764 2277 gloria
787 2198 855 2260 luco

188 2283 419 2365 Magnarumquc
443 2285 534 2346 fames
558 2285 725 2346 sollicitavit
747 2304 853 2365 opum.

78 2384 130 2435 300
144 2365 308 2433 A'dmoverc
332 2372 426 2433 oeulis
449 2371 587 2434 distantia
611 2373 708 2434 sidera
730 2378 861 2455 nostris,

190 2460 376 2539 Aetheraque
399 2461 518 2539 iugenio
542 2479 727 2542 supposuere
751 2481 823 2523 suo.

147 2548 196 2610 Sic
219 2545 331 2629 petitur
354 2548 491 2612 eaelum:
521 2567 580 2610 non
604 2558 639 2611 ut
661 2551 737 2611 ferat
759 2549 855 2612 Ossan
878 2549 1037 2633 Olympus,
1110 2626 1113 2633 ι

189 2636 315 2716 lpsaquc
337 2636 473 2699 Peliacus
496 2639 594 2699 sidera
616 2646 717 2717 tangat
740 2657 830 2719 apex.

144 2725 205 2786 Nos
229 2744 348 2806 quoque
371 2725 428 2787 sub
450 2726 577 2788 ducibus
601 2727 715 2788 caelum
738 2728 915 2790 metabimur
938 2729 1013 2804 illis,

77 2827 131 2877 310
189 2814 396 2894 Ponemusque
421 2833 491 2877 suos
514 2816 549 2877 ad
574 2833 646 2895 vaga
669 2819 751 2897 signa
775 2807 867 2878 dies.⁴

144 2902 223 2981 Ergo
247 2903 298 2964 ubi
321 2921 380 2964 nox
403 2905 497 2965 aderit
521 2906 655 2966 venturis
678 2908 766 2967 tertia
789 2904 899 2987 Nonis,

189 2991 356 3070 Sparsaque
381 2992 503 3054 caelesti
525 3010 593 3053 rore
618 2991 748 3055 madebit
770 2995 897 3074 humus,

146 3077 297 3156 Octipedis
321 3079 431 3139 frustra
455 3089 637 3159 quaerentur
660 3080 780 3141 brachia
804 3080 928 3142 Cancri:

190 3165 336 3244 Praeceps
360 3166 498 3227 occiduas
520 3166 570 3227 ille
593 3167 704 3228 subivit
727 3186 834 3248 aquas.

77 3265 131 3315 310
145 3251 313 3314 Institerint
336 3252 459 3336 Nouae,
483 3256 566 3315 missi
588 3254 644 3314 tibi
668 3254 797 3316 nubibus
820 3258 892 3316 atris

190 3340 278 3422 Signa
302 3340 414 3402 dabunt
436 3341 570 3422 imbres,
594 3344 746 3404 exoriente
769 3343 861 3423 Lyra.
