2467 4042
203 171 267 237 192
607 168 795 221 meone

245 351 277 398 to
335 334 400 396 Non
423 343 471 396 est
491 335 626 413 Augusto
647 334 778 394 umnec
799 332 859 394 ulla
880 334 963 394 ioro.

291 420 1210 508 Siquis,utinpopulo‚quisitisetunde‚requiree,

336 511 460 573 Nomina
483 510 605 590 decepta
628 508 777 589 quaeliim
798 528 870 570 aure
892 510 987 572 ierat.

290 599 328 662 {a
351 602 391 662 sit
413 601 492 661 enim
515 607 613 660 tntum
626 645 637 678 ,
658 599 738 658 siout
759 615 829 658 reor
850 617 939 677 esse,
962 600 1077 683 lateri,

334 686 431 748 Verba
454 689 551 749 minus
575 698 656 748 oerte
679 686 748 747 fieta
769 687 885 747 timoris
906 685 1039 750 habeut.

245 789 277 839 ts
291 777 381 857 Copia
404 793 459 837 neo
483 774 566 836 robis
588 773 670 835 nullo
692 772 868 854 prohibente
891 775 1011 836 ridendi

335 863 495 944 Consulis,
518 871 552 925 ut
574 862 664 924 limen
686 864 894 942 contigeritis,
917 866 993 924 erit.

290 954 350 1015 Aut
372 960 456 1032 reget
478 951 526 1013 ille
550 969 621 1012 suos
644 949 769 1012 dicendo
791 953 858 1012 iura
880 950 1042 1034 Quirites,

336 1039 536 1121 Conspicuum
559 1042 652 1119 signis
675 1058 743 1101 eum
765 1048 882 1118 premet
903 1038 982 1101 altus
1005 1041 1111 1106 ebur:

291 1130 350 1191 int
371 1127 474 1208 populi
496 1127 609 1190 reditus
632 1131 758 1207 positam
780 1137 938 1206 componet
960 1128 997 1188 ad
1023 1129 1170 1214 matam,

243 1227 277 1279 to
334 1215 373 1278 Et
395 1218 488 1278 minui
510 1234 633 1296 magnae
656 1234 715 1277 non
739 1217 816 1276 sinet
838 1214 927 1276 Urbis
949 1234 1046 1296 opes:

291 1305 350 1366 int
361 1352 371 1386 ‚
394 1303 445 1366 ubl
469 1313 558 1367 erunt
579 1313 679 1385 patres
701 1302 829 1364 inludia
852 1303 960 1382 templa
984 1310 1109 1389 vocati,

293 1463 300 1476 ,
334 1391 377 1454 lle
400 1401 482 1455 tanto
505 1392 602 1473 dignis
626 1391 746 1454 consule
769 1391 861 1453 rebus
883 1401 967 1470 aget:

291 1481 350 1542 dut
372 1481 449 1543 ieret
471 1482 604 1561 Augusto
628 1481 743 1542 solitam
766 1489 895 1561 natoque
918 1479 1068 1565 salutem,

335 1568 437 1649 Deque
460 1587 564 1648 parum
587 1579 658 1631 noto
682 1568 818 1631 consulet
840 1569 953 1630 officio.

243 1669 276 1718 ut
291 1657 421 1738 Tempus
444 1657 480 1719 ab
503 1657 550 1719 his
570 1675 694 1719 vaenum
713 1656 820 1719 Caesar
839 1657 1033 1719 Germanicus
1054 1678 1152 1724 omne
1167 1677 1214 1722 tint

335 1747 479 1807 Auferet.
521 1763 537 1807 a
560 1748 674 1825 magnis
696 1745 776 1807 hune
800 1744 870 1807 colit
891 1745 940 1805 ille
963 1745 1048 1807 deis.

291 1833 365 1896 (itum
389 1842 526 1896 tamena
550 1834 636 1896 turba
660 1849 761 1895 rerum
783 1835 963 1913 requieverit
985 1834 1122 1921 harum,

335 1920 378 1983 id
401 1941 453 1984 ros
476 1930 645 1984 mansuetas
668 1924 801 2001 porriget
823 1921 872 1983 ille
895 1939 1017 2002 manus,

291 2009 428 2090 Quidque
450 2028 559 2092 pareus
583 2029 636 2091 ego
660 2019 757 2072 vester
780 2028 863 2090 agam
876 2056 885 2090 ,
908 2009 1036 2071 sortasse
1060 2018 1209 2095 requiret.

243 2110 277 2160 eo
336 2096 415 2160 Talia
439 2116 491 2160 vos
515 2098 557 2160 illi
579 2098 706 2160 reddere
729 2097 818 2159 verba
841 2097 922 2158 volo:

292 2181 383 2249 ‘Vivit
406 2187 502 2249 adhue
526 2190 673 2267 vitamque
696 2185 751 2249 tibi
773 2184 881 2247 debere
904 2185 1033 2267 fatetur,

335 2274 429 2345 Quam
452 2277 535 2356 prius
558 2292 574 2336 a
598 2276 662 2336 mili
685 2273 809 2337 Caesare
833 2291 942 2336 munus
963 2274 1075 2338 habeta

291 2361 333 2424 Te
356 2362 434 2444 sibi,
458 2381 525 2425 oum
549 2363 687 2442 lugeret,
711 2364 835 2424 memori
857 2361 931 2425 solet
954 2380 1006 2423 ure
1031 2364 1154 2429 reierre

336 2449 491 2513 Barbariae
515 2460 594 2514 tutas
618 2449 787 2512 exhibuisse
810 2452 889 2512 vias:
930 2503 940 2521 .

243 2551 276 2600 st
292 2537 440 2619 Sanguine
464 2538 629 2601 Bistonium
654 2539 733 2619 quod
755 2557 815 2600 non
838 2540 1012 2619 tepefecerit
1035 2558 1163 2623 ensem,

335 2626 478 2690 Eliectunr
502 2646 574 2690 eura
596 2630 727 2708 pectoris
750 2645 815 2688 esse
839 2628 900 2689 tui:

291 2713 395 2778 Addita
418 2726 572 2796 praeterea
595 2718 671 2778 vilae
696 2733 812 2797 quoque
836 2715 927 2778 multa
951 2713 1080 2778 tuendae

335 2803 478 2884 Munera,
502 2822 539 2866 ue
560 2806 697 2884 proprias
721 2812 887 2865 attenuaret
910 2822 998 2884 opes.

184 2957 187 2966 ,
292 2891 348 2954 Pro
372 2890 480 2971 quibus
503 2900 538 2953 ut
560 2894 674 2954 meritis
697 2892 845 2954 referatur
867 2895 983 2972 gratia,
1005 2894 1086 2954 iurat

241 2991 275 3043 to
335 2979 373 3043 Se
397 2981 460 3042 iore
477 2982 623 3061 mancipii
646 2990 763 3060 tempus
785 2982 817 3042 in
840 2999 927 3042 omne
950 2982 1011 3042 tui.

290 3067 362 3131 Nam
384 3070 469 3149 prius
491 3069 632 3131 umbrosa
655 3071 801 3131 carituros
824 3067 930 3130 arbore
954 3076 1089 3149 montes,

334 3156 371 3219 Et
393 3159 468 3220 ireta
491 3157 629 3220 velivolas
653 3175 712 3219 non
735 3156 871 3218 habitura
894 3164 990 3237 rates,

290 3244 481 3326 Flrrmiuaque
504 3247 655 3308 inientes
678 3263 768 3308 cursu
791 3244 923 3308 reditura
946 3247 1071 3326 supino,

333 3333 432 3396 Gratia
456 3352 544 3415 quam
567 3336 666 3396 meriti
688 3335 784 3414 possit
806 3333 889 3395 abire
912 3328 989 3396 tui.'

240 3433 274 3481 te
290 3419 368 3482 ilaec
392 3421 442 3483 ubi
466 3422 623 3504 dixeritis,
646 3432 744 3484 servet
768 3439 820 3483 sua
844 3422 920 3484 dona
933 3470 942 3503 ‚
965 3429 1085 3500 rogate.

335 3507 384 3569 Sio
408 3510 498 3571 luerit
521 3520 637 3571 restrae
661 3528 749 3571 causa
771 3519 891 3589 peracta
914 3512 993 3572 viae.
