2467 4042
411 236 447 287 H.
466 247 506 288 111
520 237 642 287 51-m1
656 238 698 286 20.

138 398 220 461 Inter
244 399 414 459 contessum
437 397 527 459 dubie
550 396 700 476 dubieque
722 403 880 475 negantem

183 486 370 567 Haerebam‚
393 486 513 565 pavidas
535 484 623 546 dante
646 487 753 546 timore
777 491 880 562 notas,

139 575 342 655 Exemploque
366 576 464 654 nivis,
488 591 577 653 mam
599 572 695 633 mollit
717 573 873 651 aquaticus
896 575 1016 652 auster,

91 676 126 727 90
186 664 275 725 Gutta
297 680 352 742 per
375 665 515 723 attonitas
537 661 600 722 ibat
622 660 726 721 oborta
749 677 857 739 genas.

140 750 220 813 llaec
243 753 335 831 igitur
357 752 492 812 relerens
515 759 546 811 et
568 749 648 828 quod
671 765 736 809 mea
759 749 884 809 crimina
906 748 996 828 primi

185 839 306 901 Erroris
328 841 413 900 venia
436 855 524 917 posse
547 837 640 898 latere
663 836 763 917 vides,

141 929 277 1007 Respicis
300 929 456 1006 antiquum
478 926 565 987 lassis
587 928 619 985 in
641 924 732 986 rebus
756 927 903 1005 amicum,

186 1016 398 1095 Fomentisque
421 1017 505 1075 iuvas
527 1014 650 1075 vulnera
671 1021 774 1074 nostra
797 1015 877 1075 tuiS.

92 1116 127 1168 95
141 1105 199 1167 Pro
223 1104 332 1184 quibus
355 1103 477 1182 optandi
499 1105 526 1163 si
548 1101 635 1163 nobis
658 1103 743 1179 copia
766 1102 834 1181 fiat,

185 1193 259 1254 Tam
281 1192 358 1254 bene
381 1193 543 1271 promerito
567 1189 720 1252 commoda
743 1189 822 1250 mille
846 1206 969 1269 precor.

144 1281 203 1342 Sed
228 1283 255 1342 si
277 1281 339 1341 sola
361 1280 434 1340 mihi
457 1280 566 1340 dentur
589 1286 641 1340 tua
663 1285 753 1358 vota,
775 1277 938 1358 precabor,

130 1429 133 1434 ,
187 1367 227 1430 Ut
249 1368 307 1429 tibi
329 1372 370 1429 sit
392 1368 471 1429 salvo
495 1367 620 1428 Caesare
644 1366 721 1428 salva
745 1384 869 1445 parens.

144 1456 223 1518 Haec
247 1473 325 1537 ego,
347 1473 417 1517 cum
439 1456 554 1516 laceres
577 1456 680 1517 altaria
702 1456 824 1534 pinguia
846 1462 932 1534 ture,

79 1559 130 1609 100
188 1544 231 1607 Te
254 1543 374 1607 solitum
397 1546 521 1605 memini
542 1546 639 1623 prima
662 1560 766 1623 rogare
790 1542 879 1603 deos.

516 1738 597 1811 IIII.

144 1898 254 1977 Accipe
277 1897 468 1977 conloquium
491 1896 587 1977 gelido
610 1895 737 1957 Nasonis
760 1894 796 1957 ab
819 1894 938 1976 Histro,

189 1987 305 2061 Attice,
331 1987 443 2048 iudicio
465 2004 527 2046 nou
550 1984 711 2046 dubitande
734 2002 819 2049 meo.

144 2074 261 2155 Ecquid
284 2075 380 2137 adhuc
403 2091 541 2135 remanes
564 2091 678 2134 memor
701 2074 829 2134 infelicis
851 2074 956 2148 amici,

189 2164 306 2225 Deserit
329 2182 366 2226 an
389 2165 483 2243 partis
506 2161 644 2241 languida
667 2179 738 2234 cura
762 2158 857 2224 suas?

119 2251 216 2315 tNon
238 2254 279 2313 ita
302 2253 333 2313 di
355 2252 428 2312 mihi
451 2259 522 2312 sunt
544 2253 669 2331 tristes,
690 2259 726 2311 ut
747 2249 871 2311 credere
894 2250 1007 2329 possim
1025 2261 1068 2315 (49)

190 2340 307 2419 Fasque
329 2348 432 2421 putem
455 2342 514 2401 iam
536 2346 567 2400 te
590 2357 651 2399 non
673 2340 843 2399 meminisse
868 2341 944 2399 mei.

145 2429 222 2490 Ante
245 2427 349 2490 oculos
371 2437 491 2490 nostros
514 2435 565 2488 tua
588 2445 690 2507 nunc,
713 2435 765 2487 tua
787 2442 906 2506 semper
928 2428 1042 2508 imago,

191 2515 230 2577 Et
252 2515 354 2577 videor
377 2517 477 2578 vultus
499 2524 599 2577 mente
623 2515 724 2576 videre
747 2521 834 2577 tuos.

149 2604 233 2666 Seria
255 2604 347 2667 multa
370 2604 444 2666 mihi
466 2613 566 2666 tecum
590 2603 705 2665 conlata
727 2604 888 2687 recordor,

101 2705 134 2757 10
192 2692 254 2755 Nec
277 2694 345 2755 data
367 2694 504 2755 iocundis
527 2703 662 2773 tempora
684 2710 779 2773 pauca
801 2694 891 2754 iocis.

148 2781 243 2862 Saepe
266 2785 342 2844 citae
364 2783 461 2862 longis
484 2784 564 2843 visae
588 2781 776 2843 sermonibus
799 2782 911 2862 horae,

192 2871 287 2952 Saepe
310 2872 367 2934 luit
389 2872 531 2950 brevior,
554 2889 644 2950 quarn
666 2888 732 2932 mea
754 2869 866 2951 verba,
890 2869 972 2930 dies.

149 2958 244 3037 Saepe
266 2968 334 3021 tuas
357 2962 438 3020 venit
461 2959 573 3020 lactum
594 2959 683 3019 modo
707 2977 826 3020 carmen
850 2958 886 3019 ad
910 2958 991 3017 auris

192 3045 230 3107 Et
253 3064 329 3108 nova
350 3047 461 3108 iudicio
485 3045 603 3106 subdita
625 3047 709 3108 lllusa
731 3056 784 3107 tuo
808 3055 871 3107 est.

102 3145 135 3195 15
149 3134 235 3205 Quod
258 3142 292 3195 tu
315 3135 474 3212 laudares,
497 3133 607 3212 populo
629 3134 778 3213 placuisse
801 3132 960 3215 putabam.

192 3220 256 3284 lloc
278 3225 410 3302 pretium
432 3238 522 3283 curae
545 3220 631 3281 dulce
655 3223 785 3282 recentis
808 3229 889 3283 erat.

148 3310 246 3390 thue
269 3329 355 3372 meus
378 3310 447 3371 lima
469 3326 556 3371 rasus
578 3308 655 3370 liber
678 3317 759 3370 esset
780 3312 885 3390 amici,

191 3398 259 3461 Non
282 3399 376 3462 semel
398 3398 549 3461 admonitu
574 3398 651 3460 facta
674 3398 763 3460 litura
786 3406 838 3460 tuo
862 3406 925 3459 est.

148 3487 296 3551 Nestora
319 3489 458 3552 viderunt
479 3489 615 3569 pariter,
638 3506 693 3549 nos
716 3490 849 3566 porticus
873 3487 987 3566 omnis,

99 3590 134 3639 20
191 3576 253 3639 Nos
275 3579 344 3657 via,
366 3596 421 3640 nos
444 3578 555 3639 iunctis
579 3595 670 3639 curva
692 3576 807 3639 theatra
829 3577 920 3639 loeis.
1026 3595 1028 3599 ·
