2467 4042
156 326 219 393 250
536 325 708 387 REMED.
731 326 805 386 AM.

240 480 394 540 Enervant
407 477 526 538 animos
544 478 678 538 citharae
694 478 837 552 lotosque
851 467 999 555 lyraeque

283 563 320 623 iit
334 578 397 622 vox
412 569 442 622 et
457 561 590 623 numeris
605 560 730 622 brachia
744 569 826 621 mota
841 562 917 623 suis.

181 648 305 710 77711177
319 645 449 706 adsidue
464 644 525 706 iicti
540 646 855 705 saltantnramantese

284 730 362 805 Quid
377 744 505 801 caveas,
529 735 629 802 actor,
650 727 722 803 quid
738 728 834 803 iuvet,
857 736 922 788 arte
937 729 1038 789 docet

241 815 377 889 Eloquar
390 810 513 874 invitus.
534 819 659 873 teneros
677 828 716 872 ne
730 819 821 887 tanga
836 820 960 888 poetas!

284 896 470 958 Summoveo
487 897 575 956 dotes
591 895 690 971 ipsius
705 895 775 970 ipse
789 912 884 956 meas.

243 979 457 1042 Callimachum
473 980 577 1055 fugito.
597 995 659 1040 non
675 985 724 1040 est
737 979 877 1040 inimicus
892 980 1016 1041 Amori:

179 1075 229 1128 767
281 1064 319 1124 iit
334 1080 402 1123 cum
417 1062 600 1125 Callimacho
614 1070 647 1124 tu
664 1078 803 1138 quoque,
828 1063 903 1137 (777,
926 1078 1033 1125 uoces.

242 1149 291 1207 ille
306 1155 388 1207 certe
403 1146 531 1223 Sappho
546 1147 703 1207 meliorem
718 1147 788 1207 iecit
802 1147 927 1221 amicae,

284 1231 346 1290 Nec
360 1231 478 1306 rigidos
493 1246 595 1292 moras
610 1230 683 1291 Teia
698 1229 788 1291 Musa
802 1231 896 1290 dedit.

243 1315 382 1376 Carmina
396 1315 465 1389 quis
481 1315 578 1389 potuit
591 1321 655 1374 tuto
671 1314 786 1389 legisse
799 1313 915 1385 Tibulli,

283 1399 341 1458 Vei
358 1406 425 1473 tua,
448 1400 537 1460 cuius
552 1413 632 1473 opus
648 1398 778 1476 cynthia
792 1400 860 1468 sola
874 1398 951 1457 iuitr

179 1490 228 1546 765
241 1482 314 1557 Quis
331 1481 442 1558 poterit
455 1483 534 1542 lecto
549 1482 647 1543 durus
661 1482 822 1541 discedere
836 1483 944 1542 Gallo?

284 1566 321 1625 iit
335 1582 403 1625 mea
417 1566 523 1628 nescio
539 1566 613 1641 quid
627 1566 762 1625 carmina
775 1568 836 1626 tale
851 1571 972 1626 sonant.

243 1649 405 1724 Quodnisi
420 1650 484 1709 dux
500 1650 602 1725 operis
620 1657 719 1709 vatem
735 1650 894 1710 frustratur
908 1650 1031 1725 Apollo,

283 1733 433 1794 Aemulus
447 1742 496 1794 est
511 1731 607 1793 nostri
621 1734 754 1792 maxima
771 1748 866 1793 causa
879 1734 958 1793 mali.

242 1821 282 1878 At
295 1825 328 1877 tu
342 1817 470 1878 rivalem
484 1818 548 1877 noli
561 1815 615 1876 tibi
631 1817 747 1892 lingere
761 1832 955 1892 quemqnam,

180 1908 231 1964 770
284 1902 380 1975 inque
395 1917 452 1961 suo
468 1902 564 1961 solam
581 1899 674 1962 crede
688 1901 790 1960 iacere
805 1907 882 1961 toro.

241 1985 353 2045 Acrius
367 1984 553 2045 Hermionen
566 1984 637 2044 ideo
653 1983 759 2044 dilexit
774 1984 908 2058 Orestes,

284 2069 363 2129 Esse
379 2069 463 2144 quod
477 2069 603 2130 alterius
618 2074 764 2142 coeperat
776 2068 827 2128 iila
841 2067 909 2127 vin'.

242 2152 336 2227 Quid,
357 2150 509 2227 Menelao,
532 2153 643 2214 dolosa
674 2151 745 2212 ibas
759 2151 826 2211 sine
840 2152 970 2227 coniuge
985 2149 1106 2225 0777777,

284 2236 322 2296 iit
335 2243 458 2312 poteras
475 2243 569 2312 nupta
582 2236 684 2296 lentus
699 2235 812 2295 abesse
824 2242 886 2296 tua.

180 2325 230 2381 777
241 2319 281 2380 Ul
292 2318 377 2379 Paris
392 2318 472 2380 hanc
485 2320 599 2395 rapuit,
622 2334 703 2380 nunc
717 2320 838 2379 demum
851 2334 949 2380 uxore
963 2333 1070 2379 carere

283 2402 350 2463 Non
366 2410 465 2476 potes.
488 2404 613 2464 alterius
629 2403 725 2462 crevit
740 2418 845 2463 amore
858 2408 939 2463 tuus.

242 2488 308 2547 iioc
323 2494 353 2546 et
367 2488 398 2547 in
415 2487 547 2548 abducta
560 2487 701 2548 Briseide
714 2484 809 2548 flebat
822 2487 968 2561 Achilles,

283 2570 368 2630 iliam
382 2570 548 2632 Plisthenio
563 2570 676 2646 gaudia
692 2571 771 2629 ierre
785 2577 862 2631 toro.

241 2653 303 2714 Nec
318 2654 431 2715 frustra
446 2653 554 2727 flebat,
577 2654 650 2714 mihi
666 2654 790 2714 credite.
813 2655 884 2714 iecit
897 2654 1031 2727 Ahides,

200 2742 252 2800 787
285 2737 372 2812 Quod
388 2737 415 2797 si
429 2754 490 2799 non
506 2740 634 2811 iaceret,
657 2739 785 2813 turpiter
800 2747 885 2799 esset
898 2740 990 2798 iners.

242 2821 328 2881 Certe
343 2837 402 2897 ego
419 2822 579 2896 iecissem,
601 2837 659 2882 nec
674 2838 742 2881 sum
757 2821 927 2897 sapientior
938 2822 999 2882 iiio.

283 2905 421 2966 invidiae
436 2906 551 2968 77777777
565 2906 716 2965 maximus
730 2906 782 2966 iile
796 2906 860 2966 luit.

241 2990 316 3049 Nam
330 2990 389 3051 sibi
405 2990 489 3065 quod
503 3004 669 3064 numquam
681 2996 790 3049 tactam
805 2989 946 3050 Briseida
959 2989 1037 3047 iurat

282 3073 340 3133 Per
354 3080 522 3149 sceptrum,
544 3077 699 3148 sceptrum
714 3089 774 3135 non
790 3080 874 3150 putat
888 3088 960 3132 esso
973 3072 1061 3131 deos.

179 3156 276 3220 787177
290 3157 416 3233 iaciant,
442 3157 545 3233 possis
563 3156 705 3218 dominae
722 3157 850 3219 transire
864 3158 987 3218 relictae

281 3241 413 3315 Limina,
437 3242 599 3317 proposito
616 3241 832 3316 sufficiantque
847 3241 954 3317 pedes.

240 3324 279 3385 iit
292 3324 416 3401 poteris.
440 3326 533 3386 modo
548 3326 628 3385 velie
641 3331 720 3385 tene.
752 3324 838 3385 Nunc
852 3325 969 3386 sortiter
984 3325 1034 3395 ire,

282 3408 368 3468 Nunc
385 3424 466 3485 opus
480 3416 527 3470 est
541 3409 633 3469 celeri
648 3408 782 3470 subdere
797 3409 898 3468 771777
911 3424 1002 3483 equo.

242 3492 295 3552 1117
310 3492 525 3568 Lotophagos,
549 3493 600 3553 iiio
617 3491 742 3553 Sirenas
759 3493 789 3552 in
804 3499 890 3553 antro

179 3582 229 3634 797
281 3575 360 3634 Esse
374 3583 456 3651 puta.
479 3577 572 3636 remis
588 3576 676 3635 adice
689 3579 759 3635 vela
775 3577 843 3636 tuis.
