2467 4042
164 207 210 272 24
582 206 755 259 rmsrruu

256 373 373 452 Inspice
396 373 492 433 maius
514 388 613 452 opus,
640 371 720 450 quod
747 370 844 433 adbuc
870 372 935 433 sine
958 372 1016 434 line
1039 379 1186 458 tenetur,

256 462 291 523 ln
314 479 375 522 non
398 459 564 522 credendos
587 476 713 539 corpora
735 476 821 521 versa
843 459 965 522 modos:

207 561 241 611 et
255 549 392 610 Invenies
414 550 508 608 vestri
529 549 688 627 praeconia
711 549 839 609 nominis
860 547 938 628 illic,

255 637 391 698 Invenies
414 637 505 697 animi
528 638 653 715 pignora
675 636 767 697 multa
789 638 866 698 mei.

254 726 320 786 Non
345 734 395 786 tua
418 723 599 786 carminibus
622 725 717 785 maior
738 724 773 785 dt
794 724 910 805 gloria,
933 741 989 787 uec
1012 742 1090 807 quo,

255 813 294 875 tlt
316 816 410 875 maior
433 813 483 873 dat
495 859 505 893 ,
528 830 665 874 crescere
682 814 804 892 possit,
826 812 932 874 babet.

255 902 344 963 Fama
368 900 430 962 lovi
452 909 612 980 superestt
649 908 749 962 tamen
770 900 851 962 bunc
873 918 928 962 sua
948 902 1024 963 lacta
1045 901 1161 964 referri

207 1002 242 1052 ἰο
256 990 294 1051 lit
316 1008 349 1051 se
372 991 526 1051 materiam
549 991 689 1049 carminis
712 1006 778 1050 esse
801 991 899 1068 iuvat,

256 1078 390 1156 Cumque
413 1076 548 1156 Gigantei
571 1085 774 1139 memorantur
796 1076 908 1157 proelia
930 1076 1018 1160 belli,

257 1166 404 1228 Credibile
424 1174 474 1226 est
496 1165 606 1227 laetum
628 1164 766 1227 leudibus
789 1183 855 1227 esse
879 1167 959 1227 suise

257 1255 299 1315 Te
324 1253 475 1316 celebrant
497 1253 546 1314 alil
569 1262 680 1333 quanto
703 1253 790 1315 decet
811 1270 865 1315 ore
877 1299 887 1334 ,
910 1261 1036 1332 tuasque

254 1343 376 1422 lugeuio
399 1341 502 1403 laudes
525 1341 665 1403 uberiore
688 1349 815 1404 canunt.

207 1442 241 1493 to
257 1431 316 1493 Sed
338 1438 438 1491 tamen
450 1476 460 1511 ,
483 1439 517 1491 ut
539 1430 606 1491 iuso
626 1438 785 1492 taurorum
808 1431 951 1509 sangiune
974 1435 1118 1511 centum,

256 1519 307 1580 Sic
330 1521 446 1598 capitur
469 1519 591 1579 minimo
614 1520 691 1579 turis
714 1517 827 1579 bonore
850 1518 943 1579 deus.

254 1606 301 1668 A!
324 1608 407 1668 ierus
430 1613 462 1667 et
483 1605 569 1668 nobis
592 1605 742 1667 crudelior
765 1605 903 1668 omuibus
926 1606 1020 1668 bostis
1032 1650 1042 1685 ,

255 1695 382 1757 Delicias
403 1695 477 1773 legit
498 1696 551 1773 qui
574 1693 630 1755 tibi
652 1712 780 1774 cumque
803 1693 901 1756 messi

257 1783 392 1844 Carmina
416 1800 484 1843 nam
508 1784 619 1843 nostris
642 1791 716 1861 quot
737 1790 768 1844 te
790 1784 962 1844 venerantia
983 1781 1068 1844 libris

206 1883 241 1933 eo
254 1871 367 1932 ludicio
390 1872 506 1950 possint
530 1869 699 1932 candidiore
722 1869 797 1950 legi!

256 1959 330 2021 Esse
354 1959 406 2022 sed
429 1962 504 2020 irato
528 1960 596 2038 quis
618 1966 649 2020 te
673 1958 745 2022 mibi
766 1965 870 2038 posset
892 1955 1030 2020 amicus?

257 2047 311 2108 Vix
333 2056 405 2110 tunc
428 2049 492 2127 ipse
515 2047 589 2108 mibi
611 2065 672 2108 non
694 2048 833 2110 iuimicus
855 2065 955 2109 eram.

256 2135 330 2197 Cum
354 2137 453 2215 coepit
475 2144 614 2214 quassata
636 2135 742 2197 domus
766 2134 944 2216 subsidere,
966 2142 1066 2215 partes

255 2223 290 2284 ln
312 2223 493 2304 proclinatas
515 2241 603 2286 omne
627 2223 775 2285 recumbit
797 2241 891 2304 onus,

206 2323 242 2373 85
257 2311 429 2392 Cunctaque
452 2313 572 2374 fortuna
594 2314 699 2374 rimam
722 2312 849 2374 iaciente
872 2311 1046 2374 debiscunt.

256 2397 370 2480 †lpse
394 2418 448 2462 suo
472 2401 599 2480 quodam
623 2400 755 2480 pondere
778 2408 873 2464 tracta
895 2409 1004 2462 rurant.

256 2488 335 2568 Ergo
362 2488 517 2551 bominum
545 2490 712 2568 quaesitum
741 2487 843 2551 odium
873 2488 946 2552 mibi
972 2489 1132 2570 emmiue,

683 2593 818 2657 quosque

256 2665 386 2746 Debuit,
409 2674 456 2728 est
478 2666 577 2728 vultus
601 2664 689 2727 turba
712 2674 814 2727 secuta
837 2674 923 2728 tuos.

257 2753 317 2833 dt,
341 2756 462 2816 memini
474 2800 484 2834 ,
507 2757 655 2833 vitamque
678 2771 775 2815 meam
797 2770 956 2832 moresque
978 2750 1128 2833 probabas

208 2854 243 2903 eo
257 2839 333 2921 lllo,
357 2859 446 2921 quem
468 2841 593 2903 dederas
605 2888 615 2923 ,
637 2845 856 2921 praetereuntis
880 2859 974 2921 equo.

258 2928 358 3004 [Quod
382 2933 408 2990 si
428 2948 490 2992 nou
512 2929 636 3009 prodest
657 2937 689 2991 et
709 2929 828 2992 bonesti
849 2929 943 3009 gloria
965 2928 1045 2991 nulla

256 3017 423 3098 Redditur,
446 3028 476 3080 at
498 3017 613 3079 nullum
636 3019 750 3080 crimen
772 3019 897 3098 adeptus
921 3016 1009 3094 erit]

258 3105 320 3167 Nec
344 3105 418 3167 male
443 3106 600 3167 commissa
623 3115 670 3168 est
691 3105 778 3168 uobis
800 3108 921 3168 fortuna
942 3122 1062 3168 reorum

256 3193 367 3274 Lisque
390 3194 493 3255 decem
516 3194 638 3256 decime
659 3195 844 3275 inspicienda
866 3196 954 3256 viris.

209 3294 243 3344 ed
257 3281 316 3344 Res
340 3299 459 3362 quoque
483 3284 612 3361 privatas
635 3286 726 3345 statui
748 3285 813 3345 sine
836 3284 960 3346 crimine
981 3281 1089 3362 iarden,

257 3370 360 3450 lleque
383 3387 449 3432 mea
473 3373 550 3432 lassa
573 3381 711 3452 estpars
734 3390 853 3452 quoque
876 3373 952 3433 victa
974 3370 1049 3431 lide.

258 3458 305 3519 lle
329 3457 494 3521 miserum!
521 3461 629 3541 potui,
651 3463 679 3522 si
700 3478 761 3522 nou
784 3470 916 3522 extrema
937 3464 1102 3537 nocerent,

258 3544 371 3607 ludieio
394 3554 478 3610 tutus
501 3564 562 3609 non
585 3548 678 3611 semel
700 3566 766 3612 esse
790 3557 860 3611 tuo.
