2467 4042
206 261 264 328 tel
578 257 848 322 EPISTULAE.

286 414 324 476 llt
338 415 433 475 decor
447 419 477 475 et
491 414 593 474 vultus
608 412 675 473 sine
688 411 856 474 rusticitate
872 413 1034 490 pudentes,

244 509 279 564 60
330 498 382 572 Et,
404 497 539 558 Thetidis
556 495 655 572 qualis
674 496 725 555 vix
741 511 810 557 rear
824 511 911 573 esse,
933 497 1042 572 pedes.

287 582 393 645 Cetera
409 581 436 642 si
451 596 577 657 possem
590 579 729 651 laudare,
751 580 870 655 beatior
883 595 1003 641 essem:

328 667 391 726 Nec
405 665 527 738 dubito,
550 671 646 728 totum
662 664 732 738 quin
749 663 807 725 sibl
822 681 879 740 par
892 664 933 725 sit
946 680 1038 741 opus.

288 751 352 811 Hae
366 765 424 826 ego
440 750 636 825 compulsus,
657 764 718 809 non
731 755 782 809 est
795 748 947 824 mirabile,
971 749 1080 828 torma,

332 832 365 895 Si
381 834 491 910 pignus
507 833 590 894 volui
604 832 691 895 vocis
705 830 819 892 habere
835 839 915 895 luae.

245 926 277 982 ⁶5
291 917 442 995 lienique,
466 917 537 977 dum
552 923 672 992 captam
689 923 723 977 tu
738 922 768 978 le
784 931 897 993 cogare
911 917 1007 990 lateri,

328 1002 451 1063 Insidiis
467 1009 534 1063 esto
549 1007 639 1077 capta
653 1002 756 1077 puella
769 1000 856 1061 meis.

287 1086 434 1147 invidiam
449 1086 556 1163 patiar.
581 1099 676 1160 passo
691 1100 749 1144 sua
763 1083 899 1161 praemia
913 1084 1032 1146 dentur.

329 1170 389 1231 cur
405 1186 480 1231 suus
495 1186 513 1231 a
527 1175 609 1230 lanto
625 1167 751 1229 crimine
766 1169 880 1231 tructus
894 1168 1003 1231 abestl

287 1255 440 1316 Hesionen
455 1253 614 1329 Telamon,
637 1251 777 1314 Briseida
792 1252 873 1329 cepit
886 1252 1039 1314 Achilles:

245 1345 279 1402 io
331 1339 467 1414 Utraque
481 1336 628 1398 victorem
642 1351 753 1412 nempe
767 1344 872 1398 secuta
886 1336 994 1398 virum.

287 1422 457 1497 Quamlibet
470 1436 600 1484 accuses
614 1426 645 1481 et
659 1420 704 1481 sis
718 1420 793 1482 irata
808 1420 918 1495 licebit,

327 1507 407 1568 lrata
420 1507 509 1566 liceat
521 1506 594 1566 dum
608 1505 681 1565 milri
697 1520 793 1580 posse
806 1505 874 1565 lrul.

285 1592 384 1665 ldem,
407 1591 458 1666 qui
473 1590 616 1662 iacimus,
641 1590 750 1649 lactem
765 1588 957 1650 tenuabimus
972 1590 1060 1665 iram,

328 1675 424 1752 Copia
438 1672 581 1750 placandi
596 1671 743 1734 sit-modo
759 1687 854 1748 parva
870 1671 935 1733 tui:

243 1765 276 1822 ts
287 1758 366 1819 Ante
380 1766 450 1819 tuos
467 1756 557 1821 liceat
571 1756 693 1818 llentem
709 1757 878 1818 consistere
892 1758 1004 1830 vultus,

326 1843 364 1903 Et
378 1843 468 1903 liceat
482 1841 614 1903 lacrimis
631 1841 748 1902 addere
759 1841 855 1901 verba
870 1840 950 1902 suisa

212 1932 215 1940 '
284 1928 385 2003 thue
395 1927 500 1987 solent
514 1926 633 1999 lamuli,
655 1940 724 1985 curn
738 1924 868 1985 verbera
881 1939 977 1986 saeua
990 1933 1133 1989 verentia

325 2012 463 2071 Tendere
477 2009 660 2071 summissas
677 2008 717 2071 ad
731 2016 784 2069 tua
797 2024 885 2069 crura
900 2022 1019 2072 manus.

284 2095 410 2171 lgnoras
426 2102 477 2155 tua
490 2095 566 2155 iura.
591 2107 678 2153 voca.
701 2108 756 2153 eur
769 2108 883 2168 arguor
896 2092 1031 2154 absenst

241 2188 276 2241 80
328 2178 507 2240 Iamdudum
524 2177 667 2240 dominae
682 2192 767 2238 more
782 2177 887 2237 venire
901 2176 982 2239 lube.
1098 2188 1103 2190 ’

284 2263 355 2338 lpsa
370 2259 456 2323 nieos
471 2261 596 2323 scindas
611 2262 683 2322 lieet
696 2261 852 2336 inperiosa
866 2260 1006 2338 capillos,

326 2344 448 2422 Oraque
462 2347 523 2406 sint
536 2346 638 2422 digitis
654 2345 747 2405 livida
760 2352 866 2406 nostra
879 2346 949 2405 uris.

284 2429 391 2492 Omnia
406 2430 570 2506 perpetiar.
594 2436 708 2491 tantum
723 2430 856 2490 tortasse
870 2429 992 2505 timebo,

325 2515 460 2591 Corpore
474 2514 613 2574 laedatur
627 2528 666 2575 ne
680 2530 788 2574 manus
803 2513 862 2574 ista
877 2530 955 2576 meo.

239 2607 273 2661 85
285 2598 348 2659 Sed
363 2613 464 2673 neque
478 2596 695 2673 compedibus,
718 2613 775 2658 nee
788 2613 837 2659 me
853 2612 1008 2674 conpesce
1023 2600 1152 2662 catenis.

325 2681 480 2744 Servabor
494 2684 581 2744 firmo
598 2683 718 2742 vinetus
732 2697 838 2743 amore
850 2682 903 2743 tui.

283 2766 355 2826 Cum
370 2765 450 2826 bene
465 2782 514 2841 se,
538 2771 748 2840 quantumque
762 2767 857 2840 volet,
878 2766 1036 2827 satiaverit
1051 2765 1107 2840 ira,

323 2851 396 2926 ipsa
410 2849 463 2910 tibi
479 2848 566 2911 dices
581 2852 687 2925 ‘quarn
703 2849 851 2926 patienter
862 2852 973 2912 amatt’

282 2935 353 3009 lpsa
367 2933 420 2995 tibi
436 2934 538 3010 dices,
561 2933 612 2994 ubi
626 2933 741 2995 videris
758 2934 860 2995 omnia
874 2934 963 3009 ierre,

240 3025 274 3079 90
326 3018 411 3078 ‘Tam
428 3018 508 3078 bene
523 3017 575 3092 qul
589 3020 697 3091 servit,
718 3018 833 3081 serviat
845 3018 904 3079 iste
917 3016 1014 3079 mibi!

281 3103 366 3163 Nunc
379 3118 451 3162 reus
466 3101 572 3162 inlelix
587 3100 702 3162 absens
717 3117 802 3177 agor.
823 3110 854 3162 et
867 3118 952 3176 mea,
972 3118 1040 3164 aun
1054 3104 1097 3165 sit

323 3185 457 3263 Optima,
479 3201 541 3245 non
558 3186 620 3246 ullo
636 3194 731 3246 causa
747 3193 849 3246 tuente
864 3186 952 3262 perit.

281 3268 346 3330 lloe
358 3284 496 3345 quoque,
518 3269 601 3344 quod
614 3276 647 3330 tu
659 3268 721 3344 vis,
737 3271 777 3330 sit
788 3270 935 3346 scriptum
946 3268 1055 3331 iniuria
1067 3280 1210 3336 nostrum

322 3352 410 3427 Quod
425 3354 465 3413 de
478 3369 528 3415 me
542 3353 611 3414 solo
629 3368 740 3429 nempe
754 3354 910 3429 queraris,
932 3353 1039 3415 habes.

243 3442 272 3497 io
285 3435 350 3497 Non
364 3435 474 3498 meruit
487 3436 549 3498 lalli
563 3451 684 3497 mecum
700 3453 824 3514 quoque
838 3438 933 3499 Delia.
956 3438 984 3499 si
998 3453 1059 3498 non

322 3517 378 3581 Vis
393 3520 465 3580 milri
480 3522 664 3597 promissum
679 3520 826 3596 reddere,
850 3520 947 3582 redde
961 3522 1048 3583 deae.
