2467 4042
163 210 206 275 46
340 230 442 267 curuos
575 210 753 269 METAMM.

249 375 382 457 Respicit
394 424 404 458 ,
426 385 457 438 ct
479 376 582 438 denua
604 395 730 439 cornum
752 387 855 460 tenet,
878 378 969 441 altera
991 381 1092 443 dorso

183 475 235 527 stt
249 464 379 545 Inposita
401 473 470 546 est3
493 463 636 526 tremulae
660 467 817 529 sinuantur
839 467 955 529 flamine
978 479 1106 533 vestes.

418 847 593 931 ulons
632 845 913 934 ursulus,

249 994 368 1074 lamque
392 995 466 1057 deus
487 998 583 1075 posita
605 995 716 1057 fallacis
735 999 861 1077 imagine
884 1001 962 1060 tauri

251 1083 290 1144 Se
313 1084 469 1145 consessus
492 1093 557 1146 erat
578 1083 758 1164 Dictaeaque
780 1092 851 1146 rura
874 1085 1011 1148 tenebat:

250 1170 324 1236 Cum
345 1180 430 1251 pater
452 1173 573 1251 ignarus
597 1171 706 1234 Cadmo
728 1176 904 1253 perquirere
926 1183 1041 1254 raptam

248 1259 399 1341 Imperat,
418 1268 449 1321 et
469 1278 618 1343 poenam,
641 1262 667 1323 ii
688 1279 749 1323 non
771 1263 939 1344 invenerit,
962 1262 1043 1323 addit

219 1346 401 1410 oExllium.
430 1346 520 1425 [lacto
543 1351 611 1428 pius
635 1357 667 1410 et
688 1349 850 1411 sceleratus
873 1350 1010 1429 eodem]

250 1435 331 1498 Orbe
353 1445 507 1517 pererrato
530 1469 573 1482 -—
597 1439 664 1515 quis
687 1439 767 1499 enirn
788 1437 973 1519 deprendere
995 1443 1099 1519 possit

249 1524 340 1586 Porta
354 1524 430 1586 loris
444 1521 461 1586 i
475 1558 517 1569 -
531 1526 677 1605 profugus
690 1528 876 1605 patriamque
889 1529 1023 1606 iramque
1037 1534 1196 1608 parentis

249 1611 328 1676 Vitat
349 1612 553 1695 Agenorides,
575 1613 748 1694 Phoebique
770 1614 889 1676 oracula
913 1615 1036 1696 supplex

250 1700 385 1763 Consulit
406 1710 437 1763 et
449 1748 458 1783 ,
481 1719 557 1782 quae
580 1703 619 1764 sit
641 1701 730 1763 tellus
752 1701 931 1787 habitanda,
954 1706 1104 1782 requirit.

204 1801 237 1851 to
251 1785 320 1850 ‘bos
343 1784 410 1851 tibi'
432 1789 571 1851 Phoebus
594 1793 634 1852 ait
653 1786 735 1852 ‘solis
759 1799 899 1853 occurret
920 1794 952 1853 in
977 1795 1076 1874 arvis,

249 1877 368 1939 Nullum
390 1896 476 1957 passa
499 1881 624 1960 iugum,
647 1881 789 1958 curvique
812 1881 951 1941 immunis
975 1883 1087 1942 aratri.

248 1964 310 2028 llac
333 1966 409 2028 duce
432 1985 522 2046 carpe
545 1969 606 2028 vias
630 1975 661 2027 et
684 1984 742 2047 qua
760 1969 940 2046 requieverit
962 1967 1075 2049 herba,

248 2055 363 2128 Moenia
385 2055 431 2115 lac
454 2055 585 2136 condas,
608 2054 788 2134 Boeotiaque
811 2054 859 2116 illa
882 2050 1014 2117 vocato?

248 2141 302 2204 Vix
324 2142 400 2204 bene
420 2141 545 2204 Castalio
570 2142 697 2204 Cadmus
721 2142 915 2205 descenderat
937 2151 1041 2226 anuo,

202 2242 235 2291 to
248 2230 461 2292 Incustoditam
483 2230 562 2293 lente
585 2231 666 2293 videt
687 2234 731 2292 ire
754 2233 907 2293 iuvencam

249 2318 368 2381 Nullum
392 2321 506 2381 servitii
529 2321 647 2399 signum
670 2320 785 2381 cervice
808 2327 978 2399 gerentem.

218 2481 224 2488 ‚
249 2406 449 2493 Subsequitur
471 2425 635 2487 pressoque
658 2406 729 2487 legit
750 2409 873 2487 vestigia
896 2425 1020 2489 gressu,

249 2497 468 2574 Auctoremque
491 2497 555 2557 dae
577 2494 732 2557 Phoebum
753 2497 921 2557 taciturnus
944 2496 1065 2558 adorat.

248 2584 309 2645 lam
331 2582 404 2645 rada
427 2582 545 2664 Cephisi
567 2583 763 2664 Panopesque
787 2593 920 2646 eraserat
941 2600 1028 2646 arva:

201 2684 235 2736 so
248 2671 307 2735 Bos
330 2673 414 2734 stetit
436 2679 467 2733 et
489 2671 595 2734 tollens
618 2674 783 2752 speciosam
806 2671 947 2733 cornibus
969 2671 1038 2732 altis

248 2760 292 2823 Ad
315 2760 430 2822 caelum
452 2760 582 2821 irontem
604 2759 767 2840 mugitibus
789 2759 897 2840 inpulit
919 2777 1006 2821 auras

248 2851 346 2929 Atque
368 2851 409 2911 ita
421 2896 431 2930 ,
454 2850 617 2928 respiciens
641 2850 764 2910 comites
788 2866 841 2910 sua
864 2856 946 2928 terga
969 2859 1154 2932 sequentes,

247 2936 412 3000 Procubuit
433 2945 596 3017 teneraque
619 2936 696 2999 latus
719 2937 867 2998 summisit
888 2939 919 3006 in
942 2935 1053 2998 herba.

249 3026 375 3088 Cadmus
399 3027 458 3106 agit
480 3033 601 3106 grates,
623 3027 858 3105 peregrinaeque
881 3024 982 3086 oscula
1004 3034 1106 3086 terrae

200 3113 234 3176 io
248 3114 348 3196 Pigit,
371 3121 402 3175 ct
422 3116 540 3194 ignotos
563 3121 681 3174 montes
703 3114 849 3193 agrosque
872 3111 996 3174 salutat.

250 3202 340 3265 Sacra
362 3201 424 3264 lori
446 3202 579 3263 luchrius
602 3208 688 3263 erat.
715 3200 798 3263 iubet
819 3203 865 3262 ire
887 3202 1040 3264 ministros
1096 3205 1103 3218 ’

248 3290 287 3353 Et
307 3298 411 3372 petere
434 3308 451 3351 e
473 3291 547 3351 viris
569 3288 702 3351 libandas
725 3287 858 3351 lontibus
880 3288 990 3350 undas.

249 3378 327 3441 Silva
350 3386 435 3440 vetus
457 3376 553 3440 stabat
575 3377 656 3439 nulla
677 3376 783 3439 violata
805 3379 922 3457 securi,

248 3466 287 3528 Et
309 3484 417 3548 specus
439 3468 471 3528 in
493 3466 613 3547 media,
635 3467 726 3545 virgis
750 3483 784 3526 ac
806 3466 916 3526 vimine
938 3464 1073 3547 densus,

200 3567 235 3617 to
249 3553 389 3616 Elflciens
411 3553 551 3615 humilem
574 3552 704 3632 lapidum
727 3551 917 3634 compagibus
939 3569 1063 3633 mcum,
