2467 4042
131 3654 195 3665 „A

559 191 809 254 HEROIDES.

298 347 337 406 Et
351 345 410 406 nisi
425 343 538 406 duritia
549 344 665 406 robore
678 345 791 422 vincis,
813 347 884 407 eris.

259 430 353 507 Quid,
375 427 403 490 si
417 430 572 505 nescires,
593 429 702 491 insana
717 430 793 506 quid
806 446 945 505 aequora
960 443 1121 508 possuntt

299 515 452 590 Expertae
466 515 579 575 totiens
596 531 691 589 quam
704 515 784 576 maie
801 515 903 577 credis
917 523 1032 594 aquae!

214 610 249 664 55
259 600 300 663 Ut
314 599 427 680 pelago
442 600 591 661 suadente
609 600 700 661 etiem
717 599 885 662 retinacula
899 602 1014 677 solvas,

299 684 393 745 Multa
406 689 508 744 tamen
523 684 603 746 tatus
618 684 717 745 tristia
728 691 842 760 pontus
857 684 959 747 habet

256 769 320 830 Nec
333 769 469 829 violasse
483 769 577 829 iidem
591 767 808 845 temptantibus
823 784 961 847 aequora
973 771 1124 847 prodesta

299 853 450 914 Perfidiae
464 868 583 928 poenas
597 853 693 929 exigit
705 854 757 915 iiie
771 854 870 930 lucus,

257 937 424 1014 Pnaecipue
438 950 507 997 cum
521 938 626 998 laesus
641 953 737 1000 amur.
760 939 832 1014 quic
847 945 943 999 muter
956 940 1107 1001 Amorum

215 1031 249 1086 60
303 1022 392 1083 Nuda
406 1021 595 1099 Cytheriacis
611 1022 693 1083 edita
707 1024 803 1083 fertur
815 1023 916 1099 aptus.

256 1106 376 1167 Perdita
391 1122 431 1166 ue
446 1107 589 1183 perdam,
612 1106 720 1182 timeo,
741 1122 910 1169 noceamve
924 1108 1057 1184 nocenti,

298 1190 364 1252 Neu
378 1190 463 1252 bibat
475 1206 648 1267 aequoreus
663 1192 831 1268 naufragus
845 1191 945 1255 hostis
960 1208 1070 1269 aquas.

256 1275 352 1350 Vive,
374 1291 496 1351 precor.
519 1276 566 1337 sic
579 1281 610 1335 te
624 1275 750 1352 meiius,
770 1292 863 1352 quem
877 1276 984 1338 iuuere
998 1277 1141 1352 perdum.

298 1359 342 1419 Tu
355 1360 457 1434 potius
472 1361 525 1421 leti
540 1376 636 1423 causa
651 1361 750 1422 ferere
763 1358 834 1422 mei.

214 1453 249 1509 65
260 1443 370 1520 Finge,
391 1461 464 1521 age,
482 1453 512 1506 te
526 1443 668 1521 rapide...
684 1446 798 1506 nulium
813 1445 854 1507 sit
867 1446 898 1506 in
910 1446 1012 1509 umine
1022 1445 1148 1524 pondus
1159 1454 1207 1509 i...

298 1528 430 1589 Turbine
444 1530 604 1605 deprendi.
628 1531 703 1606 quid
716 1529 769 1591 tibi
783 1530 894 1592 mentis
908 1530 986 1591 erit‘t

256 1609 400 1675 Protinus
412 1621 574 1674 coement
587 1615 686 1676 salsae
701 1615 835 1691 periuria
849 1615 981 1692 linguae,

297 1697 336 1758 Et
347 1697 482 1775 Phrygia
495 1699 574 1761 Dido
589 1700 698 1760 fraude
713 1705 821 1761 euecta
834 1700 928 1761 muri:

257 1782 402 1858 Coniugis
416 1785 610 1844 antecculus
626 1783 775 1860 deceptae
790 1780 885 1845 stabit
895 1784 998 1858 imaen

216 1876 251 1932 ic
303 1868 410 1930 Tristis
425 1875 457 1929 et
470 1869 579 1930 effusis
593 1869 828 1944 sanguinolenta
843 1871 950 1933 cumis.

258 1952 337 2028 Quid
350 1952 424 2014 tanti
439 1961 487 2015 est
500 1959 596 2015 totum
610 1954 708 2013 merui
722 1953 881 2014 concedite
897 1954 983 2015 dicas
1157 1986 1200 2001 -

300 2038 447 2114 Quaeque
462 2039 587 2113 eadent,
609 2038 683 2098 inte
698 2037 825 2098 fulmina
839 2037 935 2099 missa
949 2043 1061 2114 petest

257 2123 304 2182 Da
317 2121 413 2182 breve
428 2122 576 2183 saevitiae
591 2122 723 2198 spatium
740 2121 904 2198 pelagique
917 2126 1064 2197 tuaequet

300 2206 421 2267 Grande
435 2222 540 2267 morae
554 2206 686 2283 pretium
699 2213 764 2268 tuta
777 2207 877 2268 sutum
891 2206 942 2268 via
955 2212 1013 2267 est.

215 2296 247 2352 75
258 2291 322 2351 Nec
335 2290 408 2350 mihi
422 2298 455 2351 ur
470 2306 570 2352 curae.
592 2306 690 2367 puero
704 2297 847 2367 parcatur
860 2291 942 2353 Iulo:

298 2377 340 2435 Te
354 2376 429 2436 sutis
445 2381 493 2436 est
505 2376 624 2436 titulum
641 2377 747 2437 mortis
760 2374 875 2436 habere
888 2390 985 2436 meae.

257 2459 336 2535 Quid
350 2475 428 2534 puer
441 2460 611 2535 Ascanius,
635 2460 710 2536 quid
723 2460 754 2521 di
769 2476 908 2522 meruere
921 2459 1074 2522 Penatest

297 2543 422 2619 ignibus
435 2554 561 2622 ereptus
577 2545 688 2606 obruet
700 2543 784 2605 uude
798 2544 897 2606 deust
1082 2544 1195 2622 [ctas...

256 2627 320 2689 Sed
341 2645 445 2707 neque
461 2631 524 2691 iens
539 2638 655 2703 tecum,
677 2644 769 2691 nec...
788 2627 969 2704 quaemihi,
992 2626 1126 2703 perfide,
1149 2627 1194 2686 ia·

212 2722 247 2776 80
299 2713 482 2775 Presserunt
496 2730 622 2776 umerus
638 2729 727 2775 sacra
740 2720 890 2789 paterque
904 2721 985 2773 tuus.

255 2796 364 2860 Omnia
376 2798 523 2860 mentiris.
546 2814 605 2861 nec
618 2798 700 2860 euim
712 2805 764 2859 tua
778 2799 884 2860 fellere
897 2798 1002 2873 lingua

295 2883 406 2960 Incipit
420 2899 439 2943 a
452 2882 558 2957 nubis,
578 2883 740 2960 primaque
753 2883 871 2957 plecur
884 2896 953 2958 ego.

255 2965 289 3027 Si
303 2984 451 3043 quaeres,
472 2967 526 3028 ubi
544 2967 585 3029 sit
599 2967 728 3029 formosi
741 2966 915 3040 materiali,

297 3050 414 3114 Occidit
427 3069 446 3112 a
460 3054 537 3114 duro
552 3055 621 3115 scia
635 3052 741 3114 relicta
752 3052 828 3113 viro.

212 3145 246 3199 85
257 3136 341 3200 Haec
355 3137 428 3199 mihi
440 3154 594 3199 narraras.
617 3144 648 3198 at
662 3154 711 3198 me
725 3151 851 3198 movere
864 3140 1042 3196 merentem.

264 3221 808 3299 ,Urcminorcutpapoenututuru
822 3237 891 3284 mea
906 3225 963 3280 est.
1148 3249 1191 3263 -

252 3306 315 3366 Nec
329 3305 402 3367 mihi
416 3323 503 3369 mens
518 3307 612 3368 dubia
625 3313 687 3383 est,
703 3307 776 3382 quin
790 3312 821 3369 te
832 3312 884 3368 tua
894 3302 1020 3366 numina
1029 3302 1190 3364 duuruentr

294 3389 352 3451 Per
366 3408 464 3466 mure,
487 3408 544 3469 per
555 3400 654 3454 terras
669 3392 801 3468 septime
813 3392 905 3453 iactat
918 3387 1049 3464 hiemps.

254 3475 407 3538 Fluctibus
423 3476 554 3538 eiectum
569 3484 633 3538 tuta
647 3477 780 3538 statione
794 3472 908 3552 ieeepi,
