2467 4042
439 335 503 398 llo
514 371 551 381 -
566 334 637 398 524.

93 489 251 564 Quaeris,
272 488 324 550 ubi
339 488 502 548 inveniast
523 495 621 571 artes,
642 489 667 562 i,
690 489 813 564 perlege
827 492 964 547 nostras:

137 572 241 634 Plena
252 573 424 650 puellarum
440 572 501 632 iam
514 571 568 632 tibi
584 572 671 632 navis
686 571 752 631 erit.

97 657 195 732 Quod
214 656 315 732 siquid
330 662 498 732 praecepta
512 657 614 715 valent
629 671 711 731 mea,
733 655 836 731 siquid
850 652 963 732 Apollo

36 748 85 802 tao
140 740 227 802 Utile
242 741 384 801 mortales
402 738 551 815 perdonet
565 755 618 800 ore
633 753 711 811 meo,

99 824 252 898 Quamvis
265 823 373 884 infelix
387 821 488 883 media
503 821 669 883 torreberis
683 824 792 895 Aetna,

142 906 299 982 Frigidior
311 905 412 982 glaeie
425 906 476 966 lae
490 906 616 966 videare
629 914 716 966 tunes

99 991 138 1051 El
153 1007 265 1052 senum
280 991 406 1064 simule,
430 1004 483 1064 ne,
505 989 610 1065 siquid
627 989 705 1049 lorte
719 988 848 1063 dolebis,

144 1072 274 1135 Sentiat
297 1080 329 1134 et
341 1072 425 1147 ride,
446 1088 516 1134 cum
528 1073 582 1134 tibi
596 1071 719 1134 flendus
734 1072 806 1133 eris.

43 1166 88 1219 illo
99 1158 168 1218 Non
183 1174 244 1233 ego
258 1165 290 1217 te
303 1156 396 1216 iubeo
411 1156 528 1216 medias
544 1157 727 1231 abrumpere
742 1171 848 1216 eurasz

143 1242 213 1302 Non
229 1246 303 1302 sunt
318 1238 439 1316 imperii
452 1247 515 1300 tum
531 1240 596 1300 lere
610 1240 697 1301 iussa
711 1240 781 1299 mei,

101 1325 192 1400 Quod
207 1341 271 1386 non
286 1340 337 1398 es,
358 1324 483 1398 simulo,
507 1324 691 1399 positosque
707 1323 824 1384 imitare
837 1324 972 1384 luroress

145 1408 199 1470 Sic
216 1408 314 1469 lanies
329 1423 419 1482 vere,
440 1408 524 1484 quod
539 1407 701 1469 meditatus
717 1407 788 1468 eris.

104 1491 210 1568 Seepe
223 1507 300 1568 ego,
324 1506 365 1552 ne
376 1490 527 1566 biberem,
545 1492 629 1552 volui
645 1491 778 1552 dormire
791 1490 903 1550 viderir

45 1587 91 1638 too
142 1577 224 1638 llum
237 1575 363 1649 videor,
386 1590 495 1635 somno
510 1576 624 1635 lumino
636 1575 719 1635 vieta
732 1574 814 1635 dadi

102 1660 275 1736 Deceptum
285 1656 356 1733 risi,
375 1657 430 1733 qui
445 1673 481 1718 se
498 1659 661 1720 simulabat
674 1674 787 1732 amare,

144 1743 180 1804 In
196 1745 330 1818 laqueos
344 1756 460 1816 auceps
479 1741 698 1816 decideratque
714 1757 800 1803 suos.

102 1829 198 1887 Intrat
212 1842 301 1887 amor
316 1830 433 1885 mentes
448 1841 515 1886 usu.
539 1824 707 1886 dediscitur
721 1842 790 1887 usu.

145 1911 204 1985 Qui
220 1909 332 1987 poterit
349 1924 458 1969 sanum
474 1909 605 1984 lingere,
628 1925 722 1971 sanus
737 1909 803 1970 erit.

50 1993 237 2068 imbixerit,
261 2000 297 2053 ut
309 1991 416 2053 venies
431 1999 522 2067 pacta
537 1992 590 2053 tibi
604 1999 704 2053 noete.
727 1992 839 2054 venito.

146 2076 297 2149 Veneris,
320 2082 351 2135 et
364 2076 454 2135 luerit
467 2077 559 2136 ianua
573 2077 689 2136 clausa
711 2078 803 2137 lenes.

107 2162 168 2222 ileo
183 2161 234 2221 die
249 2159 428 2230 blanditias,
452 2175 511 2220 nee
525 2161 574 2220 lae
588 2159 729 2220 eonvieia
743 2160 835 2236 posti,

144 2244 208 2304 Nee
222 2245 304 2304 latus
317 2243 348 2302 in
364 2244 441 2304 duro
456 2243 559 2304 limine
573 2260 656 2319 pone
670 2251 763 2305 tunm.

106 2329 232 2389 Postem
245 2328 300 2388 lux
314 2326 425 2400 aderit,
448 2334 574 2388 careant
588 2334 641 2388 tua
654 2327 750 2389 verba
767 2327 920 2403 querellis,

52 2423 96 2474 51⁰
142 2411 279 2472 utnulla
293 2410 324 2469 in
338 2410 422 2470 vultu
437 2409 527 2486 signe
542 2411 674 2473 dolentis
688 2411 778 2471 babe.

107 2496 168 2556 Iam
183 2500 278 2570 ponet
292 2494 406 2568 fastus,
427 2509 497 2555 eum
511 2499 542 2555 te
556 2494 702 2570 languere
717 2494 844 2556 videbit:

148 2579 214 2638 iloo
229 2577 322 2639 etiam
335 2583 441 2637 nostra
456 2594 568 2639 munus
582 2577 621 2638 ab
636 2585 701 2640 arte
717 2580 807 2639 iores.

107 2664 146 2722 Te
162 2675 289 2738 quoque
304 2662 376 2723 lalle
388 2668 504 2737 tamen,
528 2677 586 2721 neo
600 2663 640 2723 sit
652 2662 706 2722 tibi
722 2662 792 2724 linis
806 2661 928 2724 emendi

146 2746 340 2821 Propositus.
362 2745 457 2806 irenis
473 2761 569 2820 saepe
582 2753 734 2822 repugnat
749 2763 857 2823 equus.

57 2842 97 2894 tlt
107 2830 223 2892 Utilitas
239 2831 348 2903 lateat,
368 2829 453 2903 quod
468 2845 529 2890 non
544 2830 743 2906 profitebere,
765 2831 832 2892 fleti

147 2913 232 2988 Quae
249 2911 339 2973 nimis
353 2919 504 2989 apparent
518 2914 610 2989 retia,
632 2914 707 2975 vitat
720 2917 798 2977 avis.

109 2997 149 3058 tle
162 2995 216 3058 tibi
230 3004 293 3058 tam
306 2997 442 3072 placeat,
465 3013 545 3073 quae
558 3005 589 3058 te
605 3005 800 3059 contemnere
818 2999 926 3075 possit,

148 3080 241 3142 Sume
255 3080 423 3155 animos,n
443 3081 553 3143 animis
568 3082 659 3143 oedat
671 3088 705 3143 ut
717 3081 769 3143 illa
781 3083 850 3145 tuis.

110 3163 198 3226 lanua
212 3166 292 3227 forte
307 3170 412 3240 potem
433 3165 573 3240 quamvis
591 3166 792 3242 revocabere,
814 3168 919 3228 mansi.

55 3259 99 3312 tto
146 3248 201 3309 Est
214 3249 287 3310 data
301 3254 386 3308 noxi
407 3248 512 3309 dubita
526 3256 617 3310 noete
632 3251 737 3311 venire
751 3251 832 3312 data.

110 3332 202 3394 Posse
218 3332 282 3408 pati
297 3332 385 3393 laeile
400 3341 462 3407 est,
483 3331 551 3407 ubi,
572 3334 603 3394 ni
618 3333 769 3409 snpientia
784 3335 871 3406 deslt,

149 3416 290 3479 Protinus
304 3433 345 3476 ex
359 3416 441 3477 laoili
454 3417 569 3499 gaudia
583 3417 664 3477 lerre
678 3418 757 3478 lieet

112 3500 146 3561 llt
158 3501 321 3577 quisquam
335 3507 501 3576 praecepta
515 3507 619 3577 potest
630 3517 699 3562 mea
712 3501 790 3563 dura
805 3508 938 3563 voearet

150 3584 208 3657 lin,
231 3584 324 3646 etiam
339 3591 442 3660 partes
457 3585 646 3646 conciliantis
663 3601 732 3661 ago.
825 3671 879 3732 w
