2467 4042
190 224 250 286 142
563 219 834 281 EPISTULAE.

272 382 309 436 At
326 383 372 445 tu,
399 374 438 434 de
452 371 570 448 rapidis
585 370 865 437 inmansuetissime
880 374 987 450 ventis,

315 458 392 534 Quid
408 472 528 516 meeum
546 461 629 517 serto
641 457 760 533 proelia
777 465 878 519 mente
893 459 998 534 geris?

270 546 303 604 ln
319 558 382 616 me,
404 541 432 601 si
446 542 563 613 neseis,
585 540 701 614 Borea,
723 555 952 618 nouosquorm
976 545 1092 605 saevis.

230 638 265 692 40
318 625 394 701 Quid
412 625 546 697 iaceres,
570 631 655 686 esset
666 625 698 684 ni
714 625 769 686 tibi
782 634 874 687 notus
888 634 1014 687 umorer
1034 649 1051 682 ο
1117 632 1119 636 ’

271 711 345 773 'iam
355 709 477 785 gelidus
488 707 573 784 quod
585 710 638 782 sis,
655 723 716 769 nen
727 715 878 785 tetumem
892 711 1049 787 improbes
1058 716 1223 790 quondum

315 793 440 869 Ignibus
457 793 584 855 Actaeis
598 791 765 854 incaluisse
779 811 886 870 neges.

273 878 392 941 Gaudio
405 885 529 953 rapturo
543 877 645 952 siquis
653 877 719 937 tibi
727 878 981 941 clauderoveiiet

313 962 425 1023 Aerios
440 962 558 1033 editust
580 976 643 1037 quo
656 969 798 1037 paterere
811 963 927 1024 modot

230 1048 384 1122 Meroe,
406 1061 531 1122 precor,
554 1046 738 1120 facilemque
752 1047 1047 1111 movemodemtius
1060 1066 1189 1113 eurum:

313 1129 650 1206 imperetflippotudee
665 1129 712 1191 sie
728 1130 782 1190 tibi
797 1131 885 1192 triste
896 1132 982 1192 nihii.

271 1217 361 1277 Vana
375 1222 461 1290 peto,
481 1213 690 1290 preeibusque
700 1214 781 1276 meis
797 1215 1007 1278 obmurmurat
1017 1218 1101 1292 ipse,

315 1300 461 1376 Quasque
476 1299 584 1375 quatit,
600 1299 685 1359 nuile
697 1307 922 1374 porteeoereet
936 1316 1053 1377 aquae:

270 1385 358 1447 Nune
374 1383 462 1444 daret
478 1382 614 1444 audaces
628 1383 743 1444 utinum
758 1382 831 1443 mihi
847 1382 1102 1446 Daedalusniosz

229 1481 264 1534 50
316 1468 447 1530 Icarium
464 1467 607 1542 quamvis
620 1466 871 1543 hieoropeditus
885 1468 989 1529 edest-

272 1552 426 1629 Quidquid
439 1553 509 1627 erit,
530 1551 638 1626 patiar.
648 1578 650 1587 r
661 1552 753 1612 iieeut
763 1551 858 1612 modo
869 1566 989 1628 eorpus
1000 1552 1146 1615 ionum

313 1639 449 1710 Tollere,
472 1636 556 1711 quod
571 1636 665 1697 dubio
681 1636 940 1712 saepopependit
954 1653 1044 1712 eone.

272 1723 406 1795 Interea,
429 1721 502 1781 dum
515 1727 626 1781 cuneta
639 1726 752 1796 negent
767 1720 911 1796 ventique
925 1721 1108 1797 fretumque,

313 1805 416 1865 Mente
431 1804 514 1880 agito
527 1803 598 1865 furti
611 1810 752 1881 temporo
771 1804 869 1881 prima
883 1803 952 1864 mei.

230 1902 263 1954 55
274 1891 342 1951 Nox
355 1896 421 1950 eret
435 1889 620 1964 incipiens...
634 1903 767 1963 nemque
781 1895 831 1949 eet
843 1888 1021 1973 meminisse
1034 1891 1222 1966 reduetus„

315 1973 389 2036 Cum
404 1973 521 2035 ionibus
534 1972 643 2049 patriis
654 1972 837 2050 egrediebar
852 1988 969 2034 emens.

272 2059 335 2120 Nee
350 2074 451 2133 more,
473 2057 616 2134 deposito
631 2058 746 2133 pariter
760 2072 830 2118 eum
845 2063 933 2118 veste
945 2057 1072 2118 timore·

314 2141 468 2203 lactabam
479 2141 599 2217 rliquido
614 2141 741 2203 breonis
751 2141 838 2202 *lenta
851 2141 941 2201 mori:

273 2229 358 2289 Luna
371 2227 437 2288 iere
451 2226 611 2287 tremulum
625 2225 794 2301 praebebat
808 2224 1017 2299 lumeneuuti,

230 2323 265 2378 60
316 2312 357 2373 Ut
372 2326 479 2372 eomes
491 2310 523 2370 in
539 2316 663 2370 nostrus
680 2309 822 2370 officiose
833 2308 913 2370 vies.
1018 2332 1021 2337 >

271 2397 358 2458 Hane
375 2411 435 2471 ego
453 2393 628 2471 suspioiens
644 2393 787 2468 ‘iaveustx
803 2393 864 2455 dea
876 2392 1037 2467 eondidu,’
1054 2392 1125 2455 dixi

314 2480 365 2541 ‘Et
379 2478 513 2540 subeant«
524 2477 628 2538 animo
641 2478 759 2539 Latmia
770 2493 850 2538 saxu
862 2483 926 2539 tuo.

272 2565 340 2626 Non
355 2564 428 2625 sinit
440 2562 616 2642 Endymion
636 2569 668 2624 te
683 2562 818 2637 peotoris
833 2576 906 2623 esse
921 2562 1037 2622 severi:

313 2648 429 2724 Flecte,
451 2662 578 2723 preoor,
601 2648 703 2707 vultus
720 2647 760 2706 ad
775 2662 844 2706 meo
858 2647 1027 2707 turtutuos.

231 2736 333 2805 odiu,
357 2734 432 2807 deo,
453 2730 615 2793 mortalem
624 2731 714 2792 coeio
730 2730 860 2807 delapsa
876 2730 1013 2807 petebas.

314 2818 398 2877 Vero
412 2815 496 2893 toqui
510 2815 610 2877 lieeet.
634 2830 733 2891 quam
742 2831 873 2894 sequor,
897 2813 966 2891 ipse
981 2813 1041 2875 de'u
1054 2822 1114 2875 est

272 2902 338 2963 Neu
351 2902 481 2963 referem
498 2915 601 2960 mores
617 2899 743 2960 caelesti
756 2903 884 2975 pectore
897 2898 1029 2973 dignen:

314 2983 497 3047 Formonisi
512 2983 728 3045 iuvenesnon
747 2983 829 3044 ondit
845 2982 898 3043 iiie
914 2982 1000 3043 deas.

272 3071 300 3130 A
314 3068 447 3131 Veneris
461 3068 541 3130 ioeie
551 3083 620 3128 non
635 3075 684 3129 est
699 3066 786 3143 prior
800 3067 862 3126 nile
876 3074 1005 3141 tuamor

232 3163 266 3220 ⁷0
316 3154 402 3215 Neve
417 3152 495 3214 meis
510 3151 622 3214 eredas
638 3149 780 3225 vocibus,
803 3152 873 3227 ipse
890 3151 970 3211 vide.

273 3237 439 3314 Quantum,
460 3252 531 3297 eum
546 3236 648 3313 irriges
662 3234 757 3296 mdiis
772 3241 917 3311 argentea
932 3234 1026 3310 puris,

316 3317 495 3384 Concedunt
511 3319 644 3381 flammis
658 3319 762 3381 sidem
778 3326 888 3382 cuneta
903 3319 973 3393 tuis,

271 3407 368 3468 Tanto
382 3404 527 3467 formosis
543 3404 709 3467 formosior
723 3403 864 3464 omnibus
878 3403 930 3463 ilie
943 3408 1005 3463 este

315 3489 349 3551 Si
363 3489 498 3564 dubitas,
521 3503 661 3563 caecum,
685 3486 828 3565 cynthia,
851 3488 953 3548 lumen
968 3484 1088 3546 habes?
