2467 4042
395 265 445 318 111.
464 276 524 317 vm
539 268 737 318 12-vm156.
1003 261 1067 325 185

150 425 337 489 scribentem
358 428 439 489 iuvat
461 430 525 505 ipse
549 426 629 488 calor
651 428 818 506 minuitque
841 425 988 508 laborem,

194 514 267 575 Cum
291 533 398 594 quasso
421 533 560 577 crescens
583 523 704 594 pectore
728 517 823 576 lervel
845 533 938 594 opus.

149 602 305 682 Corrigere
330 611 359 664 at
381 621 431 664 res
454 612 501 664 est
523 610 604 663 tanto
629 605 721 683 magis
745 603 854 684 ardua,
877 611 987 683 quanto

194 689 317 770 Magnus
340 691 510 753 Aristarcho
533 693 627 752 maior
650 691 797 753 Homerus
821 699 899 773 erat3

101 789 134 839 25
151 778 200 839 Sic
224 781 354 840 animum
377 779 457 841 lento
481 797 621 842 curarum
643 780 753 859 frigore
777 779 882 861 laedit,

194 866 232 928 Ut
255 867 354 947 cupidi
378 885 487 929 census
510 868 593 929 irena
616 876 746 928 retentat
768 870 855 947 equi.

149 954 245 1033 Atque
268 957 310 1016 ita
332 955 363 1016 di
384 958 472 1016 mites
494 957 630 1016 minuant
652 956 725 1016 mibi
748 956 881 1017 Caesaris
904 958 997 1037 iram,

194 1040 326 1122 Ossaque
349 1050 450 1123 pacata
474 1052 576 1105 nostra
598 1052 737 1123 tegantur
760 1044 869 1125 humo,

148 1128 187 1191 Ut
210 1130 283 1192 mibi
306 1133 425 1193 conanti
447 1150 670 1211 nonnumquam
693 1124 849 1194 intendere
873 1149 960 1194 curas

100 1230 134 1280 so
193 1218 341 1281 Fortunae
364 1222 479 1300 speeies
503 1218 600 1281 obstat
624 1219 730 1281 acerba
753 1237 855 1296 meae,

148 1304 262 1385 Vixque
285 1308 359 1368 mibi
382 1307 505 1387 videor,
529 1309 633 1369 faciam
656 1309 735 1387 quod
760 1310 907 1390 earmina,
931 1327 1039 1390 sanus,

193 1393 287 1472 Inque
310 1395 382 1457 ieris
406 1413 508 1455 curem
532 1398 682 1474 corrigere
706 1395 754 1456 illa
778 1395 873 1457 Getisl

148 1478 196 1541 Nil
220 1489 318 1542 tamen
342 1490 388 1542 est
410 1483 529 1561 scriptis
552 1485 646 1560 magis
670 1482 837 1544 excusabile
860 1485 989 1563 nostris,

196 1568 290 1640 Quam
313 1587 421 1630 sensus
443 1572 559 1630 cunctis
582 1586 676 1648 paene
700 1570 779 1649 quod
803 1588 881 1632 unus
904 1574 996 1632 inest.

100 1668 135 1718 so
148 1655 239 1718 Laeta
261 1657 324 1718 iere
347 1657 442 1719 laetus
465 1660 582 1719 cecini.
629 1675 702 1719 cano
726 1660 820 1719 tristia
844 1660 956 1720 tristis.
1012 1667 1069 1723 (1โฐ4)

194 1743 380 1808 Conveniens
403 1747 488 1825 operi
510 1753 628 1825 tempus
652 1752 812 1825 utrumque
837 1764 891 1807 suo
915 1754 980 1808 est.

151 1832 251 1914 Quid,
273 1837 332 1895 nisi
354 1834 391 1895 de
415 1835 485 1893 vitio
508 1832 637 1895 scribam
659 1835 789 1913 regionis
813 1852 946 1916 amarae,

194 1919 292 2000 thue
316 1922 381 1984 loco
404 1923 514 1983 moriar
538 1922 760 2003 commodiore,
783 1919 916 2002 precer?

151 2008 225 2070 Cum
249 2013 358 2072 totiens
382 2009 484 2072 eadem
508 2011 626 2091 dicam,
650 2012 697 2071 vix
720 2011 825 2072 audior
848 2010 919 2074 ulli:

101 2109 137 2158 40
194 2096 349 2179 Verbaque
372 2098 510 2178 proiectu
533 2097 716 2160 dissimulata
739 2097 869 2160 carent.ยน

150 2183 188 2247 Et
210 2194 310 2249 tamen
333 2187 406 2248 haee
429 2185 532 2248 eadem
555 2205 623 2249 cum
648 2189 729 2267 sint,
759 2204 819 2247 non
846 2185 1004 2249 scribimus

698 2275 810 2355 isdem3

193 2364 318 2444 Unaque
340 2380 395 2443 per
417 2362 520 2442 plures
542 2381 598 2423 vox
621 2380 687 2424 mea
709 2369 834 2442 temptat
857 2380 961 2442 opem.

150 2454 218 2531 An,
241 2471 279 2513 ne
302 2451 348 2512 bis
372 2468 493 2511 sensum
515 2449 610 2512 lector
634 2453 782 2530 reperiret
804 2451 950 2533 eundem,

194 2540 279 2618 Unus
302 2541 487 2620 amicorum,
511 2537 626 2619 Brute,
649 2539 798 2619 rogandus
822 2536 910 2601 erat?

64 2636 66 2640 '
100 2643 135 2693 45
149 2629 215 2691 Non
239 2629 296 2689 luit
317 2628 374 2689 hoc
397 2629 494 2689 tanti.
536 2626 673 2688 confesso
696 2628 864 2708 ignoscite,
887 2628 986 2691 docti:

193 2715 284 2778 Vilior
308 2724 353 2778 est
376 2718 475 2795 operis
498 2716 574 2777 lama
596 2715 691 2777 salute
714 2733 797 2777 mea.

148 2806 284 2886 Denique
307 2806 458 2866 materiam
484 2822 551 2864 cum
576 2805 644 2883 quis
667 2802 725 2865 sibi
747 2805 867 2865 finxerit
888 2805 973 2886 ipse,

192 2892 323 2956 Arbitrio
347 2896 440 2955 variat
461 2893 554 2954 multa
576 2900 664 2972 poeta
688 2911 760 2955 soc:

147 2982 231 3045 Musa
254 3000 319 3043 mea
342 2989 388 3044 est
409 2981 498 3043 indes
521 2982 647 3042 nimium
670 2999 789 3060 quoque
814 2998 882 3041 vera
906 2978 1068 3060 malorum,

76 3083 134 3139 to
193 3069 290 3149 Atque
312 3071 479 3147 incorrupti
502 3069 635 3148 pondera
658 3071 743 3130 testis
765 3067 872 3128 habet.

148 3157 209 3218 Nec
232 3155 308 3217 liber
331 3165 365 3217 nt
387 3157 474 3216 fieret
487 3201 496 3234 ,
519 3155 571 3216 sed
596 3158 640 3217 uti
663 3173 717 3216 sua
741 3158 849 3234 cuique
873 3154 995 3215 daretur

192 3243 326 3324 Littera,
348 3244 536 3323 propositum
558 3260 689 3320 curaque
714 3251 816 3303 nostra
838 3242 912 3302 fuit.

147 3331 308 3395 Postmodo
332 3331 492 3411 collectas,
515 3338 677 3407 utcumque
701 3332 765 3391 sine
789 3329 916 3411 ordine,
939 3331 1041 3391 iunxi:

192 3421 255 3482 Hoc
279 3438 354 3500 opus
378 3419 506 3480 electum
529 3437 566 3479 ne
589 3418 663 3478 mibi
685 3418 762 3480 forte
785 3427 890 3498 putes.

97 3521 133 3574 tt
146 3508 189 3572 Da
212 3511 327 3571 veniam
351 3510 471 3588 scriptis
483 3554 492 3587 ,
517 3524 644 3587 quorum
668 3524 727 3568 non
751 3506 844 3587 gloria
867 3504 952 3567 nobis

191 3597 307 3681 Causa,
331 3597 383 3659 sed
407 3596 519 3659 utilitas
542 3596 733 3677 officiumque
758 3596 830 3658 luit.
