2467 4042
414 211 485 283 vii,
502 217 663 270 tta-eet.
716 232 813 270 armos.
832 233 931 271 uacuo
984 217 1046 284 139

46 392 98 444 roc
113 380 243 443 Publica
266 380 468 463 suscipimus,
490 378 594 442 hacchi
616 378 672 441 tlhi
694 381 840 443 sumimus
862 375 1010 446 haustus.⁹

114 469 273 531 Consonat
295 486 419 530 assensu
441 468 545 549 populi
566 467 767 549 precibusque
790 469 940 532 tarentum

113 557 236 639 Regiay
258 576 317 619 nec
338 564 401 618 tota
423 559 518 619 tristis
541 556 626 619 locus
649 557 728 619 ullus
749 559 782 619 ln
804 557 880 619 urhe
904 566 967 622 est.

161 647 228 709 Nec
241 655 343 707 umen
356 678 398 690 -
413 663 509 725 usque
523 644 597 707 adeo
610 644 691 708 uuila
704 653 752 707 est
765 648 881 708 sincera
894 646 1047 730 voluptas,

114 735 350 814 sollicitumque
372 733 484 813 aliquid
501 733 587 796 luetis
609 736 771 796 intervenit
793 764 836 780 -
858 736 976 815 Aegeus

50 835 101 886 455
116 823 236 887 Gaudia
258 825 395 903 percepit
416 830 486 884 nate
509 840 616 884 secura
638 830 778 902 recepto.

114 913 200 974 Bella
213 919 302 992 parat
318 911 436 973 llinos.
468 912 520 990 qui
538 928 718 990 quamquam
735 910 851 994 milite,
870 930 1047 993 quamquam

116 1001 224 1063 Classe
245 999 325 1062 vaiet
336 1046 347 1077 ,
368 1001 465 1080 patria
487 1007 587 1061 umen
609 1008 657 1061 est
678 1000 867 1062 firmissimus
889 1002 933 1062 ira

115 1089 333 1169 Androgeique
355 1105 461 1150 necem
484 1089 571 1150 iustis
593 1087 750 1150 ulciscitur
772 1090 879 1150 umis.

116 1178 196 1240 Ante
221 1185 323 1238 tamen
345 1175 424 1238 hello
447 1179 527 1238 vires
548 1178 677 1255 acquirit
699 1178 825 1258 amcas,

52 1277 103 1328 Aac
121 1267 252 1346 Ouaque
275 1273 382 1344 potens
401 1263 543 1346 habitus,
565 1264 681 1326 volucri
698 1265 774 1326 irata
788 1264 882 1326 classe
895 1277 1047 1345 pererrat.

116 1354 197 1416 ilinc
219 1352 366 1433 Anaphen
388 1352 446 1415 sibi
468 1354 565 1433 iungit
587 1362 618 1415 et
631 1352 798 1433 Astypaleia
820 1371 929 1434 regna,

118 1443 283 1505 Promissis
305 1440 471 1523 Anaphen,
492 1459 584 1521 regna
605 1441 773 1521 Astypaleia
795 1440 890 1522 hello;

118 1530 197 1593 Hinc
221 1529 366 1591 humilem
388 1529 547 1609 Myconum
570 1538 747 1610 cretosaque
770 1547 842 1592 rura
865 1528 970 1591 Cimoli

119 1619 354 1698 Florentemque
369 1617 488 1698 Syron,
508 1617 675 1700 Cythnum,
692 1617 869 1698 planamque
885 1617 1049 1702 Seriphon,

57 1718 107 1769 eet
121 1707 381 1786 llarmoroamque
399 1705 520 1787 Paron,
543 1723 692 1784 quamque
714 1708 805 1786 impia
826 1705 958 1786 prodidit
971 1708 1049 1769 Arne

123 1795 261 1876 Siphnon
283 1802 315 1855 et
336 1802 459 1873 accepto
471 1840 481 1875 ,
504 1794 583 1872 quod
608 1812 694 1855 avara
716 1802 915 1876 poposcerat,
937 1813 1010 1856 auro

121 1883 238 1969 llutata
261 1890 309 1944 ast
329 1883 362 1943 in
376 1900 460 1944 arem
471 1927 481 1962 ‚
505 1899 581 1960 quae
595 1899 677 1944 nuuc
700 1900 818 1963 quoque
841 1882 938 1962 diligit
959 1896 1049 1938 ccxx.

925 1989 1049 2053 aurum,

121 2060 213 2140 Nigra
235 2057 351 2140 pedes,
372 2060 466 2138 nigris
488 2057 583 2120 velata
605 2057 764 2121 monedula
785 2061 909 2140 pennis.

122 2149 160 2210 At
181 2166 244 2209 non
268 2146 384 2208 Oliaros
407 2146 607 2227 Didymaeque
632 2156 663 2208 et
684 2147 783 2209 Tenos
806 2157 838 2208 et
858 2146 975 2209 Andros

60 2236 162 2299 stelit
184 2235 298 2316 Gyaros
320 2233 490 2315 nitidaeque
513 2235 596 2298 ierax
618 2235 801 2315 Peparethos
824 2234 917 2297 olivae

123 2324 284 2386 Gnosiacas
307 2325 410 2385 iuvere
432 2331 535 2386 rates.
561 2323 654 2385 latere
676 2323 747 2386 iude
769 2325 892 2385 sinistro

123 2413 287 2493 Oenopiam
308 2411 406 2473 hliuos
427 2414 525 2493 petit,
546 2411 701 2474 Aeacideia
723 2430 832 2491 regna.

124 2501 287 2581 Oenopiam
309 2508 427 2562 veteres
449 2499 657 2581 appellavere.
684 2500 738 2562 sed
761 2504 825 2581 ipse

125 2590 239 2651 Aeacus
261 2590 403 2668 Aeginam
425 2590 587 2669 genetricis
604 2590 725 2650 nomine
748 2588 837 2650 dixit.

63 2687 112 2738 tat
127 2677 225 2739 Turha
247 2679 309 2739 ruit
332 2683 491 2756 tantaeque
515 2680 613 2739 vuum
637 2694 818 2756 cognoscere
841 2678 935 2740 lamae

98 2796 100 2799 v
127 2764 266 2846 Expetit.
294 2774 458 2828 occurrunt
479 2765 523 2826 illi
545 2765 769 2846 Telamonque,
791 2767 948 2845 minorque

128 2853 220 2925 Onam
243 2852 386 2916 Telamon
406 2853 538 2934 Peleus,
562 2864 593 2915 et
614 2853 715 2934 proles
737 2856 826 2916 tertia
847 2854 983 2916 Phocus.

127 2940 191 3021 lpse
214 2960 334 3022 quoque
358 2942 512 3022 egreditur
534 2941 639 3003 tardus
661 2944 804 3021 graviute
827 2943 914 3003 senili

127 3030 239 3092 Aeacus
251 3079 261 3112 ,
285 3039 316 3092 et
338 3048 414 3111 quae
436 3032 477 3092 sit
498 3028 637 3092 veniendi
660 3048 771 3113 causa,
794 3032 937 3109 requhit.

66 3128 114 3179 eeu
126 3118 300 3180 Admonitus
322 3120 412 3199 patrii
430 3118 529 3181 luctus
552 3120 705 3201 suspirat,
728 3128 759 3181 et
780 3118 823 3180 illi

126 3206 208 3268 Dicta
230 3208 326 3269 refert
346 3216 447 3268 rector
468 3206 648 3288 populorum
671 3207 741 3269 talia
762 3213 902 3269 cautum:

126 3290 226 3356 ‘Arnm
247 3298 332 3357 iures
355 3312 410 3356 oro
428 3313 483 3376 pro
506 3305 595 3375 mato
618 3303 758 3378 sumpta,
780 3297 905 3375 piaeque

126 3382 201 3445 Pars
224 3385 266 3444 sis
288 3383 434 3446 militiae:
457 3383 572 3445 tumulo
595 3384 703 3445 solacia
725 3378 847 3464 posco?

127 3470 205 3534 Huic
227 3471 390 3552 Asopiades
414 3467 503 3551 ‘petis
526 3466 624 3534 irrita'
642 3471 717 3534 dixit
740 3467 782 3532 ‘et
803 3469 873 3532 urhi

67 3558 188 3621 certon
211 3559 346 3621 iacienda
368 3576 474 3641 meae;
497 3578 594 3640 neque
620 3562 700 3623 euim
722 3561 911 3622 coniunctior
932 3555 992 3620 ulla
