2467 4042
159 231 204 299 26
575 235 746 286 uersurum

248 398 385 460 Attamen
408 398 439 458 ln
463 414 575 478 poenae
598 398 717 458 nomine
740 396 807 459 lene
830 386 904 460 tuit:

247 486 363 566 Quippe
386 484 556 567 relegatus,
579 503 639 546 uon
662 484 731 547 exul
753 486 836 546 dicor
858 487 890 546 in
912 484 981 568 illo,

247 574 392 655 Privaquo
416 575 552 635 fortunae
575 580 647 635 sunt
668 573 710 634 ibi
732 573 822 635 verba
844 592 943 636 meae.

248 662 333 725 Nulla
357 662 476 740 quidem
499 680 571 722 sano
594 663 711 740 gravior
734 665 901 741 mentisque
924 665 1039 742 potenti

80 780 86 793 ·
183 762 234 813 140
249 750 346 812 Poena
369 759 415 811 est
427 798 436 833 ,
460 768 548 830 quam
571 757 654 811 tanto
677 749 863 830 displicuisse
886 752 968 833 uir03

248 839 306 899 Sed
330 837 405 900 solet
427 839 578 900 interdum
600 839 665 899 lieri
688 838 829 917 placabile
852 856 980 902 numen:

247 925 331 988 Nube
354 924 430 988 solet
451 925 536 1007 pulsa
559 925 703 987 candidus
727 929 772 987 ire
795 926 875 987 dies.

248 1014 313 1075 Vidi
336 1034 391 1095 ego
414 1016 578 1095 pampineis
601 1021 751 1075 oneratam
774 1014 884 1075 vitibus
902 1013 1034 1096 ulmum,

248 1102 329 1174 Quae
353 1104 451 1164 luerat
474 1105 553 1163 saevi
576 1102 699 1163 fulmine
722 1110 800 1163 tacta
822 1102 916 1163 lovis.

184 1202 233 1254 14⁶
249 1190 315 1271 lpse
338 1190 408 1252 licet
431 1208 552 1270 sperare
575 1200 680 1271 vetes,
703 1190 889 1270 sperabimus
911 1208 1025 1273 usque3

246 1278 309 1340 lloc
332 1296 424 1340 unum
448 1279 513 1339 lieri
535 1289 565 1340 te
587 1277 764 1358 prohibente
787 1286 902 1359 potest.

212 1396 215 1402 ·
247 1367 322 1447 Spes
340 1366 412 1429 mibi
430 1384 535 1445 magna
553 1366 655 1447 subit,
679 1384 746 1428 cnm
765 1374 813 1447 te,
836 1367 991 1428 mitissime
1008 1368 1178 1454 princeps,

249 1455 323 1535 Spes
346 1455 419 1515 mibi
431 1501 440 1536 ,
463 1457 591 1535 respicio
615 1472 684 1516 cum
707 1471 772 1515 mea
794 1454 893 1534 facta,
916 1455 1012 1522 cadit.

247 1545 290 1605 llo
312 1542 404 1604 veluti
426 1545 522 1604 ventis
545 1542 725 1622 agitantibus
747 1547 816 1604 abra
838 1560 899 1604 non
922 1551 969 1605 est

183 1643 235 1694 150
249 1628 387 1711 Aequalis
410 1630 507 1692 rabies
531 1633 750 1710 continuusque
774 1630 880 1712 irrror3

248 1719 306 1781 Sed
330 1719 417 1779 modo
441 1718 599 1780 subsidunt
620 1720 843 1799 intermissique
867 1717 1026 1803 silescunt,

247 1806 371 1886 Vimque
395 1814 483 1885 putes
505 1807 571 1867 illos
594 1807 768 1887 deposuisse
791 1824 893 1868 suam:

247 1895 296 1956 Sic
319 1894 429 1956 abeurn
451 1894 638 1974 redeuntque
661 1897 720 1955 mei
742 1897 915 1974 variantque
938 1896 1079 1979 timores,

247 1982 285 2045 Et
308 2000 391 2063 spem
414 1982 549 2061 placandi
572 1982 701 2062 dantque
726 1990 893 2061 negantque
917 1984 978 2043 tul.

184 2083 234 2134 tot
248 2071 307 2133 Per
330 2088 455 2151 superos
477 2073 590 2152 igitur,
620 2072 671 2150 qul
694 2071 764 2131 dant
784 2070 841 2141 tibi
863 2071 950 2149 longa
973 2070 1151 2152 dabuntque

246 2159 414 2239 Tempora,
439 2158 604 2220 Romanum
628 2160 653 2219 si
676 2158 764 2219 modo
787 2176 895 2219 nomen
919 2167 1034 2240 amant,

246 2247 304 2309 Per
327 2246 474 2329 patriam,
497 2264 573 2327 quae
596 2254 627 2308 te
650 2253 713 2308 tnta
736 2254 767 2308 et
789 2263 895 2308 secura
917 2256 1040 2326 parente
1064 2257 1131 2330 est,

248 2334 340 2397 Culus
353 2381 362 2415 ,
385 2338 472 2396 utin
494 2334 627 2418 populo,
650 2352 719 2415 pars
742 2352 796 2414 ego
820 2353 916 2415 nuper
940 2352 1038 2417 eram,
1059 2367 1098 2379 -

248 2422 297 2483 Sic
321 2422 396 2504 tibi,
420 2441 509 2503 quem
532 2441 651 2502 semper
673 2423 759 2484 lactis
783 2424 940 2503 animoque
963 2425 1109 2501 mereris,

184 2522 234 2574 160
249 2510 400 2572 Reddatur
423 2518 522 2590 gratae
546 2510 665 2572 debitus
688 2510 775 2571 Urbis
799 2529 900 2573 amor:

249 2598 330 2660 Livia
354 2600 397 2660 sic
419 2608 519 2659 tecum
543 2599 667 2660 sociales
691 2597 836 2678 compleat
859 2616 968 2678 annos,

248 2686 352 2767 Quae,
375 2687 433 2747 nisi
456 2696 508 2768 te,
531 2685 612 2748 nullo
636 2690 761 2766 coniuge
785 2687 872 2766 digna
895 2687 968 2767 luit,

248 2774 329 2845 Quae
353 2776 379 2835 si
402 2791 462 2834 non
485 2783 586 2856 esset,
610 2774 726 2837 caelebs
748 2781 779 2836 te
801 2777 860 2836 vita
884 2775 1021 2857 deceret,

247 2861 415 2944 Nullaque,
438 2865 488 2924 cui
509 2881 614 2943 posses
637 2881 703 2924 esse
727 2865 874 2944 maritus,
897 2871 978 2924 erata

183 2962 233 3012 too
249 2950 365 3030 Sospite
389 2952 432 3011 sic
456 2960 485 3012 te
508 2954 547 3012 sit
570 2960 658 3012 natus
681 2969 800 3031 quoqne
824 2968 949 3031 sospes,
972 2959 1003 3013 et
1025 2949 1095 3012 olim

247 3039 408 3118 lmperlum
432 3048 515 3118 regat
537 3040 594 3101 boc
618 3056 687 3100 enm
710 3041 827 3100 seniore
851 3056 960 3101 senex:

248 3126 287 3188 Ut
309 3127 481 3207 iaciuntque
505 3129 571 3208 tui,
595 3126 679 3188 sidus
701 3128 860 3206 iuvenale,
884 3134 1026 3208 nepotes,

246 3214 305 3276 Per
323 3224 374 3277 tua
396 3234 510 3295 perque
533 3217 579 3276 sni
602 3215 680 3276 lacta
702 3218 833 3294 parentis
857 3223 943 3276 eant:

248 3302 298 3364 Sic
322 3303 443 3365 adsueta
467 3306 526 3366 tuis
549 3320 668 3382 semper
690 3302 819 3364 Victoria
842 3305 948 3364 castris

184 3402 235 3452 170
248 3390 335 3452 Nunc
358 3409 476 3471 quoque
500 3409 532 3452 se
555 3399 688 3470 praestet
710 3400 839 3471 notaque
863 3393 1066 3472 signapetat,

247 3480 470 3558 Ausoniumque
494 3479 601 3540 ducem
624 3478 719 3540 solitis
742 3479 936 3541 circumvolet
959 3478 1031 3558 alis,

247 3565 342 3628 Ponat
364 3568 447 3628 etin
471 3566 562 3628 nitida
585 3567 685 3629 laurea
709 3576 788 3629 serta
811 3584 912 3629 coma:
