2467 4042
431 283 546 347 136
1177 281 1715 342 EPISTULAE.

503 445 572 497 80
681 435 914 510 Sumis,
963 451 1208 511 quaque
1240 434 1394 509 bibi,
1442 443 1503 496 tu
1536 451 1784 511 quoque
1816 443 1988 511 parte
2019 439 2205 500 bibis.

593 523 671 580 A!
723 522 1003 595 quotiens
1036 519 1269 595 digitis„
1317 520 1601 594 quotiens
1632 536 1747 595 ego
1778 528 1935 581 tecta
1964 525 2181 584 notavi

674 604 863 681 Signa
894 603 1222 680 supercilio
1255 620 1452 679 paene
1481 605 1769 680 loquente
1800 605 1949 664 dari.

587 689 659 750 Et
687 705 877 766 saepe
909 687 1190 760 extimui,
1237 705 1314 747 ne
1342 688 1440 748 vir
1468 705 1639 749 meus
1672 688 1773 748 ilia
1804 689 2057 765 videret,

671 775 802 834 Non
836 773 983 833 satis
1013 772 1267 832 occultis
1301 772 1640 848 erubuique
1668 773 1849 834 notis.

499 865 566 919 85
594 857 795 934 Saepe
824 860 921 918 vel
953 858 1206 933 exiguo,
1255 859 1352 918 vel
1387 858 1552 918 nullo
1584 873 1889 917 murmure
1921 858 2049 918 dixi

670 943 786 1002 ‘Nil
826 942 1011 1018 pudet
1043 942 1249 1001 hunc’.
1296 957 1409 1002 nec
1440 957 1563 1002 vox
1593 941 1747 1002 haec
1776 958 1913 1002 mea
1946 943 2103 1003 falsa
2132 944 2265 1005 fuit.

586 1025 745 1088 Orbe
779 1042 1029 1102 quoque
1061 1026 1118 1086 in
1151 1042 1403 1086 mensae
1435 1027 1552 1102 legi
1584 1025 1700 1086 sub
1733 1026 1977 1086 nomine
2006 1036 2248 1100 nostro,

669 1111 844 1187 Quod
875 1111 1141 1171 deducta
1169 1125 1339 1172 mero
1370 1110 1562 1171 littera
1595 1111 1763 1184 fecit,
1811 1126 1965 1171 Auo.

585 1196 846 1257 Credere
875 1211 973 1255 me
1003 1201 1200 1255 tamen
1231 1194 1354 1256 hoc
1385 1197 1563 1256 oculo
1591 1201 1885 1255 renuente
1914 1197 2164 1271 negavi.

501 1290 565 1338 Ι111
669 1280 739 1340 Εἰ
770 1280 943 1354 mihi,
990 1279 1108 1339 iam
1140 1279 1326 1340 didici
1366 1279 1456 1340 sic
1488 1295 1603 1355 ego
1644 1295 1833 1355 posse
1867 1280 2057 1354 loqui.

582 1364 690 1427 His
722 1380 838 1440 ego
868 1362 1209 1439 blanditiis,
1257 1365 1309 1424 si
1344 1371 1671 1440 peccatura
1708 1364 1978 1439 fuissem,

662 1447 986 1510 Flecterer.
1030 1447 1127 1508 his
1166 1456 1445 1524 poterant
1480 1454 1733 1524 pectora
1760 1454 1971 1510 nostra
2004 1450 2170 1525 capi.

581 1533 690 1594 Est
720 1548 1000 1610 quoque,
1047 1533 1375 1607 confiteor,
1421 1533 1610 1593 facies
1644 1533 1751 1595 tibi
1780 1549 1940 1592 rara.
1987 1540 2323 1610 potestque

663 1619 840 1678 Velle
872 1617 989 1679 sub
1019 1619 1343 1692 amplexus
1377 1617 1464 1676 ire
1495 1619 1700 1693 puella
1729 1623 1889 1678 tuos,

497 1714 561 1766 95
586 1703 794 1763 Altera
822 1702 920 1762 vel
953 1702 1156 1777 potius
1192 1701 1337 1760 felix
1370 1702 1505 1762 sine
1534 1699 1783 1762 crimine
1816 1701 1937 1774 flat,

664 1786 856 1862 Quam
886 1785 1065 1847 cadat
1095 1794 1349 1846 externo
1383 1792 1594 1846 noster
1623 1802 1833 1846 amore
1867 1785 2097 1861 pudor!

581 1871 763 1932 Disce
792 1886 929 1931 meo
962 1871 1247 1945 exemplo
1281 1870 1613 1931 formonsis
1646 1886 1838 1946 posse
1867 1885 2097 1931 carere.

659 1956 769 2016 Est
797 1953 993 2016 virtus
1027 1953 1264 2031 placitis
1295 1953 1669 2016 abstinuisse
1700 1954 1900 2014 bonis.

581 2039 767 2116 Quam
796 2041 1019 2101 multos
1052 2038 1255 2113 credis
1287 2038 1544 2099 iuvenes
1578 2046 1821 2115 optare,
1869 2040 2037 2113 quod
2068 2048 2277 2116 optaS,

461 2134 553 2186 11111
660 2124 770 2200 Qui
803 2124 1088 2200 sapiant?
1133 2123 1350 2185 oculos
1382 2139 1456 2184 an
1486 2123 1657 2183 Paris
1686 2139 1848 2184 unus
1881 2122 2117 2185 habes?

581 2209 707 2270 Non
740 2216 799 2269 tu
833 2209 972 2284 plus
1006 2208 1237 2282 cernis,
1280 2207 1392 2267 sed
1427 2209 1565 2282 plus
1597 2206 1954 2268 temerarius
1985 2210 2220 2272 audes=

657 2294 784 2354 Nec
816 2292 921 2352 tibi
952 2293 1092 2367 plus
1123 2291 1361 2365 cordiS‚
1409 2291 1521 2352 sed
1553 2291 1752 2351 minus
1784 2292 1909 2352 oris
1941 2292 2138 2353 adest.

573 2379 737 2440 Tunc
776 2392 892 2455 ego
923 2384 982 2437 te
1011 2378 1234 2436 vellem
1263 2377 1444 2438 celeri
1478 2375 1725 2436 venisse
1756 2376 1980 2451 carina,

659 2460 805 2522 Cum
836 2477 972 2522 mea
1000 2460 1318 2535 virginitas
1351 2460 1512 2519 mille
1543 2461 1735 2535 petita.
1759 2462 1996 2536 procis:

457 2558 545 2606 ista
569 2547 632 2608 Si
663 2554 720 2609 te
755 2545 1077 2619 vidissem,
1124 2545 1359 2621 primus
1392 2545 1470 2604 de
1500 2543 1661 2604 mille
1692 2545 1939 2606 fuisses

655 2631 886 2692 Iudicio
919 2629 1157 2691 veniam
1192 2630 1284 2688 vir
1314 2629 1481 2690 dabit
1508 2629 1645 2704 ipse
1673 2645 1832 2690 meo.

569 2715 666 2776 Ad
701 2730 1002 2791 possessa
1034 2714 1209 2774 venis
1247 2720 1698 2790 praeceptaque
1728 2713 1954 2789 gaudia
1984 2729 2185 2775 serus.

655 2799 815 2876 Spes
846 2805 950 2859 tua
983 2799 1143 2858 lenta
1174 2799 1303 2858 ruit.
1352 2798 1518 2868 quod
1553 2798 1740 2872 petiS,
1782 2799 1935 2860 alter
1961 2796 2167 2858 habet.

576 2885 646 2946 Ut
674 2893 871 2946 tamen
908 2890 1181 2958 optarem
1214 2883 1343 2943 fieri
1376 2890 1474 2943 tua
1504 2880 1720 2942 Troica
1749 2884 2032 2958 coniunx,

453 2982 545 3030 1111
649 2969 904 3028 Invitam
933 2967 1024 3029 sic
1055 2983 1152 3027 me
1181 2984 1297 3028 nec
1329 2967 1645 3030 Menelaus
1676 2967 1874 3028 habet„

573 3054 795 3114 Desine
825 3053 1036 3127 molle,
1082 3067 1334 3127 precor,
1385 3050 1589 3110 verbis
1621 3053 1969 3112 convellere
1998 3057 2237 3127 pectus,

651 3138 818 3197 Neve
847 3136 1020 3209 mihi,
1070 3152 1250 3211 quam
1287 3143 1343 3195 te
1372 3135 1527 3194 dicis
1558 3151 1791 3207 amare,
1834 3150 2020 3196 noce=

569 3221 691 3282 Sed
723 3222 888 3295 sine,
932 3237 1112 3297 quam
1146 3219 1351 3281 tribuit
1377 3225 1602 3279 sortem
1635 3220 1906 3293 fortuna,
1956 3220 2125 3294 tueri,

648 3306 774 3365 Nec
809 3304 1071 3381 spolium
1101 3305 1295 3365 nostri
1329 3315 1503 3379 turpe
1537 3303 1788 3379 pudoris
1820 3303 1995 3364 habe.

453 3402 541 3454 115
569 3392 643 3450 At
670 3389 886 3450 Venus
918 3388 1036 3449 hoc
1067 3395 1247 3465 pacta
1277 3394 1401 3462 est,
1443 3395 1504 3447 et
1533 3388 1591 3448 in
1623 3389 1780 3448 altae
1812 3388 2071 3448 vallibus
2103 3389 2249 3448 ldae

650 3476 799 3534 Tres
830 3472 936 3534 tibi
972 3488 1041 3533 se
1072 3472 1272 3533 nudas
1304 3471 1638 3534 exhibuere
1668 3472 1851 3532 deae:

569 3559 827 3631 Unaque
858 3572 992 3618 cum
1024 3573 1307 3630 regnum,
1354 3556 1495 3616 belli
1528 3557 1699 3616 daret
1728 3558 1915 3617 altera
1947 3558 2208 3622 laudem.
