2467 4042
385 255 472 320 30
610 223 615 227 ’
1204 251 1604 314 AMoRUM

584 455 606 482 1

450 456 498 549 7
549 455 722 565 Ergo
758 487 1056 550 sufficiam
1090 504 1233 549 reus
1267 489 1326 548 in
1361 505 1526 550 nova
1555 488 1806 549 crimina
1836 497 2116 566 sempert

641 576 721 635 Ut
750 573 1021 645 vincam,
1068 573 1294 633 totiens
1331 571 1690 633 dimicuisse
1718 574 1902 650 piget.

559 659 702 720 Sive
731 674 847 733 ego
877 657 1198 716 marmorei
1229 658 1480 731 respexi
1516 673 1754 718 summa
1783 658 2030 731 theatri,

638 740 828 816 Eligis
862 757 895 800 e
931 741 1164 815 multiS,
1202 741 1365 800 unde
1401 741 1612 801 dolere
1649 742 1838 803 velis:

501 838 532 889 5
558 827 831 888 Candida
863 841 979 886 seu
1006 824 1191 885 tacito
1226 825 1376 884 vidit
1408 841 1505 884 me
1541 825 1763 885 femina
1794 827 1994 901 vultu,

638 911 704 969 In
738 911 908 971 vultu
938 909 1150 969 tacitas
1181 908 1389 983 arguis
1420 924 1564 969 esse
1593 916 1791 970 notas.

558 995 810 1072 Siquam
842 994 1116 1065 laudavi,
1163 993 1388 1053 misero
1423 994 1581 1068 petis
1610 1009 1815 1068 ungue
1845 992 2136 1068 capillosz

641 1079 706 1139 Si
737 1079 950 1153 culpo,
992 1077 1218 1136 crimen
1253 1076 1640 1137 dissimulare
1674 1085 1875 1152 putas.

556 1163 700 1225 Sive
726 1164 930 1223 bonus
972 1161 1144 1221 color
1177 1167 1300 1230 est,
1347 1160 1405 1220 in
1437 1168 1495 1221 te
1528 1176 1775 1237 quoque
1805 1160 2062 1244 frigidus
2096 1178 2314 1224 esse...

472 1259 539 1312 10
638 1247 764 1308 Seu
796 1247 1019 1315 malus,
1061 1246 1313 1306 alterius
1348 1246 1522 1305 dicor
1554 1261 1761 1307 amore
1797 1245 1970 1305 mori.

553 1333 755 1408 Atque
789 1346 903 1405 ego
937 1330 1172 1405 peccati
1207 1331 1427 1390 vellem
1456 1328 1602 1390 mihi
1637 1330 1923 1391 conscius
1956 1344 2186 1390 essem.

639 1417 859 1491 Aequo
891 1415 1094 1473 animo
1130 1429 1393 1488 poenam
1431 1415 1537 1489 qui
1570 1430 1879 1487 meruere,
1929 1415 2149 1475 ferunt.

554 1501 724 1560 Nunc
758 1508 985 1558 temere
1016 1496 1363 1573 insimulaS,
1413 1498 1851 1574 credendoque
1884 1498 2088 1558 omnia
2118 1500 2352 1560 frustra

637 1585 783 1658 Ipsa
814 1589 984 1641 vetas
1017 1581 1164 1640 iram
1198 1582 1445 1656 pondus
1476 1582 1704 1643 habere
1738 1590 1922 1644 tuam.

473 1677 536 1731 15
559 1668 818 1744 Aspice,
859 1674 926 1726 ut
959 1666 1190 1726 auritus
1224 1667 1611 1727 miserandae
1643 1668 1828 1728 sortis
1865 1668 2094 1728 asellus

637 1749 920 1813 Adsiduo
955 1750 1219 1810 domitus
1256 1751 1516 1811 verbere
1555 1751 1757 1812 lentus
1783 1759 1902 1813 eat.

552 1837 714 1897 Ecce
744 1850 972 1895 novum
1001 1835 1261 1909 crimen,
1309 1836 1529 1895 sollers
1565 1852 1785 1896 ornare
1817 1836 2116 1915 Cypassis

641 1920 908 1981 Obicitur
936 1919 1222 1980 dominae
1252 1926 1708 1980 contemerasse
1740 1928 1955 1981 torum.

552 2003 627 2066 Di
659 2005 907 2078 molius,
955 2020 1139 2078 quam
1168 2018 1299 2077 me,
1348 2003 1399 2063 si
1431 2003 1509 2063 sit
1539 2019 1839 2079 peccasse
1870 2004 2089 2079 libido,

469 2099 538 2152 20
648 2087 912 2149 Sordida
944 2093 1331 2162 contemptae
1363 2088 1549 2148 sortis
1582 2090 1778 2148 amica
1808 2089 2004 2148 iuvet!

555 2173 701 2248 Quis
728 2172 993 2232 Veneris
1030 2172 1295 2231 famulae
1320 2173 1582 2232 conubia
1613 2170 1767 2233 liber
1802 2172 1955 2232 inire

640 2259 957 2332 Tergaque
989 2256 1293 2330 conplecti
1324 2256 1584 2315 verbere
1616 2264 1787 2317 secta
1816 2257 2004 2316 velit?

554 2342 736 2404 Adde
770 2340 935 2417 quod
970 2339 1265 2399 ornandis
1297 2340 1398 2399 illa
1427 2347 1522 2400 est
1553 2347 1805 2416 operata
1835 2340 2073 2416 capillis
2093 2387 2107 2412 ,

637 2426 712 2485 Et
742 2425 847 2485 tibi
883 2440 995 2499 per
1024 2424 1241 2484 doctas
1271 2431 1443 2500 grata
1476 2424 1747 2485 ministra
1779 2441 2015 2485 manus.

473 2524 537 2572 2
561 2509 805 2572 Scilicet
832 2509 1140 2582 ancillam,
1191 2524 1352 2584 quae
1388 2515 1507 2568 tam
1539 2507 1646 2569 tibi
1677 2508 1831 2581 fida,
1869 2516 2198 2584 rogarem?

640 2593 827 2669 Quid,
869 2593 989 2652 nisi
1015 2600 1082 2653 ut
1109 2593 1339 2654 indicio
1370 2593 1574 2653 iuncta
1604 2594 1854 2668 repulsa
1888 2595 2081 2653 foret?

557 2680 668 2738 Per
694 2679 1000 2737 Venerem
1031 2677 1163 2739 iuro
1196 2677 1495 2752 puerique
1522 2678 1789 2737 volatilis
1822 2685 2030 2739 arcus!

637 2762 736 2822 Me
767 2778 889 2822 non
922 2762 1179 2822 admissi
1205 2761 1475 2823 criminis
1505 2777 1647 2822 esse
1678 2777 1865 2821 reum.

449 2900 501 2988 S
561 2896 880 2993 Ponendis
918 2933 987 2992 in
1010 2933 1172 2993 mille
1204 2932 1428 2993 modos
1459 2933 1732 3008 perfecta
1763 2931 2035 3007 capilliS,

641 3018 892 3078 Comere
922 3017 1035 3077 sed
1069 3018 1239 3077 solas
1267 3016 1484 3091 digna,
1536 3016 1830 3093 Cypassi,
1881 3017 2066 3090 deaS,

557 3104 627 3164 Et
655 3102 797 3160 mihi
834 3102 1098 3162 iucundo
1132 3117 1253 3161 non
1289 3101 1521 3161 rustica
1553 3102 1796 3175 cognita
1826 3101 2013 3175 furt0,
2155 3103 2164 3112 '

637 3188 800 3262 Apta
834 3186 1081 3260 quidem
1114 3185 1431 3255 dominae,
1480 3186 1591 3244 sed
1625 3183 1820 3259 magis
1860 3193 2004 3260 apta
2032 3183 2211 3255 mihi,

501 3284 529 3328 ει
553 3270 698 3344 Quis
734 3270 842 3330 fuit
876 3271 1031 3330 inter
1058 3286 1174 3330 nos
1213 3270 1429 3330 sociati
1460 3270 1743 3343 corporis
1777 3269 2005 3328 index?

640 3354 847 3414 Sensit
876 3355 1240 3414 concubitus
1273 3354 1435 3413 unde
1467 3352 1731 3413 Corinna
1759 3359 1942 3412 tuos?

557 3439 706 3498 Num
734 3445 933 3498 tamen
966 3437 1204 3511 erubui,
1254 3455 1426 3512 num,
1472 3439 1666 3497 verbo
1697 3440 1911 3511 lapsus
1941 3438 1997 3496 in
2036 3439 2190 3512 ullO,

639 3521 920 3585 Furtivae
950 3521 1193 3583 veneris
1230 3521 1480 3582 conscia
1514 3522 1688 3596 signa
1719 3519 1908 3580 dedi?
