2467 4042
195 192 271 248 XLII

195 361 302 419 natum
326 358 461 435 videtin,
492 357 572 435 quod
599 358 718 435 syllaba
743 362 809 427 nat,
842 359 953 434 scripto
981 363 1005 436 t,
1031 361 1068 419 ut
1093 361 1168 418 erat
1187 358 1216 418 in

196 446 260 507 eod.
274 445 401 524 Sanan,
425 445 463 506 ad
485 445 587 523 gruem
609 446 845 523 similitudinem,
867 448 973 507 habita
994 466 1050 523 pro
1070 451 1130 507 nait
1153 465 1215 507 cun

196 535 319 613 lineola,
351 552 427 611 quae
458 553 514 610 pro
541 552 563 594 n
589 536 682 595 esset:
714 537 879 610 usurpatur
905 553 941 594 ea
966 536 999 594 in
1024 536 1058 594 M
1085 536 1217 596 maxime

195 623 229 682 in
245 623 304 682 fine
325 622 549 699 vocabulorum,
571 627 658 700 ccmo,
681 624 827 704 ommam,
850 625 1010 698 mutarn,
1033 619 1217 699 oppromia

195 711 235 785 B,
262 711 314 787 qui
340 711 515 771 litteratura
540 711 771 787 anglosaxonica
798 714 952 787 exaratus,
980 712 1075 771 etiam
1100 712 1138 770 in
1159 727 1216 772 me·

196 799 268 876 diis,
289 800 467 873 1519115555,
490 801 588 873 licere,
611 802 699 859 tetatc
720 800 810 858 1181
838 802 901 859 184
927 801 1000 859 190.
1037 800 1125 859 idem
1149 798 1216 860 <lici

195 890 247 947 tur
268 904 303 945 ac
325 900 363 947 VI
378 888 441 947 326
465 887 594 946 tremulis
616 888 796 947 circumdata
817 890 928 947 munis.
1029 883 1100 947 632
1124 895 1217 947 amu·

196 986 336 1047 eunoun
353 985 534 1036 aurursus
552 974 698 1036 ancrs
717 986 851 1035 emaus.
887 976 1057 1049 bonanae
1074 989 1219 1038 recurrero

195 1064 267 1123 libri
284 1066 405 1140 praeter
422 1063 464 1139 Μ,
487 1063 539 1139 qui
554 1079 729 1137 repugnans.
760 1064 836 1122 illud
858 1064 1011 1140 glossema
1032 1064 1218 1140 putaverim,

195 1153 252 1211 hoe
273 1151 416 1211 mendum
437 1169 473 1210 ex
496 1150 679 1211 oblitteratis
706 1152 738 1211 in
761 1152 923 1228 archetypo
945 1170 1094 1212 versuum
1124 1154 1218 1212 extra·

196 1240 253 1299 mis
275 1239 427 1316 partibus,
450 1238 551 1315 qualia
572 1239 605 1299 in
626 1240 684 1299 hoc
705 1240 896 1315 potissimum
917 1239 1010 1316 libro,
1033 1240 1156 1316 partim
1175 1239 1217 1299 ia

196 1345 278 1405 sana,
300 1327 464 1387 abundant.
508 1344 619 1388 vanum
640 1346 734 1404 prope
757 1330 824 1387 erat
844 1327 1016 1387 litterarum
1040 1328 1158 1388 ductus
1180 1325 1217 1388 ri·

195 1416 281 1493 mari,
302 1415 363 1476 nisi
383 1416 449 1492 hoo,
472 1416 552 1491 quod
570 1415 733 1475 secundum
745 1414 922 1492 Vergiliana
939 1419 1068 1495 retunso,
1092 1417 1218 1494 obtunsi

196 1503 249 1564 Ge.
268 1515 295 1563 11
314 1505 377 1564 301
415 1504 526 1579 1262,
560 1503 694 1581 exhibui,
725 1504 941 1580 proprietatem
966 1504 1054 1563 illam
1078 1523 1159 1581 prae
1186 1521 1218 1566 aa

195 1592 298 1671 ferret,
321 1609 412 1668 quam
433 1592 615 1667 peculiarem
637 1593 744 1668 poetae
765 1593 797 1651 in
819 1593 877 1651 hoc
894 1610 1003 1668 genere
1021 1610 1123 1668 snpra
1142 1592 1216 1654 dioc·

195 1682 274 1741 bana
314 1680 494 1756 ubicumque
530 1680 569 1739 ad
604 1681 650 1738 rei
684 1680 816 1739 rusticae
846 1680 1034 1755 disciplinam
1069 1681 1217 1756 defertur,

196 1768 300 1829 Sabini
321 1768 443 1844 ingenii,
466 1786 524 1844 quo
547 1770 647 1845 natus,
670 1768 866 1845 sagacitatem
883 1785 1039 1845 agnoscas.
1079 1769 1216 1832 radimur

195 1857 296 1934 fibras,
318 1875 386 1917 cum
408 1855 549 1916 ariditate
571 1858 706 1934 torpent,
727 1856 880 1934 resiliunt,
903 1859 1119 1935 extenuantur,
1142 1853 1217 1918 nihil

196 1945 254 2004 dici
276 1947 377 2021 potest
399 1944 557 2021 signatius,
580 1962 671 2020 quam
692 1944 821 2003 retundi.
929 1938 992 2004 658
1015 1944 1217 2018 PLURAQU!

195 2044 385 2093 urrunnun
417 2043 463 2092 uo
498 2044 611 2092 numu
640 2042 783 2108 oscunu,
812 2043 944 2105 cunnus
955 2064 1007 2090 -.
1052 2031 1217 2109 Paucaque

196 2123 333 2182 laudatae
353 2122 430 2180 aaut
451 2120 523 2179 libri
545 2138 661 2198 omnes;
682 2120 763 2197 quod
784 2138 844 2180 non
864 2119 1085 2197 intelligebam.
1125 2119 1216 2182 auda·

196 2210 260 2270 cius
285 2210 416 2270 fortasse
442 2208 548 2269 refinxi
574 2226 643 2268 cum
669 2210 841 2269 structurae
871 2208 1085 2286 imparilitate,
1118 2207 1216 2287 qualia

196 2311 220 2358 v
236 2299 299 2357 130
328 2314 383 2371 quo
409 2314 469 2357 uon
488 2298 658 2372 possederat
680 2298 753 2356 ulter
775 2298 876 2374 latius,
903 2301 956 2357 out
980 2297 1100 2357 urium
1127 2290 1218 2378 (quot

196 2378 262 2466 ille)
286 2387 399 2445 allebat
420 2388 494 2446 turis
517 2402 641 2445 aracos.
730 2380 795 2445 662
819 2384 919 2453 QUAM
942 2395 1089 2445 scurra
1112 2397 1217 2448 rosn-

197 2486 295 2546 ouau
328 2484 484 2533 rnurraa
517 2485 673 2533 v1uuuru
705 2484 890 2534 raoauwr.
936 2473 1031 2547 ρναηι
1062 2477 1154 2549 copia
1184 2492 1216 2549 p.

195 2563 236 2640 M,
251 2562 345 2637 Quom
366 2563 446 2623 socio
461 2580 496 2636 p.
530 2562 648 2638 reliqui
681 2554 833 2637 ‘probavit
855 2552 904 2642 (ut
926 2553 1061 2642 111425)
1085 2565 1218 2639 propter

195 2651 353 2727 virtutem,
380 2669 457 2726 quae
484 2649 574 2709 simul
603 2642 731 2730 (puriter
753 2650 856 2709 11505
883 2661 949 2708 vm
963 2642 1042 2728 324)
1071 2653 1217 2710 ornatum

195 2731 342 2799 haberet?
445 2734 508 2798 671
536 2748 606 2797 rac
630 2748 788 2798 comuux
811 2750 936 2812 numu,
962 2749 1033 2798 rur
1056 2749 1217 2799 aunncrs

196 2839 324 2889 11111118.
360 2827 473 2887 retraxi
495 2826 623 2903 obelum,
646 2844 735 2902 quem
758 2826 830 2886 olim
851 2825 947 2902 posui
982 2826 1144 2886 fatendum
1168 2829 1217 2887 est

196 2916 336 2976 affectata
354 2918 385 2975 et
399 2915 596 2992 grammatica
617 2914 672 2973 illa
692 2914 851 2973 reticentia
871 2933 960 2975 usum
978 2916 1113 2993 poetam,
1136 2932 1217 2993 quac

196 3007 408 3080 praeterquam
430 3005 461 3063 in
481 3002 567 3063 Ibide
588 3002 640 3065 vix
661 3004 788 3079 1v786,
818 3014 857 3061 1x
872 3004 934 3061 123
959 3003 1101 3062 occurrit
1139 3005 1215 3063 tima

196 3094 264 3169 duc,
296 3112 386 3168 quem
411 3091 548 3167 intellegi
569 3092 650 3169 uult,
673 3093 720 3151 est
741 3090 907 3167 Adrastus,
935 3092 987 3167 qui
1009 3084 1156 3164 ἔφευγεν
1180 3086 1216 3151 ἐκ

197 3177 326 3255 Θηβῶν,
357 3175 469 3255 εἵματα
502 3174 605 3254 λυγρὰ
631 3174 743 3254 φέρων
771 3175 828 3239 ctu
850 3171 984 3253 Ἀρείονι
1013 3173 1214 3258 κυανοχαίτῃ

196 3268 285 3328 Paus.
308 3270 463 3328 11111258.
504 3267 568 3328 eius
596 3268 724 3328 coniunx
744 3266 929 3343 Amphithea
951 3266 1112 3328 Pronactis
1140 3267 1215 3342 filia,

195 3356 394 3432 Apollort19
411 3359 462 3434 13,
481 3356 564 3417 cuius
582 3356 667 3432 proci
679 3355 840 3433 Agathone
858 3355 939 3432 apud
951 3355 1062 3414 Athen
1076 3375 1107 3432 p
1123 3354 1214 3417 5286

195 3448 274 3505 teste
296 3444 434 3504 Aetoliae
461 3445 558 3505 omnis
584 3445 742 3522 nobilitas,
769 3444 822 3520 qui
848 3443 955 3504 deinde
979 3442 1107 3504 Curetes
1131 3436 1214 3518 dieti,

195 3531 326 3592 mantnt
426 3527 693 3611 105,706,101
722 3532 851 3609 expunxi
877 3531 936 3590 fide
961 3531 1006 3610 M,
1034 3532 1094 3592 etsi
1121 3532 1215 3610 paulo
