2467 4042
137 209 158 272 2
265 227 350 264 uuum
368 226 448 264 careo
554 207 733 263 ΜΕΤΑΜΜ.

178 385 212 436 to
225 372 264 434 Et
285 391 389 453 pressa
412 381 459 434 est
480 375 622 453 gravitate
645 375 714 435 sul.
737 373 930 435 circumfluus
952 393 1047 437 umor

226 460 334 522 Ultima
356 460 491 541 possedit
512 461 699 541 solidumque
722 465 855 524 coercuit
878 461 998 523 orbem.

227 549 277 610 Sic
299 547 352 610 ubi
374 549 547 629 dispositam
570 553 706 630 quisquis
729 551 786 611 tuit
807 549 856 612 ille
879 550 1023 632 deorum,

227 635 404 716 Congeriem
427 640 523 699 secuit
545 648 715 717 sectamque
738 640 769 699 in
791 636 924 699 membra
946 638 1091 721 redegit,

226 725 377 806 Principio
401 733 534 807 terram,
556 744 594 787 ne
617 745 677 786 non
700 725 831 805 aequalis
853 725 891 785 ab
913 728 995 787 omni

182 825 216 876 so
230 813 317 874 Parte
341 814 419 875 toret
431 861 441 895 ‚
463 816 562 893 magni
584 816 716 897 speciem
738 813 909 893 glomerarit
930 815 962 876 ln
985 813 1094 878 erbis.

226 902 305 962 Tum
327 902 404 963 ireta
426 902 552 963 diliundi
573 902 744 982 rapidisque
767 910 935 964 tumescere
957 906 1059 964 ventis

227 988 318 1050 lussit
340 998 371 1050 et
393 989 518 1051 ambitae
542 990 727 1052 circumdare
749 990 837 1051 litora
858 998 986 1051 terrae..

227 1076 347 1139 Addidit
369 1084 400 1138 et
421 1078 520 1139 iontes
543 1086 573 1140 et
595 1086 699 1158 stegen
720 1081 855 1139 inmensa
876 1078 1037 1158 lacusque,

227 1165 421 1245 Fluminaque
444 1163 571 1245 obliquis
594 1169 687 1228 cinxit
709 1166 833 1228 declivia
854 1168 946 1247 ripis,

175 1265 211 1316 40
226 1253 330 1334 Quae,
352 1253 467 1315 diversa
490 1254 589 1337 locis,
611 1257 720 1335 partim
743 1254 903 1315 sorbentur
926 1253 962 1314 ab
984 1257 1074 1336 ipse,

227 1340 261 1402 ln
285 1359 366 1403 mare
388 1345 567 1422 perveniunt
587 1345 718 1423 partim,
741 1360 904 1422 campoque
927 1351 1048 1422 recepta

228 1428 391 1491 Liberioris
414 1448 507 1510 aquae
529 1450 585 1511 pro
608 1433 682 1512 ripis
704 1431 792 1491 litera
813 1429 949 1509 pulsant.

228 1518 320 1579 lussit
341 1525 372 1579 et
394 1518 514 1580 extendi
536 1537 678 1601 campos,
700 1518 856 1580 subsidere
878 1517 985 1599 vades,

228 1605 346 1667 Fronde
370 1609 431 1686 tegi
453 1607 564 1690 silvas,
585 1607 733 1687 lapidosos
756 1624 880 1686 snrgm
903 1614 1037 1668 montes.

180 1704 215 1755 ct
229 1693 326 1772 thue
350 1693 426 1755 duae
448 1695 552 1757 dextra
574 1696 690 1757 caelum
712 1694 895 1773 totidemque
918 1696 1039 1755 sinistra

228 1782 317 1844 Parte
340 1791 443 1844 secant
464 1801 577 1865 nonae,
600 1787 704 1864 quinta
726 1791 773 1844 est
795 1783 947 1843 ardentior
965 1782 1047 1863 illis3

233 1870 283 1932 Sic
306 1888 382 1932 onus
405 1871 554 1933 inclusum
575 1889 702 1934 numero
725 1871 859 1933 distinxit
881 1870 986 1931 eodem

231 1959 310 2020 Cura
332 1958 380 2020 dei
392 2007 402 2041 ‚
424 1959 607 2041 totidemque
630 1961 731 2041 plagae
754 1958 861 2021 tellure
883 1967 1083 2037 premuntur.

230 2048 363 2120 Quarum
395 2066 471 2127 quae
493 2048 679 2131 mediaest,
702 2065 762 2109 non
785 2055 832 2108 est
859 2045 1026 2107 habitabilis
1050 2057 1165 2131 aestu;

182 2147 217 2197 oo
229 2136 286 2197 Nix
308 2138 382 2215 tegit
403 2136 461 2197 alta
482 2137 578 2199 duas:
601 2136 725 2198 totidem
746 2138 826 2200 inter
848 2143 1005 2214 utramque
1028 2135 1164 2221 locavit,

229 2224 475 2305 Temperiemqae
499 2224 580 2287 dedit
601 2227 693 2287 mixta
715 2242 784 2285 cum
807 2224 916 2302 iriqore
939 2223 1075 2285 flemma.

231 2312 370 2374 imminet
391 2313 438 2374 his
461 2319 533 2394 aer3
556 2316 608 2392 qul
620 2361 630 2394 ,
653 2320 763 2392 quanto
786 2320 833 2373 est
853 2310 985 2391 pondere
1008 2320 1112 2374 terrae

230 2400 351 2461 Pondus
373 2419 465 2481 aquae
488 2401 605 2483 lecim,
627 2409 710 2463 tanto
734 2408 780 2461 est
801 2401 956 2460 onerosior
977 2401 1059 2479 igni.

231 2488 294 2549 lllio
318 2496 349 2549 et
370 2489 516 2572 nebulas,
536 2489 598 2551 illic
621 2490 784 2551 consistere
807 2485 902 2548 nubes

183 2588 217 2638 to
231 2575 344 2657 lussit,
366 2586 397 2640 et
418 2577 561 2639 humanas
584 2586 701 2639 motura
723 2578 855 2639 tonitura
876 2585 992 2638 mentes

230 2664 270 2726 Et
292 2683 361 2727 cum
384 2666 558 2728 fulminibus
580 2667 724 2728 iacientes
741 2666 853 2744 frigora
874 2672 996 2725 ventos.

234 2752 287 2815 llis
311 2772 430 2834 quoque
457 2773 517 2816 non
539 2757 649 2835 passim
676 2752 779 2816 mundi
801 2751 960 2813 fabricator
982 2751 1153 2816 babendum

230 2843 307 2904 Aera
328 2845 486 2924 permisit.
512 2846 560 2904 riu
583 2861 664 2904 nunc
686 2841 841 2904 obsistitur
863 2839 938 2921 illis,

232 2929 306 2992 Cum
329 2950 383 2996 sua
405 2933 532 3012 quisque
554 2940 659 3011 regant
681 2930 798 2992 diverso
820 2928 937 2990 flamina
958 2937 1077 3013 nacta,

183 3030 218 3082 eo
233 3019 312 3091 Qrtin
334 3020 446 3082 lanient
467 3020 634 3101 mundum;
657 3028 737 3081 tanta
761 3025 807 3079 est
833 3016 980 3078 discordia
1007 3018 1152 3080 iratrnm.

230 3107 331 3170 Eurus
353 3109 390 3170 ad
413 3126 551 3171 auroram
573 3108 779 3187 Nabataeaque
802 3123 893 3185 regna
916 3107 1042 3167 recessit

231 3196 412 3276 Persidaque
436 3205 466 3259 et
488 3196 578 3259 radiis
600 3199 670 3277 iuga
691 3195 810 3258 subdita
832 3195 1002 3256 matutinis.

231 3284 344 3363 Vesper
367 3295 398 3347 et
419 3286 542 3348 occiduo
567 3304 642 3366 quae
664 3285 751 3347 litera
773 3282 837 3344 sole
858 3289 1033 3364 tepescunt,

231 3373 369 3436 Proxima
392 3383 462 3437 sunt
483 3373 634 3455 zephyro:
658 3373 809 3454 Scythiam
832 3380 1006 3451 septemque
1025 3372 1154 3433 trionem

185 3473 219 3523 te
232 3461 368 3523 Horriier
391 3465 498 3525 invasit
520 3463 648 3525 boreas.
675 3461 824 3524 contraria
846 3460 933 3521 tellus

232 3548 368 3611 Nubibus
390 3550 516 3613 assiduis
538 3550 698 3631 pluvioque
720 3549 863 3612 madescit
885 3547 922 3609 ab
940 3556 1059 3609 austro.
