2467 4042
952 237 1067 293 XXXIX

59 407 92 464 iu
114 406 166 464 der
186 405 262 465 nahe
283 422 333 464 am
349 406 417 479 ufer
432 407 506 465 reste
519 405 593 465 ulter
606 405 819 482 budmhteitea,
841 406 1064 481 retentarunt,

59 494 92 552 iu
114 494 165 552 der
186 493 321 553 Meister
342 494 431 566 apuu
453 494 504 552 uer
525 493 580 566 feta
600 509 639 552 ru
660 494 768 553 keltern
789 494 961 567 amquam.
1017 511 1066 553 am

61 581 157 639 lintea
177 582 245 654 ufer
266 581 453 654 octuplum,
474 583 528 640 mit
539 584 715 640 sementen
728 581 999 641 adumbratorum.

61 662 126 727 343
149 679 266 730 aluno
289 679 535 728 camaranum
553 679 685 729 vouoo.
738 668 908 728 emendavit
929 667 978 728 Fr.
997 667 1065 728 Pol·

59 756 119 815 lius
142 755 277 816 adhibito
299 755 379 834 qnod
400 755 433 814 in
449 756 520 817 Met
538 755 583 814 VI
602 757 665 815 165
685 759 740 831 est,
763 760 896 816 commun
914 756 1006 816 Niobe
1023 773 1065 817 ee·

60 844 314 904 tebmimaturba.
412 839 660 904 429ruuuuur.
714 844 1065 920 nonfuithootemptan·

60 931 132 991 dum
161 931 199 991 ab
222 930 346 992 Heinsio
373 933 404 991 et
430 931 576 991 Bentleio.
629 948 789 1006 posueram
815 931 880 992 eius
907 931 1065 991 locutionis

60 1020 175 1096 aliquot
198 1020 333 1095 exempla
356 1017 394 1079 ad
409 1018 498 1080 Trist.
520 1038 570 1095 pp.
586 1021 628 1079 10
647 1022 678 1079 et
693 1021 766 1095 292,
789 1019 850 1080 alia
872 1020 977 1079 eodem
989 1023 1064 1080 tem·

59 1125 131 1182 pore
155 1107 202 1167 Fr.
227 1106 358 1167 Haasius
381 1106 420 1166 ad
441 1106 614 1183 Reisigiana
635 1106 735 1167 adnot.
758 1110 832 1167 456.
887 1110 957 1167 sunt
974 1108 1066 1167 etiam

59 1193 107 1253 III
121 1196 163 1255 33
188 1196 231 1255 34
256 1197 318 1256 149
343 1194 371 1252 V
387 1196 450 1255 184
473 1193 518 1253 VI
534 1197 606 1254 722.
717 1189 782 1254 479
804 1195 962 1255 insimulor
983 1195 1064 1271 iden·

60 1281 153 1341 tidem
178 1281 323 1357 maumas,
355 1282 434 1359 quod
460 1281 605 1342 ediderim
632 1283 814 1358 Peloriaden,
845 1283 934 1360 idque
961 1286 1065 1344 eontra

59 1369 206 1428 librorum
232 1368 417 1446 quorundam
443 1370 657 1429 testimonium.
711 1372 830 1430 secutus
851 1371 968 1430 fueram
991 1371 1064 1430 San-

59 1455 135 1515 tenii
157 1456 396 1516 observationem
417 1457 561 1516 ineditam
588 1461 620 1517 et
642 1457 824 1517 Lobeekium
847 1459 915 1537 Agl.
938 1478 967 1534 p.
991 1461 1064 1519 982.

60 1546 143 1603 extat
172 1544 209 1603 de
236 1562 269 1603 re
291 1544 384 1603 etiam
406 1543 578 1604 dissertatio
600 1544 787 1604 Fleekeiseni
808 1546 840 1605 in
861 1547 970 1605 Annal.
991 1545 1063 1622 phil.

59 1632 95 1690 el.
149 1631 230 1709 quod
251 1652 279 1692 v.
297 1633 362 1692 475
381 1633 486 1692 Melan
503 1631 600 1707 edidi·
612 1650 673 1692 non
689 1633 748 1692 feei
766 1632 846 1710 quod
862 1632 1064 1710 ignoraverim

60 1719 166 1780 fluvios
194 1737 229 1779 eo
257 1719 376 1778 nomine
405 1721 494 1779 notos
515 1721 640 1781 Melana
665 1720 763 1779 faeere
790 1724 931 1798 quartum
953 1739 1064 1797 essum,

59 1811 113 1867 aut
138 1806 308 1883 putaverim
329 1808 442 1867 Matura
467 1808 566 1867 faeere
587 1809 734 1883 potuisse,
761 1810 796 1868 ut
818 1808 961 1886 quaedam
985 1810 1065 1886 apud

58 1894 189 1954 Neuium
210 1907 223 1954 1
245 1915 274 1971 p.
298 1896 375 1971 339,
404 1894 457 1955 sed
482 1898 606 1971 propter
633 1895 780 1956 librorum
801 1897 1011 1957 auctoritatem
1033 1899 1065 1958 et

58 2000 117 2059 quo
145 1982 307 2059 amplietur
334 2000 430 2043 eausa
544 1979 607 2043 709
631 1995 786 2052 maloram
811 1995 960 2045 carrara.
1011 2003 1064 2062 po·

58 2071 167 2131 sterior
190 2089 248 2131 vox
269 2071 379 2148 exigua
401 2071 546 2131 librorum
575 2070 633 2130 fide
655 2072 766 2131 utitur:
792 2072 926 2149 plerique
948 2078 1064 2141 urum.

57 2162 94 2218 ut
116 2163 194 2220 serta
216 2155 262 2220 lea
273 2196 291 2206 -
303 2158 528 2219 1131531-
541 2162 767 2219 monumentum
788 2158 865 2219 illud
887 2159 946 2221 diei
962 2161 1064 2220 videa-

57 2250 116 2305 tur.
171 2247 278 2307 aetem
300 2249 348 2306 est
369 2264 461 2306 manu
479 2246 611 2307 oeeidere
629 2245 709 2322 apud
722 2247 893 2324 Vergilium
909 2251 941 2307 et
959 2246 1065 2308 Caesa·

58 2352 131 2409 rem,
154 2333 233 2409 quod
255 2333 343 2393 eliuui
365 2352 403 2393 ex
425 2351 469 2409 eo,
490 2335 571 2411 quod
592 2334 664 2394 libri
681 2335 803 2403 habent,
824 2336 925 2396 dicere.
976 2353 1063 2412 syna·

57 2420 184 2495 loephen
206 2424 328 2481 tueatur
350 2421 498 2496 seriptnra
519 2421 627 2482 cuditis
649 2421 809 2483 Berneusis
827 2421 899 2484 Hor.
922 2425 979 2484 sat.
992 2423 1007 2482 I
1020 2423 1064 2482 VI

59 2510 100 2569 39
124 2508 245 2569 Deieere
266 2509 301 2567 de
321 2525 393 2569 eaeo
415 2511 490 2570 noes
511 2514 563 2569 aut
584 2511 699 2572 trudere
721 2509 847 2582 Gadaum
869 2512 934 2571 eicit
954 2512 986 2570 st
1007 2515 1062 2572 rei·
1097 2576 1099 2578 ,

57 2612 128 2664 cere,
151 2613 228 2673 quae
250 2595 329 2655 binis
351 2594 424 2656 loeis
446 2595 601 2658 adnotavit
624 2598 731 2659 Mauro
754 2597 793 2658 ad
815 2597 901 2658 Luer.
923 2597 971 2659 ΠΙ
989 2600 1062 2660 877.

146 2677 327 2745 mavul
351 2696 439 2747 raus
461 2697 560 2759 euru
582 2698 673 2748 naus
696 2699 849 2747 novari.
902 2686 974 2746 libri
987 2690 1063 2762 puts·

56 2790 144 2846 quom
170 2774 241 2833 dese
269 2774 390 2834 moena.
443 2773 632 2850 hyperbaton
659 2776 741 2835 volui
768 2794 847 2851 esse,
879 2769 962 2836 ‘deus
993 2777 1062 2851 plus

56 2878 146 2938 quam
169 2854 304 2937 advena',
333 2861 381 2921 uti
401 2863 474 2935 plus
499 2880 588 2937 quum
615 2864 731 2924 mittum
757 2881 830 2939 opus
851 2862 868 2923 1
892 2863 969 2939 1⁷0,
990 2864 1063 2937 pau

55 2953 306 3023 quumprepurte
317 2948 381 3008 IIII
392 2950 470 3026 3013
489 2949 649 3011 Tristh
659 2951 710 3023 18,
724 2949 832 3011 Lucan.
843 2951 898 3011 11.
998 2946 1060 3010 131

55 3045 121 3094 aas
139 3046 230 3094 naar
248 3047 340 3096 rnna.
394 3035 520 3096 Jordani
537 3041 569 3096 et
586 3036 713 3113 Hauptii
730 3034 858 3099 Arsera
875 3038 998 3117 egregia
1014 3041 1062 3098 est

55 3121 237 3197 eonieetura,
260 3123 325 3182 sola
345 3121 498 3198 fortassis,
526 3141 603 3200 quae
626 3124 712 3183 annis
734 3124 839 3185 multis
861 3124 950 3185 huius
971 3127 1061 3185 notae

54 3208 136 3269 faeta
167 3209 220 3269 sit:
256 3228 358 3271 veram
389 3212 491 3269 temen
521 3211 702 3289 negaverim
755 3213 869 3286 prodes
903 3229 941 3271 ne
971 3212 1060 3288 plane

55 3290 236 3374 superfluat,
263 3315 301 3357 ex
324 3297 462 3373 oppositu
484 3297 713 3376 intelligendum
735 3298 807 3376 erit,
834 3299 886 3377 qui
908 3302 955 3360 est
977 3300 1059 3377 aigil-

53 3385 153 3446 lorum
179 3386 292 3447 affabre
319 3385 392 3447 olim
418 3385 566 3446 laetorum
593 3388 625 3446 et
647 3390 782 3463 tempore
804 3387 974 3463 adesorurn,
1000 3406 1061 3449 non

53 3492 124 3534 arae
152 3474 277 3552 eiusque
307 3473 512 3551 reliquiarum.
566 3491 637 3534 saxo
668 3475 815 3553 quadrato
844 3494 904 3535 non
931 3477 1059 3536 multum

53 3565 174 3623 seneeta
199 3564 299 3624 noeet:
327 3563 415 3642 signa
441 3563 570 3640 gemella
595 3563 724 3624 maxime
752 3563 941 3643 quaesiverat
960 3567 1058 3644 poeta,
