2467 4042
175 223 217 287 1ss
588 221 760 274 rmsrruu

262 386 316 447 His
339 385 443 448 saltem
464 392 563 448 vestra
586 384 675 447 detur
696 386 729 446 ln
751 383 831 447 Urbe
854 383 955 449 locus!

262 474 388 554 Quoque
411 476 504 553 magis
527 473 648 554 laveas,
669 471 743 534 haec
765 491 825 535 uon
849 483 919 535 sunt
937 473 1016 537 edita
1039 475 1079 537 ab
1106 482 1198 567 ipso,

262 562 321 624 Sed
344 564 428 642 quasi
451 561 488 623 de
511 562 624 623 domini
645 561 750 623 funere
773 569 858 641 rapta
880 565 935 624 sui.

263 650 411 729 Quicquid
433 651 465 711 in
487 649 534 711 his
556 651 648 729 igitur
670 650 734 711 vitii
760 650 835 711 rude
858 668 978 714 carmen
1000 651 1150 739 habebit,

213 751 247 802 40
262 738 504 822 Emendaturus,
526 739 553 800 si
574 737 731 818 licuisset,
754 733 855 805 eram?

624 929 721 1004 VIII.

254 1090 296 1153 'In
320 1098 409 1172 caput
430 1089 487 1153 alta
510 1107 599 1152 suum
621 1088 759 1151 labentur
781 1088 818 1152 ab
841 1108 970 1171 aequore
993 1100 1076 1157 retro

261 1179 420 1260 Flumina,
444 1180 597 1240 conversis
621 1177 731 1257 Solque
754 1189 891 1241 recurret
914 1184 1017 1264 equis,

261 1267 354 1330 Terra
376 1268 454 1329 leret
477 1265 576 1328 stellas
588 1313 598 1348 ,
621 1265 736 1327 caelum
758 1267 887 1329 lindetur
910 1278 1026 1351 aratro,

261 1355 346 1417 Unda
369 1354 450 1417 dabit
472 1354 604 1416 flammas
627 1362 658 1415 et
680 1353 761 1416 dabit
783 1358 861 1435 Ignis
884 1373 993 1439 aquas,

231 1445 367 1507 comula
389 1450 513 1505 naturae
534 1450 727 1523 praepostera
749 1442 865 1523 legibus
886 1444 991 1528 ibunt,

262 1531 395 1612 Parsque
419 1549 506 1594 suum
529 1531 633 1595 mundi
656 1530 735 1593 nulla
757 1531 872 1593 tenebit
893 1535 969 1612 iter,

261 1621 366 1683 Omnia
388 1623 446 1682 iam
470 1620 542 1681 fient
554 1667 564 1702 ,
591 1620 656 1680 lieri
679 1638 755 1699 quae
777 1638 866 1701 posse
888 1620 1048 1703 negabam,

261 1708 300 1770 Et
322 1709 397 1771 nihil
421 1717 467 1770 est
479 1756 489 1787 ,
511 1708 548 1769 de
572 1726 631 1788 quo
654 1724 714 1769 nou
738 1710 777 1769 sit
798 1707 931 1770 habenda
954 1710 1048 1772 lides.

261 1796 341 1858 llaec
364 1815 419 1876 ego
443 1798 586 1858 vaticInor
598 1841 608 1876 ,
632 1798 701 1875 quia
724 1813 791 1857 sum
814 1796 956 1877 deceptus
979 1796 1112 1882 abillo,

214 1900 246 1948 10
260 1885 405 1947 Laturum
427 1887 536 1946 misero
560 1902 649 1964 quem
672 1883 747 1945 milri
767 1884 855 1946 rebar
877 1903 982 1964 opem.

260 1974 392 2036 Tantane
416 1980 446 2035 te
458 2019 468 2054 ,
491 1971 598 2054 fallax,
623 1989 729 2052 cepere
753 1971 859 2034 oblivia
882 1976 999 2055 nostri,

261 2062 471 2141 Alllictumque
494 2061 551 2122 fuit
574 2067 675 2122 tantus
698 2060 780 2122 adire
802 2063 912 2141 timor,

260 2150 299 2212 Ut
321 2167 418 2230 neque
440 2151 607 2229 respiceres
630 2166 687 2210 uec
709 2147 840 2211 solarere
862 2151 1024 2232 iacentem,

260 2238 363 2320 Iluro,
385 2256 441 2299 nec
464 2238 604 2316 exequias
627 2254 844 2316 prosequerere
868 2234 977 2299 meas?

214 2341 246 2389 15
262 2325 336 2388 Illud
360 2327 506 2388 amicitiae
529 2331 665 2387 sanctum
688 2333 719 2387 et
741 2324 908 2388 venerabile
932 2344 1040 2388 nomen

261 2415 304 2478 Re
327 2414 382 2476 libi
403 2433 459 2494 pro
482 2413 532 2475 vili
555 2413 611 2476 sub
633 2413 820 2494 pedibusque
842 2410 945 2476 iacet?

261 2503 339 2575 Quid
362 2504 441 2583 luit,
463 2504 577 2581 ingenti
598 2509 781 2582 prostratum
804 2502 881 2564 mole
905 2501 1034 2564 sodalem
1085 2527 1088 2533 ยน

260 2590 362 2653 Visere
386 2600 417 2653 et
438 2589 584 2669 adloquiis
606 2598 692 2671 parte
715 2590 813 2653 levare
836 2593 913 2672 tuis,

261 2678 354 2759 Inque
377 2697 459 2740 meos
483 2681 508 2740 si
531 2696 591 2740 nou
614 2679 765 2740 lacrimam
788 2678 945 2741 demittere
968 2697 1073 2761 casus,

213 2783 246 2831 20
260 2768 358 2829 Pauca
380 2778 480 2832 tamen
504 2768 572 2829 ficto
595 2766 685 2829 rerba
708 2766 809 2829 dolore
831 2770 911 2849 pati,

260 2856 375 2937 quue,
399 2856 478 2935 quod
501 2857 595 2935 ignoti
618 2855 732 2918 faciunt
744 2904 754 2936 ,
777 2854 823 2917 rel
845 2856 945 2917 dicere
968 2854 1093 2939 saltem,

259 2944 298 3004 Et
320 2961 422 3018 rocem
444 2944 547 3024 populi
569 2942 746 3023 publicaque
769 2962 821 3005 ora
844 2946 947 3023 sequi,

260 3033 394 3112 Denique
417 3031 558 3112 lugubres
581 3031 681 3093 vultus
704 3050 925 3113 numquamque
950 3030 1093 3094 videndos

261 3121 390 3183 Cernere
413 3138 552 3200 supremo
576 3119 647 3181 dum
669 3120 812 3200 licuitque
835 3121 903 3203 die,

212 3222 245 3274 25
260 3208 483 3289 Dicendumque
506 3208 599 3270 semel
621 3215 685 3269 toto
708 3226 768 3270 ucu
791 3208 916 3288 amplius
939 3226 1010 3271 aero

262 3300 428 3379 Achpere,
452 3305 482 3358 et
503 3296 590 3376 parili
611 3297 739 3358 reddere
763 3315 857 3379 voce,
880 3292 968 3357 vale?

260 3386 298 3447 dt
322 3387 420 3448 iecere
443 3385 492 3446 alii
514 3384 595 3447 nullo
619 3385 692 3446 mihi
714 3384 834 3447 loedere
857 3386 970 3467 iuncti,

260 3473 299 3533 Et
321 3473 457 3534 lacrimas
480 3474 570 3534 animi
595 3474 677 3552 algna
701 3473 810 3535 dedere
834 3474 889 3535 sul.

261 3560 361 3643 Quid,
383 3563 442 3623 nisi
465 3562 603 3624 convictu
627 3563 784 3642 causisque
808 3561 972 3628 valentibus
996 3578 1092 3624 essem
