2467 4042
424 231 497 300 xli,
517 236 676 288 282-856.
766 249 897 287 mmm
986 232 1053 296 247

115 397 226 461 Fusus
247 400 280 460 in
303 396 429 460 Ossaeae
451 397 563 459 villosis
585 396 712 477 peHibus
735 415 839 458 ursae.

44 497 102 548 330
119 488 227 560 Quem
247 486 354 566 procul
376 494 411 547 ut
432 485 505 547 vidit
527 487 639 547 frustra
661 485 742 546 nulla
765 504 845 547 arma
868 492 1054 567 moventem,

117 576 238 637 Inserit
260 582 378 635 amento
401 574 532 656 digitos,
556 569 742 635 “miscenda'
765 592 823 654 que
847 574 921 635 dixit

118 661 216 726 ‘Cum
236 662 325 742 Styge
348 664 415 723 rina
435 657 545 723 bibas''
563 661 720 743 Phorbas,
742 680 799 724 nec
816 662 903 742 plura
921 669 1053 724 moratus

117 752 161 813 In
184 755 324 813 iuvenem
346 752 434 812 torsit
455 751 607 832 iaculum,
629 752 799 830 ferrataque
823 750 898 812 eollo

121 840 299 922 Fraxinus,
321 847 356 900 ut
379 856 449 900 casu
471 832 564 900 iacuit
585 840 769 921 resupinus,
792 838 894 900 adacta
917 845 981 901 est.

50 937 107 989 333
122 929 211 990 Mors
234 930 331 990 caruit
353 945 466 1009 sensu,
488 927 637 1007 plenoque
660 945 677 988 e
700 934 821 1007 gutture
844 926 930 988 tluxit

122 1017 223 1096 Inque
245 1023 329 1077 toros
352 1016 443 1095 inque
465 1018 530 1096 ipsa
552 1018 638 1095 niger
661 1015 814 1077 carchesia
836 1017 973 1095 sangnis.

120 1104 193 1166 vidi
218 1122 273 1183 ego
294 1103 453 1167 Petraeum
476 1112 634 1166 conantem
655 1103 764 1165 vehere
788 1112 868 1165 terra

124 1192 328 1255 Glandiieram
347 1210 514 1270 quercum:
537 1205 626 1272 quam
649 1192 720 1253 dum
743 1191 945 1272 complexibus
964 1191 1055 1254 ambit

123 1281 166 1344 Et
189 1283 286 1360 pratit
305 1280 367 1342 hue
388 1280 482 1363 illuc,
504 1279 708 1360 labefactaque
726 1280 835 1343 robora
857 1283 956 1361 iactat,

53 1381 110 1434 330
125 1369 245 1431 Lancea
267 1368 394 1430 Pirithoi
417 1370 507 1430 costis
530 1371 652 1430 inmissa
674 1369 793 1430 Petraei

123 1458 256 1520 Pectora
278 1475 347 1519 cum
370 1457 445 1518 duro
468 1457 610 1518 luctantia
632 1457 740 1518 robore
763 1458 844 1519 lixit.

124 1545 256 1608 Pirithoi
277 1547 387 1606 virtute
410 1545 523 1625 Lycum
546 1545 689 1607 cecidisse
713 1544 866 1626 ferebant,

125 1633 255 1696 Pirithoi
277 1635 387 1695 virtute
411 1632 573 1694 Chromin.
602 1633 656 1695 sed
678 1641 805 1713 uterque
828 1635 975 1694 minorem

126 1722 242 1783 Victori
264 1720 385 1783 titulum
408 1739 497 1801 quam
520 1721 621 1802 Dictys
643 1721 813 1802 Helopsque
836 1721 1000 1783 dederunt.

61 1821 114 1873 333
129 1811 222 1872 Fixus
244 1808 356 1890 Helops
378 1808 497 1892 iaculo,
520 1810 600 1889 quod
623 1812 725 1890 pervia
746 1818 881 1890 tempora
904 1811 993 1890 iecit,

129 1898 168 1960 llt
191 1900 318 1960 missum
341 1916 358 1959 3
380 1897 484 1960 dextra
506 1897 618 1959 laevam
640 1900 807 1979 penetravit
830 1899 866 1960 ad
890 1916 1010 1960 aurem.

128 1987 230 2067 Dictys
253 1986 290 2048 ab
314 1988 435 2066 ancipiti
457 1985 595 2066 delapsus
618 1989 754 2048 acumine
777 1989 904 2067 montis,

128 2075 206 2137 Dum
229 2075 307 2155 fugit
328 2077 488 2136 instantem
510 2074 663 2155 trepidans
686 2075 787 2137 Ixione
810 2083 931 2155 natum,

128 2163 246 2226 Decidit
267 2165 299 2225 iu
321 2181 487 2244 praeceps,
510 2171 541 2225 ct
561 2163 695 2243 pondere
718 2166 853 2244 corporis
876 2179 983 2223 ornum

63 2263 115 2314 340
128 2252 284 2332 Ingentem
306 2252 418 2333 fregit,
440 2269 553 2330 suaque
575 2251 674 2313 induit
695 2251 746 2315 ilia
767 2253 895 2312 fractae.

128 2340 215 2401 Ultor
238 2339 322 2401 adest
343 2339 520 2420 Aphareus,
543 2357 706 2419 saxumque
735 2359 752 2401 e
774 2347 885 2401 monte
904 2338 1056 2400 revulsum
1142 2409 1146 2417 ‚

128 2428 248 2490 lllttcre
271 2435 417 2489 conatur.
445 2430 614 2489 mittentem
637 2430 739 2508 stipite
762 2445 877 2507 querno

129 2515 264 2597 Occupat
286 2515 412 2596 Aegides
424 2563 434 2598 ‚
457 2514 610 2596 cubitique
633 2518 765 2595 ingentia
787 2517 897 2595 frangit

129 2604 228 2686 0ssa;
250 2621 307 2665 nec
329 2604 457 2665 ulterius
480 2604 550 2666 dare
574 2623 685 2684 corpus
707 2604 812 2666 inutile
834 2604 895 2665 leto

66 2694 188 2754 stabnt
210 2700 316 2774 vacat,
339 2700 390 2754 aut
413 2701 522 2774 curat,
544 2701 690 2772 tergoque
712 2691 848 2754 Bienoris
871 2692 922 2753 alti

127 2780 227 2843 lnsilit
238 2828 248 2861 ,
270 2780 348 2842 haud
371 2780 458 2842 solito
482 2799 661 2861 quemquam
683 2789 804 2861 portare
826 2783 885 2842 nisi
906 2783 1024 2861 ipsum;

130 2869 338 2950 Opposuitque
361 2887 440 2949 genu
464 2871 556 2931 costis
568 2917 578 2950 ,
600 2887 800 2949 prensamque
824 2871 943 2930 sinistra

128 2957 298 3019 Gaesariem
319 2960 477 3040 retinens,
499 2958 614 3020 vultum
637 2960 862 3037 minitantiaque
879 2975 937 3050 ,ora

127 3045 247 3107 Robore
270 3046 383 3107 nodoso
406 3046 612 3126 praeduraque
636 3053 771 3126 tempora
793 3047 899 3126 fregit.

69 3141 115 3194 tto
128 3133 248 3194 Robore
271 3133 457 3215 Nedymnum
480 3133 732 3213 iaculatoremque
755 3133 886 3214 Lycotae

130 3221 266 3304 Sternit,
289 3230 321 3284 et
341 3225 464 3283 inmissa
486 3230 656 3303 protectum
677 3230 800 3302 pectora
821 3220 913 3282 barba

130 3309 281 3390 Hippason
293 3357 304 3394 ,
326 3319 357 3371 et
380 3312 504 3372 summis
528 3318 678 3372 extantem
700 3310 815 3390 Riphea
838 3309 938 3390 silvis,

130 3397 326 3480 Thereaque,
348 3397 520 3460 Haemoniis
543 3402 595 3479 qui
616 3416 743 3479 prensos
766 3397 917 3459 montibus
939 3415 1028 3458 ursos

131 3484 220 3548 Perre
243 3486 364 3549 domum
387 3489 469 3548 viros
491 3487 740 3567 indignantesque
764 3484 894 3547 solebat.

71 3581 119 3634 ttt
131 3571 213 3636 Haud
236 3574 306 3637 tulit
327 3583 462 3638 utentem
484 3594 601 3658 pugnae
625 3572 815 3637 successibus
838 3573 917 3636 ultra
965 3590 970 3600 ·
