2467 4042
194 247 234 310 98
579 244 828 307 HEROIDES.

282 400 373 474 ‘Quid
388 399 480 474 lacis,
502 398 660 459 Aeacidet
679 415 741 460 non
758 414 825 459 sum
840 400 908 462 sine
922 399 1058 462 vindice’
1075 401 1161 462 dixi=

323 484 419 544 ‘Haec
434 482 487 544 tibi
502 482 560 542 suh
576 482 701 543 domino
717 490 780 558 est,
800 483 931 560 Pyrrhe,
954 487 1059 560 puella
1075 488 1161 546 suo?

280 567 409 629 Surdior
422 566 474 628 ille
490 567 566 627 treto
582 568 763 628 clamantem
778 583 890 628 nomen
907 566 1024 629 Orestis

237 663 272 716 10
323 651 428 712 Traxit
441 650 589 712 inornatis
603 650 634 710 in
653 666 711 711 sua
726 656 806 712 tecta
821 652 928 714 comis.

280 735 358 812 Quid
373 734 497 812 manius
514 740 604 809 capta
618 733 851 798 Lacedaemone
866 752 958 797 serva
973 736 1127 812 tulissem,

322 819 355 880 Si
368 826 492 895 raperet
506 817 614 879 Graias
629 817 762 878 barbara
777 819 865 879 turba
879 827 996 881 nurus?

278 902 403 964 Parcius
416 901 657 963 Andromachen
671 902 797 964 vexavit
808 903 928 964 Achaia
944 902 1066 980 victrix,

322 987 398 1048 Cum
410 985 535 1047 Danaus
549 985 700 1065 Phrygias
715 994 816 1049 ureret
829 987 909 1063 ignis
925 1003 1011 1064 opes.

238 1080 271 1135 15
282 1072 323 1133 At
336 1079 385 1146 tu,
407 1086 480 1131 cura
494 1070 554 1130 mci
568 1070 596 1130 si
609 1077 640 1130 te
654 1070 706 1145 pia
717 1071 827 1146 tangit,
853 1071 969 1140 Oreste.

322 1153 411 1217 Inice.
420 1170 482 1214 non
498 1154 621 1215 timidas
636 1154 733 1216 intua
748 1155 819 1215 iura·
830 1172 948 1216 manus.

279 1242 327 1299 An
343 1239 441 1316 siquis
454 1239 554 1315 rapiat
568 1237 697 1301 stabulis
713 1246 849 1300 armenta
862 1239 1003 1314 reclusis,

320 1326 416 1385 Arma
431 1324 529 1396 seras,
552 1329 640 1399 rapta
655 1323 786 1398 coniuge
801 1324 902 1384 lentus
919 1323 1001 1383 erist

280 1407 313 1469 Si
328 1423 420 1468 socer
434 1408 576 1483 exemplo
589 1413 704 1482 nuptae
718 1408 866 1483 repetitor
879 1407 1051 1482 ademptae,
1166 1478 1169 1481 Δ

236 1503 270 1555 ta
323 1491 424 1567 Nupta
441 1490 520 1551 foret
533 1488 635 1551 Paridi
649 1497 760 1564 mater,
783 1496 817 1552 ut
831 1497 900 1551 ante
914 1491 978 1551 luit.

278 1575 342 1637 Noc
356 1582 389 1636 tu
401 1575 484 1635 mille
497 1582 579 1636 rates
595 1574 786 1651 sinuosaque
801 1577 872 1635 vela
885 1576 1014 1651 pararis,

320 1659 383 1720 Noc
397 1673 542 1721 numeros
556 1659 655 1719 Danai
670 1657 781 1719 militis.
792 1659 872 1735 ‚ipse
885 1659 971 1719 veni!

235 1753 269 1807 at
282 1742 334 1805 Sic
349 1757 475 1820 quoque
490 1757 572 1805 eram
588 1743 757 1819 repetenda
770 1749 882 1805 minen.
905 1758 963 1803 nec
978 1749 1067 1819 turpe
1081 1744 1201 1816 marito,

320 1828 443 1904 Aspera
456 1842 513 1904 pro
530 1842 602 1888 caro
617 1827 698 1887 bella
712 1828 820 1888 tulisse
834 1834 913 1890 toro.

278 1910 372 1987 Quid,
398 1912 483 1987 quod
498 1927 577 1973 avus
591 1909 682 1971 nobis
697 1911 778 1972 idem
795 1911 958 1988 Pelopeius
973 1912 1097 1988 Atreus,

320 1995 373 2071 m,
398 1996 426 2056 si
440 2011 502 2056 non
517 2011 606 2056 esses
622 1996 670 2055 vir
684 1994 771 2070 mihi,
795 1996 888 2055 trater
900 2002 992 2056 erast

278 2079 348 2153 Vir,
372 2095 497 2155 precor,
521 2079 629 2154 uxori,
649 2079 742 2139 irater
756 2094 901 2140 succurre
917 2079 1032 2140 sororia

235 2172 271 2226 30
323 2164 442 2225 Instant
455 2163 559 2226 officio
574 2162 698 2224 nomina
715 2161 786 2223 bina
802 2168 864 2223 tuo.

277 2246 328 2307 Me
342 2247 396 2308 tibi
410 2247 608 2325 Tyndareus,
631 2247 692 2307 vita
706 2246 811 2323 gravis
824 2253 933 2309 auctor
947 2247 1089 2320 etannis,

321 2329 466 2391 Tradidit.
488 2330 644 2392 arbitrium
659 2329 760 2407 neptis
775 2331 909 2393 hahebat
922 2347 1010 2392 avus.

278 2414 320 2475 At
334 2420 422 2491 pater
435 2413 593 2475 Aeacidae
606 2415 806 2492 promiserat,
828 2415 946 2477 inscius
962 2417 1030 2475 acti.

320 2498 392 2567 Plus
408 2514 547 2575 quoque,
571 2499 624 2575 qui
638 2499 723 2575 prior
738 2506 787 2560 est
799 2499 921 2574 ordine,
945 2499 1046 2576 possit
1060 2515 1150 2560 aius.

235 2593 270 2647 et
282 2582 357 2644 Cum
368 2581 422 2644 tibi
437 2581 605 2659 nubebam,
627 2583 700 2644 nulli
715 2598 783 2644 mea
794 2583 887 2645 taeda
900 2583 1045 2644 nocehat=

322 2665 355 2731 Si
369 2663 478 2743 iungar
491 2667 625 2746 Pyrrho,
647 2674 681 2728 tu
695 2666 767 2727 mihi
786 2669 890 2730 laesus
905 2668 977 2729 eris.

278 2751 316 2812 Et
330 2758 419 2827 pater
431 2752 571 2828 ignoscet
585 2758 692 2813 nostro
707 2751 867 2812 Menelaus
880 2749 992 2813 amori:

322 2834 489 2898 Succubuit
502 2836 570 2896 telis
585 2836 741 2913 praepetis
757 2835 826 2912 ipse
840 2834 901 2896 dei.

279 2919 374 2995 Quem
389 2918 448 2980 sihi
462 2917 613 2995 permisit,
636 2935 751 2996 genero
759 2919 909 2985 concedit
923 2933 1067 2981 amorem.

237 3013 272 3067 tc
323 3003 462 3064 Proderit
476 3005 617 3081 exemplo
634 3012 731 3066 mater
744 3011 844 3065 amata
860 3020 928 3066 suo.

278 3088 323 3149 Tu
337 3087 423 3164 mihi,
447 3089 531 3164 quod
544 3089 632 3150 matri
645 3094 733 3166 pater
746 3096 803 3150 est
827 3105 904 3164 quos
920 3094 1025 3163 egerat
1040 3087 1112 3148 olim

321 3172 493 3233 Dardanius
508 3174 604 3249 partis
617 3174 754 3246 advena,
776 3172 912 3252 Pyrrhus
927 3171 997 3247 agit.

280 3256 333 3316 llle
347 3257 419 3318 licet
430 3254 538 3332 patriis
553 3257 622 3319 sine
634 3257 695 3318 fine
710 3256 869 3332 superbiat
882 3257 968 3317 actis.

321 3340 359 3400 Et
371 3345 403 3401 tu
418 3356 498 3416 quae
512 3343 631 3404 referas
646 3341 726 3402 iacta
742 3341 891 3416 parentis,
913 3340 1020 3400 hahes.

236 3432 271 3488 tc
281 3423 455 3486 Tantalides
472 3426 571 3488 omnis
586 3423 750 3503 ipsumque
767 3425 894 3502 regebat
907 3423 1067 3484 Achillam.

321 3507 378 3569 Hic
392 3525 465 3586 pars
480 3510 618 3585 militiae,
642 3510 705 3571 dux
719 3517 784 3570 erat
798 3509 848 3571 ille
863 3509 985 3569 ducum.
