2467 4042
193 202 261 267 190
605 205 656 255 Ex
672 204 794 255 PORTO

231 379 267 429 sc
324 365 364 428 Et
386 375 499 428 certem
521 384 665 445 praesens
687 367 736 426 rix
759 364 851 427 babet
871 366 944 427 bcra
965 367 1082 429 iidem.

280 451 381 516 ‘Litus
403 454 440 514 ad
461 449 630 515 Euxinum’
652 455 747 533 siquis
769 453 843 514 mibi
865 454 978 516 diceret
1001 452 1103 538 ‘ibis‚

323 541 363 604 Et
384 551 523 622 metues,
545 560 618 603 meu
641 559 681 603 ne
704 542 812 603 ieriare
836 537 957 621 Getae,'

279 627 327 712 Ἱ,
349 625 435 691 bibe'
457 629 599 691 dixissem
622 626 802 709 ‘purgantes
823 639 946 710 pectora
967 648 1084 714 sucos,

324 717 475 797 Quidquid
497 725 529 779 et
550 721 583 779 in
604 726 668 779 tcta
690 720 824 779 nascitur
845 715 1016 799 Anticyra?

231 819 266 869 ⁶5
280 806 353 868 Sum
376 815 475 867 tamen
497 806 571 867 baec
593 824 722 886 passus.
762 824 842 886 nce,
865 807 1054 869 simcrtalia
1080 813 1210 890 possim,

323 893 363 955 Et
385 896 494 956 summi
514 903 651 973 poteram
673 894 731 956 tela
754 912 860 956 carere
881 894 948 956 dci.

280 981 325 1044 Tu
349 1000 469 1062 quoque
491 982 538 1043 iac
561 986 689 1064 timeas,
717 989 748 1044 et
770 1000 846 1062 quae
870 982 924 1044 tibi
946 983 1025 1045 laeta
1049 987 1208 1068 ridentur,

323 1069 401 1133 llum
423 1070 579 1152 loqueris,
601 1072 668 1133 lieri
689 1073 786 1132 tristia
807 1089 897 1152 posse
919 1080 1011 1150 puta.

654 1263 736 1338 1111

277 1422 364 1485 Nulla
386 1423 451 1485 dies
472 1422 546 1483 adeo
568 1431 616 1484 est
637 1420 817 1483 australibus
839 1422 940 1484 umida
962 1423 1099 1506 nimbis,

323 1511 390 1572 Non
412 1513 591 1572 intermissis
613 1519 649 1572 ut
670 1510 744 1572 iluat
764 1509 861 1571 imber
884 1513 986 1591 aquis.

279 1600 341 1661 Nec
364 1600 475 1660 sterilis
497 1599 581 1661 locus
604 1598 683 1660 ullus
704 1600 747 1659 ita
769 1607 816 1660 est
828 1646 837 1680 ,
861 1606 895 1660 ut
916 1616 977 1660 non
1000 1603 1041 1664 sit
1066 1605 1103 1665 in
1126 1604 1180 1666 illc

322 1687 412 1749 llixta
433 1688 497 1749 iere
520 1686 605 1748 dums
628 1686 710 1747 utilis
731 1686 825 1747 berba
847 1687 948 1749 rubis.

250 1776 328 1837 altu
350 1776 423 1837 adeo
446 1777 565 1837 icrtuna
587 1777 685 1854 gravis
707 1774 875 1837 miserabile
898 1777 987 1855 lecit,

323 1863 362 1925 Ut
384 1867 519 1925 minuant
541 1863 622 1925 nulla
644 1862 749 1942 gaudia
771 1871 856 1943 parte
880 1864 1008 1925 malum.

279 1951 358 2013 Ecce
381 1952 471 2036 dcmc
490 1954 646 2032 patriaque
668 1968 774 2012 careus
797 1951 950 2033 arabsque
974 1969 1140 2037 meorum,

323 2039 490 2120 Naufragus
512 2043 543 2100 in
566 2039 663 2101 Getici
685 2039 782 2101 litoris
803 2049 888 2101 actus
911 2056 1024 2121 aquas,

280 2129 345 2201 Qua
367 2137 466 2190 tamen
489 2130 590 2190 inveni
611 2128 727 2189 vultum
749 2128 914 2190 diffundere
937 2145 1027 2189 causa
1155 2145 1206 2195 (un

233 2230 266 2279 ιο
325 2216 463 2298 Possim,
485 2216 623 2278 icrtunae
646 2233 702 2277 nec
725 2219 895 2277 meminisse
917 2233 1018 2276 meae.

279 2306 353 2367 Nam
376 2305 449 2365 mibi
472 2323 541 2366 cum
563 2305 645 2366 solus
668 2306 814 2384 spatiarer
835 2305 930 2366 tristis
953 2304 1089 2388 harena,

324 2390 393 2455 Visa
415 2401 462 2455 est
484 2411 502 2454 a
523 2401 608 2472 terge
631 2394 722 2472 pinna
745 2392 861 2454 dedisse
884 2410 1008 2454 sonum.

279 2483 440 2563 Respiciet
477 2499 533 2543 nec
556 2490 622 2542 erat
643 2498 777 2561 corpus,
804 2480 883 2561 quod
910 2497 1036 2542 cernere
1065 2500 1205 2563 possem,

324 2570 420 2632 Verba
442 2579 542 2632 tamen
565 2577 636 2631 sunt
658 2570 731 2630 baec
753 2587 825 2631 aure
848 2579 968 2649 recepta
989 2586 1078 2632 mea:

233 2672 266 2720 15
280 2654 343 2720 ‘En
366 2676 420 2737 ego
444 2660 588 2720 laetarum
611 2659 698 2719 venie
720 2656 776 2719 tibi
798 2659 902 2719 nuntia
925 2675 1045 2738 rerum,

324 2747 434 2828 Fama,
456 2765 511 2828 per
532 2749 684 2810 inmensas
706 2751 774 2808 aere
797 2746 877 2826 lapsa
900 2748 978 2807 rias.

281 2835 408 2897 Consule
430 2835 592 2917 Pompeio,
614 2852 674 2915 quc
697 2852 757 2895 non
780 2833 835 2895 tibi
857 2836 954 2896 carior
976 2833 1073 2915 alter,

325 2922 474 2986 Candidus
497 2931 528 2985 et
550 2923 620 2984 lelix
643 2924 796 3002 proximus
820 2939 914 2984 annus
938 2916 1024 2982 erit?

279 3012 381 3093 Dixit,
403 3020 435 3074 et
456 3021 490 3075 ut
513 3012 589 3074 laeto
612 3011 740 3073 Pontum
763 3028 883 3072 murore
907 3009 1049 3090 replerit,

233 3111 268 3163 20
326 3097 369 3162 Ad
392 3109 497 3181 gentes
520 3100 591 3162 alias
614 3099 684 3161 binc
706 3099 762 3161 dea
785 3101 874 3160 vertit
895 3101 970 3160 iter.

280 3189 319 3251 lt
341 3189 414 3251 mibi
437 3189 558 3269 dilapsis
580 3191 660 3250 inter
682 3205 757 3249 nova
780 3188 886 3266 gaudia
908 3188 990 3248 curis

325 3276 443 3339 Excidit
466 3279 610 3359 asperitas
632 3276 722 3338 buius
744 3277 847 3355 iniqua
868 3276 943 3337 loci.

280 3364 359 3445 Ergo
383 3364 434 3428 ubi
446 3413 455 3446 ,
478 3365 548 3428 lane
570 3365 695 3445 biceps,
722 3364 844 3443 longum
871 3364 1051 3426 reseraveris
1076 3383 1207 3446 annum,

325 3452 434 3514 Pulsus
457 3461 488 3515 et
510 3472 526 3514 a
550 3470 636 3514 sacre
659 3468 761 3514 mense
784 3450 948 3514 December
970 3452 1046 3531 erit,

233 3550 267 3599 25
280 3538 417 3618 Purpura
440 3539 614 3619 Pompeium
636 3542 744 3601 summi
767 3538 875 3602 velabit
896 3539 1036 3618 honoris,
