<?xml version="1.0" encoding="UTF-8"?>
<!DOCTYPE html PUBLIC "-//W3C//DTD XHTML 1.0 Transitional//EN"
    "http://www.w3.org/TR/xhtml1/DTD/xhtml1-transitional.dtd">
<html xmlns="http://www.w3.org/1999/xhtml" xml:lang="en" lang="en">
 <head>
  <title>
</title>
<meta http-equiv="Content-Type" content="text/html;charset=utf-8" />
  <meta name='ocr-system' content='tesseract 3.04.00' />
  <meta name='ocr-capabilities' content='ocr_page ocr_carea ocr_par ocr_line ocrx_word'/>
</head>
<body>
  <div class='ocr_page' id='page_1' title='image "./povidiusnaso00ehwagoog_0413.png"; bbox 0 0 2467 4042; ppageno 0'>
   <div class='ocr_carea' id='block_1_1' title="bbox 483 235 1086 305">
    <p class='ocr_par' dir='ltr' id='par_1_1' title="bbox 483 235 1086 305">
     <span class='ocr_line' id='line_1_1' title="bbox 483 235 1086 305; baseline 0.002 -16"><span class='ocrx_word' id='word_1_1' title='bbox 483 235 518 305; x_wconf 85' lang='lat'><strong>1,</strong></span> <span class='ocrx_word' id='word_1_2' title='bbox 536 239 677 290; x_wconf 79' lang='lat' dir='ltr'><strong>ao-toa.</strong></span> <span class='ocrx_word' id='word_1_3' title='bbox 779 254 862 290; x_wconf 73' lang='lat' dir='ltr'><strong>seras</strong></span> <span class='ocrx_word' id='word_1_4' title='bbox 880 254 966 291; x_wconf 75' lang='lat' dir='ltr'><strong>suana</strong></span> <span class='ocrx_word' id='word_1_5' title='bbox 1066 236 1086 300; x_wconf 82' lang='grc'><strong>3</strong></span> 
     </span>
    </p>
   </div>
   <div class='ocr_carea' id='block_1_2' title="bbox 106 393 1089 3728">
    <p class='ocr_par' dir='ltr' id='par_1_2' title="bbox 106 393 1089 3728">
     <span class='ocr_line' id='line_1_2' title="bbox 155 393 1086 482; baseline -0.003 -18"><span class='ocrx_word' id='word_1_6' title='bbox 155 393 241 464; x_wconf 76' lang='lat' dir='ltr'><strong>ilaec</strong></span> <span class='ocrx_word' id='word_1_7' title='bbox 266 418 358 482; x_wconf 87' lang='lat' dir='ltr'><strong>super</strong></span> <span class='ocrx_word' id='word_1_8' title='bbox 380 402 512 481; x_wconf 74' lang='lat' dir='ltr'><strong>inposuit</strong></span> <span class='ocrx_word' id='word_1_9' title='bbox 537 400 684 479; x_wconf 85' lang='lat' dir='ltr'><strong>liquidum</strong></span> <span class='ocrx_word' id='word_1_10' title='bbox 714 409 745 462; x_wconf 88' lang='lat' dir='ltr'><strong>et</strong></span> <span class='ocrx_word' id='word_1_11' title='bbox 771 401 913 480; x_wconf 75' lang='lat' dir='ltr'><strong>gravitme</strong></span> <span class='ocrx_word' id='word_1_12' title='bbox 936 408 1086 462; x_wconf 75' lang='lat' dir='ltr'>carentem</span> 
     </span>
     <span class='ocr_line' id='line_1_3' title="bbox 155 488 1025 569; baseline -0.002 -17"><span class='ocrx_word' id='word_1_13' title='bbox 155 490 293 552; x_wconf 80' lang='lat' dir='ltr'><strong>Aethera</strong></span> <span class='ocrx_word' id='word_1_14' title='bbox 314 507 371 550; x_wconf 90' lang='lat' dir='ltr'><strong>nee</strong></span> <span class='ocrx_word' id='word_1_15' title='bbox 395 492 553 569; x_wconf 90' lang='lat' dir='ltr'><strong>quicquam</strong></span> <span class='ocrx_word' id='word_1_16' title='bbox 576 497 713 551; x_wconf 78' lang='lat' dir='ltr'>terrenae</span> <span class='ocrx_word' id='word_1_17' title='bbox 736 490 827 551; x_wconf 81' lang='lat' dir='ltr'><strong>faecis</strong></span> <span class='ocrx_word' id='word_1_18' title='bbox 850 488 1025 550; x_wconf 77' lang='lat' dir='ltr'><strong>habentem.</strong></span> 
     </span>
     <span class='ocr_line' id='line_1_4' title="bbox 155 576 919 659; baseline 0 -21"><span class='ocrx_word' id='word_1_19' title='bbox 155 578 214 640; x_wconf 81' lang='lat' dir='ltr'><strong>Vix</strong></span> <span class='ocrx_word' id='word_1_20' title='bbox 238 581 284 641; x_wconf 88' lang='lat' dir='ltr'><strong>ita</strong></span> <span class='ocrx_word' id='word_1_21' title='bbox 305 576 449 640; x_wconf 84' lang='lat' dir='ltr'><strong>limitibus</strong></span> <span class='ocrx_word' id='word_1_22' title='bbox 472 577 672 656; x_wconf 75' lang='lat' dir='ltr'><strong>dissaepserat</strong></span> <span class='ocrx_word' id='word_1_23' title='bbox 694 579 791 639; x_wconf 92' lang='lat' dir='ltr'><strong>omnia</strong></span> <span class='ocrx_word' id='word_1_24' title='bbox 809 580 919 659; x_wconf 87' lang='lat' dir='ltr'><strong>certis,</strong></span> 
     </span>
     <span class='ocr_line' id='line_1_5' title="bbox 107 664 979 749; baseline -0.002 -21"><span class='ocrx_word' id='word_1_25' title='bbox 107 679 141 729; x_wconf 77' lang='lat' dir='ltr'><strong>to</strong></span> <span class='ocrx_word' id='word_1_26' title='bbox 156 667 264 749; x_wconf 86' lang='lat' dir='ltr'><strong>Cum,</strong></span> <span class='ocrx_word' id='word_1_27' title='bbox 286 684 363 745; x_wconf 89' lang='lat' dir='ltr'><strong>quae</strong></span> <span class='ocrx_word' id='word_1_28' title='bbox 386 683 489 746; x_wconf 87' lang='lat' dir='ltr'><strong>pressa</strong></span> <span class='ocrx_word' id='word_1_29' title='bbox 512 665 564 727; x_wconf 88' lang='lat' dir='ltr'><strong>diu</strong></span> <span class='ocrx_word' id='word_1_30' title='bbox 582 683 679 727; x_wconf 87' lang='lat' dir='ltr'><strong>massa</strong></span> <span class='ocrx_word' id='word_1_31' title='bbox 701 666 814 727; x_wconf 87' lang='lat' dir='ltr'><strong>latuere</strong></span> <span class='ocrx_word' id='word_1_32' title='bbox 838 664 894 727; x_wconf 91' lang='lat' dir='ltr'><strong>sub</strong></span> <span class='ocrx_word' id='word_1_33' title='bbox 911 666 979 746; x_wconf 85' lang='lat' dir='ltr'><strong>iiia,</strong></span> 
     </span>
     <span class='ocr_line' id='line_1_6' title="bbox 155 753 879 835; baseline -0.001 -19"><span class='ocrx_word' id='word_1_34' title='bbox 155 755 270 817; x_wconf 83' lang='lat' dir='ltr'><strong>Sidera</strong></span> <span class='ocrx_word' id='word_1_35' title='bbox 292 763 458 835; x_wconf 84' lang='lat' dir='ltr'><strong>coeperamt</strong></span> <span class='ocrx_word' id='word_1_36' title='bbox 479 763 541 816; x_wconf 90' lang='lat' dir='ltr'><strong>toto</strong></span> <span class='ocrx_word' id='word_1_37' title='bbox 566 755 761 816; x_wconf 81' lang='lat' dir='ltr'><strong>effervescere</strong></span> <span class='ocrx_word' id='word_1_38' title='bbox 779 753 879 816; x_wconf 86' lang='lat' dir='ltr'><strong>caelo.</strong></span> 
     </span>
     <span class='ocr_line' id='line_1_7' title="bbox 153 842 938 926; baseline 0.001 -21"><span class='ocrx_word' id='word_1_39' title='bbox 153 844 226 906; x_wconf 89' lang='lat' dir='ltr'><strong>Neu</strong></span> <span class='ocrx_word' id='word_1_40' title='bbox 250 845 336 924; x_wconf 86' lang='lat' dir='ltr'><strong>regio</strong></span> <span class='ocrx_word' id='word_1_41' title='bbox 358 845 437 905; x_wconf 84' lang='lat' dir='ltr'><strong>toret</strong></span> <span class='ocrx_word' id='word_1_42' title='bbox 458 842 518 904; x_wconf 86' lang='lat' dir='ltr'><strong>uile</strong></span> <span class='ocrx_word' id='word_1_43' title='bbox 540 845 603 905; x_wconf 87' lang='lat' dir='ltr'><strong>suis</strong></span> <span class='ocrx_word' id='word_1_44' title='bbox 626 843 825 906; x_wconf 88' lang='lat' dir='ltr'><strong>animantibus</strong></span> <span class='ocrx_word' id='word_1_45' title='bbox 847 843 938 926; x_wconf 83' lang='lat' dir='ltr'><strong>orba,</strong></span> 
     </span>
     <span class='ocr_line' id='line_1_8' title="bbox 154 931 1009 1015; baseline 0.001 -22"><span class='ocrx_word' id='word_1_46' title='bbox 154 935 251 996; x_wconf 79' lang='lat' dir='ltr'><strong>Astra</strong></span> <span class='ocrx_word' id='word_1_47' title='bbox 275 940 380 994; x_wconf 88' lang='lat' dir='ltr'><strong>tenent</strong></span> <span class='ocrx_word' id='word_1_48' title='bbox 402 931 529 994; x_wconf 88' lang='lat' dir='ltr'><strong>caeleste</strong></span> <span class='ocrx_word' id='word_1_49' title='bbox 553 931 650 994; x_wconf 88' lang='lat' dir='ltr'><strong>solum</strong></span> <span class='ocrx_word' id='word_1_50' title='bbox 673 933 844 1012; x_wconf 78' lang='lat' dir='ltr'><strong>formaeque</strong></span> <span class='ocrx_word' id='word_1_51' title='bbox 868 932 1009 1015; x_wconf 84' lang='lat' dir='ltr'><strong>deorum,</strong></span> 
     </span>
     <span class='ocr_line' id='line_1_9' title="bbox 155 1019 943 1103; baseline 0 -21"><span class='ocrx_word' id='word_1_52' title='bbox 155 1020 331 1083; x_wconf 85' lang='lat' dir='ltr'><strong>Cesserunt</strong></span> <span class='ocrx_word' id='word_1_53' title='bbox 352 1020 454 1083; x_wconf 87' lang='lat' dir='ltr'><strong>nitidis</strong></span> <span class='ocrx_word' id='word_1_54' title='bbox 476 1019 652 1083; x_wconf 85' lang='lat' dir='ltr'><strong>habitandae</strong></span> <span class='ocrx_word' id='word_1_55' title='bbox 671 1020 806 1101; x_wconf 87' lang='lat' dir='ltr'><strong>piscibus</strong></span> <span class='ocrx_word' id='word_1_56' title='bbox 828 1020 943 1103; x_wconf 86' lang='lat' dir='ltr'><strong>undae,</strong></span> 
     </span>
     <span class='ocr_line' id='line_1_10' title="bbox 106 1108 901 1190; baseline 0.001 -20"><span class='ocrx_word' id='word_1_57' title='bbox 106 1119 140 1170; x_wconf 78' lang='lat' dir='ltr'><strong>ta</strong></span> <span class='ocrx_word' id='word_1_58' title='bbox 154 1108 258 1170; x_wconf 87' lang='lat' dir='ltr'><strong>Terra</strong></span> <span class='ocrx_word' id='word_1_59' title='bbox 281 1110 360 1171; x_wconf 83' lang='lat' dir='ltr'><strong>ieras</strong></span> <span class='ocrx_word' id='word_1_60' title='bbox 383 1111 484 1190; x_wconf 87' lang='lat' dir='ltr'><strong>cepit,</strong></span> <span class='ocrx_word' id='word_1_61' title='bbox 506 1108 643 1171; x_wconf 85' lang='lat' dir='ltr'><strong>volucres</strong></span> <span class='ocrx_word' id='word_1_62' title='bbox 666 1108 811 1189; x_wconf 76' lang='lat' dir='ltr'><strong>agitabilis</strong></span> <span class='ocrx_word' id='word_1_63' title='bbox 834 1115 901 1171; x_wconf 79' lang='lat' dir='ltr'><strong>air.</strong></span> 
     </span>
     <span class='ocr_line' id='line_1_11' title="bbox 155 1195 954 1277; baseline 0 -19"><span class='ocrx_word' id='word_1_64' title='bbox 155 1196 304 1259; x_wconf 81' lang='lat' dir='ltr'><strong>Sanctius</strong></span> <span class='ocrx_word' id='word_1_65' title='bbox 327 1197 375 1258; x_wconf 87' lang='lat' dir='ltr'><strong>bis</strong></span> <span class='ocrx_word' id='word_1_66' title='bbox 397 1195 505 1258; x_wconf 88' lang='lat' dir='ltr'><strong>animal</strong></span> <span class='ocrx_word' id='word_1_67' title='bbox 527 1200 696 1276; x_wconf 67' lang='lat' dir='ltr'><strong>mentuque</strong></span> <span class='ocrx_word' id='word_1_68' title='bbox 720 1199 857 1277; x_wconf 88' lang='lat' dir='ltr'><strong>capacius</strong></span> <span class='ocrx_word' id='word_1_69' title='bbox 879 1197 954 1258; x_wconf 91' lang='lat' dir='ltr'><strong>altae</strong></span> 
     </span>
     <span class='ocr_line' id='line_1_12' title="bbox 154 1284 1055 1367; baseline 0.002 -20"><span class='ocrx_word' id='word_1_70' title='bbox 154 1285 274 1347; x_wconf 83' lang='lat' dir='ltr'><strong>Deerat</strong></span> <span class='ocrx_word' id='word_1_71' title='bbox 295 1284 392 1347; x_wconf 78' lang='lat' dir='ltr'><strong>edisne</strong></span> <span class='ocrx_word' id='word_1_72' title='bbox 403 1333 413 1367; x_wconf 89' lang='lat'>‚</span> <span class='ocrx_word' id='word_1_73' title='bbox 436 1293 467 1346; x_wconf 91' lang='lat' dir='ltr'><strong>et</strong></span> <span class='ocrx_word' id='word_1_74' title='bbox 489 1285 569 1364; x_wconf 93' lang='lat' dir='ltr'><strong>quod</strong></span> <span class='ocrx_word' id='word_1_75' title='bbox 592 1284 738 1346; x_wconf 88' lang='lat' dir='ltr'><strong>dominari</strong></span> <span class='ocrx_word' id='word_1_76' title='bbox 760 1287 791 1346; x_wconf 90' lang='lat' dir='ltr'><strong>in</strong></span> <span class='ocrx_word' id='word_1_77' title='bbox 814 1295 913 1347; x_wconf 88' lang='lat' dir='ltr'><strong>cetera</strong></span> <span class='ocrx_word' id='word_1_78' title='bbox 936 1294 1055 1365; x_wconf 90' lang='lat' dir='ltr'><strong>posset.</strong></span> 
     </span>
     <span class='ocr_line' id='line_1_13' title="bbox 154 1372 1001 1436; baseline 0.002 -2"><span class='ocrx_word' id='word_1_79' title='bbox 154 1373 258 1436; x_wconf 85' lang='lat' dir='ltr'><strong>Natus</strong></span> <span class='ocrx_word' id='word_1_80' title='bbox 280 1373 370 1435; x_wconf 89' lang='lat' dir='ltr'><strong>homo</strong></span> <span class='ocrx_word' id='word_1_81' title='bbox 394 1384 461 1435; x_wconf 84' lang='lat' dir='ltr'><strong>cst:</strong></span> <span class='ocrx_word' id='word_1_82' title='bbox 484 1375 545 1435; x_wconf 85' lang='lat' dir='ltr'><strong>sive</strong></span> <span class='ocrx_word' id='word_1_83' title='bbox 568 1372 649 1434; x_wconf 91' lang='lat' dir='ltr'><strong>bunc</strong></span> <span class='ocrx_word' id='word_1_84' title='bbox 672 1372 770 1434; x_wconf 86' lang='lat' dir='ltr'><strong>divino</strong></span> <span class='ocrx_word' id='word_1_85' title='bbox 793 1375 906 1435; x_wconf 88' lang='lat' dir='ltr'><strong>semine</strong></span> <span class='ocrx_word' id='word_1_86' title='bbox 929 1375 1001 1436; x_wconf 86' lang='lat' dir='ltr'><strong>iecit</strong></span> 
     </span>
     <span class='ocr_line' id='line_1_14' title="bbox 155 1461 889 1544; baseline 0 -21"><span class='ocrx_word' id='word_1_87' title='bbox 155 1461 211 1523; x_wconf 92' lang='lat' dir='ltr'><strong>llle</strong></span> <span class='ocrx_word' id='word_1_88' title='bbox 237 1462 340 1542; x_wconf 85' lang='lat' dir='ltr'><strong>opiiex</strong></span> <span class='ocrx_word' id='word_1_89' title='bbox 361 1479 465 1523; x_wconf 89' lang='lat' dir='ltr'><strong>rerum</strong></span> <span class='ocrx_word' id='word_1_90' title='bbox 476 1510 486 1544; x_wconf 89' lang='lat'>‚</span> <span class='ocrx_word' id='word_1_91' title='bbox 507 1461 612 1522; x_wconf 90' lang='lat' dir='ltr'><strong>mundi</strong></span> <span class='ocrx_word' id='word_1_92' title='bbox 634 1461 765 1522; x_wconf 79' lang='lat' dir='ltr'><strong>melioris</strong></span> <span class='ocrx_word' id='word_1_93' title='bbox 787 1464 889 1543; x_wconf 88' lang='lat' dir='ltr'><strong>origo,</strong></span> 
     </span>
     <span class='ocr_line' id='line_1_15' title="bbox 108 1549 941 1630; baseline 0.001 -19"><span class='ocrx_word' id='word_1_94' title='bbox 108 1561 143 1611; x_wconf 82' lang='lat' dir='ltr'><strong>ao</strong></span> <span class='ocrx_word' id='word_1_95' title='bbox 157 1549 232 1612; x_wconf 81' lang='lat' dir='ltr'><strong>Sive</strong></span> <span class='ocrx_word' id='word_1_96' title='bbox 257 1567 366 1612; x_wconf 88' lang='lat' dir='ltr'><strong>recens</strong></span> <span class='ocrx_word' id='word_1_97' title='bbox 386 1549 475 1612; x_wconf 86' lang='lat' dir='ltr'><strong>tellus</strong></span> <span class='ocrx_word' id='word_1_98' title='bbox 499 1549 681 1629; x_wconf 80' lang='lat' dir='ltr'><strong>seductaque</strong></span> <span class='ocrx_word' id='word_1_99' title='bbox 703 1566 800 1630; x_wconf 90' lang='lat' dir='ltr'><strong>nuper</strong></span> <span class='ocrx_word' id='word_1_100' title='bbox 823 1549 859 1610; x_wconf 92' lang='lat' dir='ltr'><strong>ab</strong></span> <span class='ocrx_word' id='word_1_101' title='bbox 883 1549 941 1612; x_wconf 89' lang='lat' dir='ltr'><strong>aito</strong></span> 
     </span>
     <span class='ocr_line' id='line_1_16' title="bbox 157 1637 856 1719; baseline -0.001 -20"><span class='ocrx_word' id='word_1_102' title='bbox 157 1639 293 1700; x_wconf 72' lang='lat' dir='ltr'><strong>Aethere</strong></span> <span class='ocrx_word' id='word_1_103' title='bbox 317 1639 436 1718; x_wconf 78' lang='lat' dir='ltr'><strong>cognati</strong></span> <span class='ocrx_word' id='word_1_104' title='bbox 458 1637 606 1700; x_wconf 87' lang='lat' dir='ltr'><strong>retinebat</strong></span> <span class='ocrx_word' id='word_1_105' title='bbox 629 1640 742 1700; x_wconf 86' lang='lat' dir='ltr'><strong>semina</strong></span> <span class='ocrx_word' id='word_1_106' title='bbox 765 1638 856 1719; x_wconf 84' lang='lat' dir='ltr'><strong>caeli,</strong></span> 
     </span>
     <span class='ocr_line' id='line_1_17' title="bbox 158 1725 948 1806; baseline -0.005 -18"><span class='ocrx_word' id='word_1_107' title='bbox 158 1726 261 1797; x_wconf 86' lang='lat' dir='ltr'><strong>Quam</strong></span> <span class='ocrx_word' id='word_1_108' title='bbox 284 1733 366 1788; x_wconf 89' lang='lat' dir='ltr'><strong>satus</strong></span> <span class='ocrx_word' id='word_1_109' title='bbox 389 1726 489 1806; x_wconf 84' lang='lat' dir='ltr'><strong>Iapeto</strong></span> <span class='ocrx_word' id='word_1_110' title='bbox 512 1728 634 1787; x_wconf 81' lang='lat' dir='ltr'><strong>naixtam</strong></span> <span class='ocrx_word' id='word_1_111' title='bbox 656 1725 822 1787; x_wconf 80' lang='lat' dir='ltr'><strong>fluvialibus</strong></span> <span class='ocrx_word' id='word_1_112' title='bbox 845 1726 948 1788; x_wconf 84' lang='lat' dir='ltr'><strong>undis.</strong></span> 
     </span>
     <span class='ocr_line' id='line_1_18' title="bbox 160 1814 994 1895; baseline 0.002 -20"><span class='ocrx_word' id='word_1_113' title='bbox 160 1814 266 1876; x_wconf 84' lang='lat' dir='ltr'><strong>Finxit</strong></span> <span class='ocrx_word' id='word_1_114' title='bbox 288 1816 321 1875; x_wconf 87' lang='lat' dir='ltr'><strong>in</strong></span> <span class='ocrx_word' id='word_1_115' title='bbox 343 1814 473 1894; x_wconf 87' lang='lat' dir='ltr'><strong>eiiigiem</strong></span> <span class='ocrx_word' id='word_1_116' title='bbox 490 1814 699 1876; x_wconf 84' lang='lat' dir='ltr'><strong>moderantum</strong></span> <span class='ocrx_word' id='word_1_117' title='bbox 722 1822 829 1876; x_wconf 87' lang='lat' dir='ltr'><strong>cuncta</strong></span> <span class='ocrx_word' id='word_1_118' title='bbox 852 1815 994 1895; x_wconf 88' lang='lat' dir='ltr'><strong>deorum;</strong></span> 
     </span>
     <span class='ocr_line' id='line_1_19' title="bbox 159 1901 1003 1985; baseline 0.002 -22"><span class='ocrx_word' id='word_1_119' title='bbox 159 1902 324 1981; x_wconf 84' lang='lat' dir='ltr'><strong>Pronaque</strong></span> <span class='ocrx_word' id='word_1_120' title='bbox 345 1920 414 1964; x_wconf 87' lang='lat' dir='ltr'><strong>cum</strong></span> <span class='ocrx_word' id='word_1_121' title='bbox 436 1910 574 1982; x_wconf 81' lang='lat' dir='ltr'><strong>spectent</strong></span> <span class='ocrx_word' id='word_1_122' title='bbox 595 1901 731 1963; x_wconf 90' lang='lat' dir='ltr'><strong>animalia</strong></span> <span class='ocrx_word' id='word_1_123' title='bbox 753 1911 852 1964; x_wconf 87' lang='lat' dir='ltr'><strong>cetera</strong></span> <span class='ocrx_word' id='word_1_124' title='bbox 874 1910 1003 1985; x_wconf 84' lang='lat' dir='ltr'><strong>terram,</strong></span> 
     </span>
     <span class='ocr_line' id='line_1_20' title="bbox 115 1989 934 2073; baseline 0.002 -23"><span class='ocrx_word' id='word_1_125' title='bbox 115 2000 147 2050; x_wconf 80' lang='lat' dir='ltr'><strong>aa</strong></span> <span class='ocrx_word' id='word_1_126' title='bbox 162 1989 204 2052; x_wconf 82' lang='lat' dir='ltr'><strong>iis</strong></span> <span class='ocrx_word' id='word_1_127' title='bbox 228 1991 345 2052; x_wconf 81' lang='lat' dir='ltr'><strong>homini</strong></span> <span class='ocrx_word' id='word_1_128' title='bbox 367 1989 492 2052; x_wconf 88' lang='lat' dir='ltr'><strong>subiime</strong></span> <span class='ocrx_word' id='word_1_129' title='bbox 516 1989 620 2073; x_wconf 86' lang='lat' dir='ltr'><strong>dedit,</strong></span> <span class='ocrx_word' id='word_1_130' title='bbox 643 1990 816 2070; x_wconf 87' lang='lat' dir='ltr'><strong>caelumque</strong></span> <span class='ocrx_word' id='word_1_131' title='bbox 833 1990 934 2052; x_wconf 84' lang='lat' dir='ltr'><strong>videre</strong></span> 
     </span>
     <span class='ocr_line' id='line_1_21' title="bbox 161 2077 898 2142; baseline 0.003 -4"><span class='ocrx_word' id='word_1_132' title='bbox 161 2078 258 2142; x_wconf 88' lang='lat' dir='ltr'><strong>iussit</strong></span> <span class='ocrx_word' id='word_1_133' title='bbox 279 2087 312 2140; x_wconf 90' lang='lat' dir='ltr'><strong>et</strong></span> <span class='ocrx_word' id='word_1_134' title='bbox 334 2086 451 2140; x_wconf 85' lang='lat' dir='ltr'><strong>erectos</strong></span> <span class='ocrx_word' id='word_1_135' title='bbox 473 2078 510 2140; x_wconf 92' lang='lat' dir='ltr'><strong>ad</strong></span> <span class='ocrx_word' id='word_1_136' title='bbox 533 2078 632 2140; x_wconf 85' lang='lat' dir='ltr'><strong>sidera</strong></span> <span class='ocrx_word' id='word_1_137' title='bbox 654 2077 759 2140; x_wconf 85' lang='lat' dir='ltr'><strong>tollere</strong></span> <span class='ocrx_word' id='word_1_138' title='bbox 781 2078 898 2140; x_wconf 71' lang='lat' dir='ltr'><strong>rudius.</strong></span> 
     </span>
     <span class='ocr_line' id='line_1_22' title="bbox 163 2165 1087 2249; baseline 0.002 -20"><span class='ocrx_word' id='word_1_139' title='bbox 163 2165 233 2245; x_wconf 86' lang='lat' dir='ltr'><strong>[Sic</strong></span> <span class='ocrx_word' id='word_1_140' title='bbox 247 2215 257 2249; x_wconf 88' lang='lat'><em>‚</em></span> <span class='ocrx_word' id='word_1_141' title='bbox 280 2166 369 2228; x_wconf 88' lang='lat' dir='ltr'><strong>modo</strong></span> <span class='ocrx_word' id='word_1_142' title='bbox 392 2184 468 2245; x_wconf 90' lang='lat' dir='ltr'><strong>quae</strong></span> <span class='ocrx_word' id='word_1_143' title='bbox 492 2167 591 2228; x_wconf 85' lang='lat' dir='ltr'><strong>iuerat</strong></span> <span class='ocrx_word' id='word_1_144' title='bbox 611 2166 696 2227; x_wconf 85' lang='lat' dir='ltr'><strong>rudis</strong></span> <span class='ocrx_word' id='word_1_145' title='bbox 711 2175 742 2228; x_wconf 91' lang='lat' dir='ltr'><strong>et</strong></span> <span class='ocrx_word' id='word_1_146' title='bbox 755 2168 819 2227; x_wconf 89' lang='lat' dir='ltr'><strong>sine</strong></span> <span class='ocrx_word' id='word_1_147' title='bbox 832 2168 981 2249; x_wconf 78' lang='lat' dir='ltr'><strong>imagine,</strong></span> <span class='ocrx_word' id='word_1_148' title='bbox 1000 2167 1087 2231; x_wconf 89' lang='lat' dir='ltr'><strong>tellus</strong></span> 
     </span>
     <span class='ocr_line' id='line_1_23' title="bbox 162 2254 1086 2334; baseline -0.003 -18"><span class='ocrx_word' id='word_1_149' title='bbox 162 2254 265 2317; x_wconf 91' lang='lat' dir='ltr'><strong>induit</strong></span> <span class='ocrx_word' id='word_1_150' title='bbox 286 2257 402 2334; x_wconf 85' lang='lat' dir='ltr'><strong>ignotas</strong></span> <span class='ocrx_word' id='word_1_151' title='bbox 424 2254 578 2316; x_wconf 74' lang='lat' dir='ltr'><strong>bominum</strong></span> <span class='ocrx_word' id='word_1_152' title='bbox 601 2273 744 2316; x_wconf 77' lang='lat' dir='ltr'><strong>conuersa</strong></span> <span class='ocrx_word' id='word_1_153' title='bbox 766 2254 908 2333; x_wconf 74' lang='lat' dir='ltr'><strong>figuras]</strong></span> <span class='ocrx_word' id='word_1_154' title='bbox 1030 2268 1053 2311; x_wconf 80' lang='lat' dir='ltr'><strong>a.</strong></span> <span class='ocrx_word' id='word_1_155' title='bbox 1066 2269 1086 2313; x_wconf 85' lang='lat' dir='ltr'><strong>r.</strong></span> 
     </span>
     <span class='ocr_line' id='line_1_24' title="bbox 207 2342 1043 2425; baseline -0.001 -20"><span class='ocrx_word' id='word_1_156' title='bbox 207 2344 309 2405; x_wconf 77' lang='lat' dir='ltr'><strong>Aurea</strong></span> <span class='ocrx_word' id='word_1_157' title='bbox 331 2345 427 2423; x_wconf 86' lang='lat' dir='ltr'><strong>prima</strong></span> <span class='ocrx_word' id='word_1_158' title='bbox 445 2351 507 2404; x_wconf 87' lang='lat' dir='ltr'><strong>sata</strong></span> <span class='ocrx_word' id='word_1_159' title='bbox 530 2351 577 2404; x_wconf 89' lang='lat' dir='ltr'><strong>est</strong></span> <span class='ocrx_word' id='word_1_160' title='bbox 599 2351 680 2404; x_wconf 85' lang='lat' dir='ltr'><strong>aetas</strong></span> <span class='ocrx_word' id='word_1_161' title='bbox 692 2391 702 2425; x_wconf 88' lang='lat'><em>‚</em></span> <span class='ocrx_word' id='word_1_162' title='bbox 725 2360 800 2422; x_wconf 90' lang='lat' dir='ltr'><strong>quae</strong></span> <span class='ocrx_word' id='word_1_163' title='bbox 823 2342 938 2404; x_wconf 83' lang='lat' dir='ltr'><strong>vindice</strong></span> <span class='ocrx_word' id='word_1_164' title='bbox 962 2343 1043 2405; x_wconf 91' lang='lat' dir='ltr'><strong>nulio</strong></span> 
     </span>
     <span class='ocr_line' id='line_1_25' title="bbox 119 2430 1020 2512; baseline 0.001 -21"><span class='ocrx_word' id='word_1_165' title='bbox 119 2442 152 2492; x_wconf 84' lang='lat' dir='ltr'><strong>to</strong></span> <span class='ocrx_word' id='word_1_166' title='bbox 165 2430 280 2512; x_wconf 91' lang='lat' dir='ltr'><strong>Sponte</strong></span> <span class='ocrx_word' id='word_1_167' title='bbox 304 2449 358 2493; x_wconf 80' lang='lat' dir='ltr'><strong>soa</strong></span> <span class='ocrx_word' id='word_1_168' title='bbox 370 2478 380 2512; x_wconf 89' lang='lat'>‚</span> <span class='ocrx_word' id='word_1_169' title='bbox 402 2432 467 2493; x_wconf 87' lang='lat' dir='ltr'><strong>siue</strong></span> <span class='ocrx_word' id='word_1_170' title='bbox 490 2430 555 2510; x_wconf 86' lang='lat' dir='ltr'><strong>lege</strong></span> <span class='ocrx_word' id='word_1_171' title='bbox 578 2431 667 2491; x_wconf 89' lang='lat' dir='ltr'><strong>tidem</strong></span> <span class='ocrx_word' id='word_1_172' title='bbox 689 2439 865 2510; x_wconf 90' lang='lat' dir='ltr'><strong>rectumque</strong></span> <span class='ocrx_word' id='word_1_173' title='bbox 888 2430 1020 2493; x_wconf 88' lang='lat' dir='ltr'><strong>colebat.</strong></span> 
     </span>
     <span class='ocr_line' id='line_1_26' title="bbox 164 2517 1030 2601; baseline 0 -22"><span class='ocrx_word' id='word_1_174' title='bbox 164 2518 267 2581; x_wconf 90' lang='lat' dir='ltr'><strong>Poena</strong></span> <span class='ocrx_word' id='word_1_175' title='bbox 290 2527 448 2598; x_wconf 89' lang='lat' dir='ltr'><strong>metusque</strong></span> <span class='ocrx_word' id='word_1_176' title='bbox 471 2518 615 2601; x_wconf 84' lang='lat' dir='ltr'><strong>aberant,</strong></span> <span class='ocrx_word' id='word_1_177' title='bbox 638 2537 695 2580; x_wconf 90' lang='lat' dir='ltr'><strong>nec</strong></span> <span class='ocrx_word' id='word_1_178' title='bbox 717 2517 807 2579; x_wconf 87' lang='lat' dir='ltr'><strong>verba</strong></span> <span class='ocrx_word' id='word_1_179' title='bbox 825 2521 950 2580; x_wconf 86' lang='lat' dir='ltr'><strong>minacia</strong></span> <span class='ocrx_word' id='word_1_180' title='bbox 972 2520 1030 2580; x_wconf 76' lang='lat' dir='ltr'><strong>tino</strong></span> 
     </span>
     <span class='ocr_line' id='line_1_27' title="bbox 164 2605 948 2689; baseline -0.001 -19"><span class='ocrx_word' id='word_1_181' title='bbox 164 2608 244 2670; x_wconf 77' lang='lat' dir='ltr'><strong>Aere</strong></span> <span class='ocrx_word' id='word_1_182' title='bbox 265 2606 464 2689; x_wconf 84' lang='lat' dir='ltr'><strong>legebantur,</strong></span> <span class='ocrx_word' id='word_1_183' title='bbox 485 2624 542 2668; x_wconf 85' lang='lat' dir='ltr'><strong>nec</strong></span> <span class='ocrx_word' id='word_1_184' title='bbox 564 2606 691 2687; x_wconf 88' lang='lat' dir='ltr'><strong>supplex</strong></span> <span class='ocrx_word' id='word_1_185' title='bbox 713 2605 801 2669; x_wconf 88' lang='lat' dir='ltr'><strong>turba</strong></span> <span class='ocrx_word' id='word_1_186' title='bbox 824 2606 948 2669; x_wconf 90' lang='lat' dir='ltr'><strong>timebat</strong></span> 
     </span>
     <span class='ocr_line' id='line_1_28' title="bbox 165 2694 953 2777; baseline 0 -20"><span class='ocrx_word' id='word_1_187' title='bbox 165 2694 276 2757; x_wconf 91' lang='lat' dir='ltr'><strong>iudicis</strong></span> <span class='ocrx_word' id='word_1_188' title='bbox 302 2713 354 2756; x_wconf 87' lang='lat' dir='ltr'><strong>ora</strong></span> <span class='ocrx_word' id='word_1_189' title='bbox 376 2697 424 2756; x_wconf 89' lang='lat' dir='ltr'><strong>sui</strong></span> <span class='ocrx_word' id='word_1_190' title='bbox 436 2743 446 2777; x_wconf 90' lang='lat'>‚</span> <span class='ocrx_word' id='word_1_191' title='bbox 469 2694 521 2756; x_wconf 85' lang='lat' dir='ltr'><strong>scd</strong></span> <span class='ocrx_word' id='word_1_192' title='bbox 545 2703 631 2756; x_wconf 90' lang='lat' dir='ltr'><strong>erant</strong></span> <span class='ocrx_word' id='word_1_193' title='bbox 653 2697 717 2757; x_wconf 89' lang='lat' dir='ltr'><strong>sine</strong></span> <span class='ocrx_word' id='word_1_194' title='bbox 740 2694 856 2757; x_wconf 82' lang='lat' dir='ltr'><strong>vindice</strong></span> <span class='ocrx_word' id='word_1_195' title='bbox 878 2698 953 2757; x_wconf 88' lang='lat' dir='ltr'><strong>tuti.</strong></span> 
     </span>
     <span class='ocr_line' id='line_1_29' title="bbox 164 2781 1089 2867; baseline -0.001 -22"><span class='ocrx_word' id='word_1_196' title='bbox 164 2781 305 2845; x_wconf 89' lang='lat' dir='ltr'><strong>Nondum</strong></span> <span class='ocrx_word' id='word_1_197' title='bbox 332 2800 418 2844; x_wconf 79' lang='lat' dir='ltr'><strong>caesa</strong></span> <span class='ocrx_word' id='word_1_198' title='bbox 446 2784 532 2865; x_wconf 88' lang='lat' dir='ltr'><strong>suis,</strong></span> <span class='ocrx_word' id='word_1_199' title='bbox 554 2786 747 2864; x_wconf 86' lang='lat' dir='ltr'><strong>peregrinum</strong></span> <span class='ocrx_word' id='word_1_200' title='bbox 773 2791 808 2845; x_wconf 92' lang='lat' dir='ltr'><strong>ut</strong></span> <span class='ocrx_word' id='word_1_201' title='bbox 835 2785 946 2845; x_wconf 79' lang='lat' dir='ltr'><strong>viseret</strong></span> <span class='ocrx_word' id='word_1_202' title='bbox 967 2782 1089 2867; x_wconf 85' lang='lat' dir='ltr'><strong>orbern,</strong></span> 
     </span>
     <span class='ocr_line' id='line_1_30' title="bbox 121 2870 983 2955; baseline 0.006 -27"><span class='ocrx_word' id='word_1_203' title='bbox 121 2870 316 2933; x_wconf 80' lang='lat' dir='ltr'><strong>toiiontibus</strong></span> <span class='ocrx_word' id='word_1_204' title='bbox 338 2873 370 2933; x_wconf 90' lang='lat' dir='ltr'><strong>in</strong></span> <span class='ocrx_word' id='word_1_205' title='bbox 392 2870 518 2951; x_wconf 86' lang='lat' dir='ltr'><strong>liquidas</strong></span> <span class='ocrx_word' id='word_1_206' title='bbox 541 2874 630 2951; x_wconf 89' lang='lat' dir='ltr'><strong>pinus</strong></span> <span class='ocrx_word' id='word_1_207' title='bbox 653 2870 848 2933; x_wconf 90' lang='lat' dir='ltr'><strong>descenderat</strong></span> <span class='ocrx_word' id='word_1_208' title='bbox 869 2871 983 2955; x_wconf 83' lang='lat' dir='ltr'><strong>undas,</strong></span> 
     </span>
     <span class='ocr_line' id='line_1_31' title="bbox 165 2959 951 3039; baseline 0 -18"><span class='ocrx_word' id='word_1_209' title='bbox 165 2959 311 3039; x_wconf 81' lang='lat' dir='ltr'><strong>Nullaque</strong></span> <span class='ocrx_word' id='word_1_210' title='bbox 334 2959 475 3021; x_wconf 84' lang='lat' dir='ltr'><strong>mortales</strong></span> <span class='ocrx_word' id='word_1_211' title='bbox 497 2966 618 3039; x_wconf 90' lang='lat' dir='ltr'><strong>praeter</strong></span> <span class='ocrx_word' id='word_1_212' title='bbox 641 2976 695 3021; x_wconf 89' lang='lat' dir='ltr'><strong>sua</strong></span> <span class='ocrx_word' id='word_1_213' title='bbox 716 2959 804 3021; x_wconf 88' lang='lat' dir='ltr'><strong>litora</strong></span> <span class='ocrx_word' id='word_1_214' title='bbox 826 2967 951 3021; x_wconf 89' lang='lat' dir='ltr'><strong>norant.</strong></span> 
     </span>
     <span class='ocr_line' id='line_1_32' title="bbox 164 3046 951 3129; baseline 0.003 -21"><span class='ocrx_word' id='word_1_215' title='bbox 164 3047 303 3109; x_wconf 91' lang='lat' dir='ltr'><strong>Nondum</strong></span> <span class='ocrx_word' id='word_1_216' title='bbox 325 3049 504 3128; x_wconf 83' lang='lat' dir='ltr'><strong>praecipites</strong></span> <span class='ocrx_word' id='word_1_217' title='bbox 526 3046 685 3127; x_wconf 88' lang='lat' dir='ltr'><strong>cingebant</strong></span> <span class='ocrx_word' id='word_1_218' title='bbox 706 3046 813 3129; x_wconf 89' lang='lat' dir='ltr'><strong>oppida</strong></span> <span class='ocrx_word' id='word_1_219' title='bbox 835 3049 951 3110; x_wconf 77' lang='lat' dir='ltr'><strong>fossaea</strong></span> 
     </span>
     <span class='ocr_line' id='line_1_33' title="bbox 165 3134 903 3218; baseline -0.001 -22"><span class='ocrx_word' id='word_1_220' title='bbox 165 3135 231 3197; x_wconf 89' lang='lat' dir='ltr'><strong>Non</strong></span> <span class='ocrx_word' id='word_1_221' title='bbox 254 3134 326 3198; x_wconf 90' lang='lat' dir='ltr'><strong>tuba</strong></span> <span class='ocrx_word' id='word_1_222' title='bbox 347 3135 454 3198; x_wconf 85' lang='lat' dir='ltr'><strong>directi</strong></span> <span class='ocrx_word' id='word_1_223' title='bbox 466 3184 476 3218; x_wconf 87' lang='lat'><em>‚</em></span> <span class='ocrx_word' id='word_1_224' title='bbox 498 3152 560 3196; x_wconf 91' lang='lat' dir='ltr'><strong>non</strong></span> <span class='ocrx_word' id='word_1_225' title='bbox 582 3138 661 3197; x_wconf 85' lang='lat' dir='ltr'><strong>aeris</strong></span> <span class='ocrx_word' id='word_1_226' title='bbox 683 3153 795 3198; x_wconf 88' lang='lat' dir='ltr'><strong>cornua</strong></span> <span class='ocrx_word' id='word_1_227' title='bbox 817 3135 903 3217; x_wconf 84' lang='lat' dir='ltr'><strong>flexi,</strong></span> 
     </span>
     <span class='ocr_line' id='line_1_34' title="bbox 164 3222 985 3305; baseline 0.001 -20"><span class='ocrx_word' id='word_1_228' title='bbox 164 3222 230 3285; x_wconf 90' lang='lat' dir='ltr'><strong>Non</strong></span> <span class='ocrx_word' id='word_1_229' title='bbox 252 3222 376 3305; x_wconf 81' lang='lat' dir='ltr'><strong>galeae,</strong></span> <span class='ocrx_word' id='word_1_230' title='bbox 398 3242 459 3286; x_wconf 92' lang='lat' dir='ltr'><strong>non</strong></span> <span class='ocrx_word' id='word_1_231' title='bbox 482 3225 563 3285; x_wconf 83' lang='lat' dir='ltr'><strong>ensis</strong></span> <span class='ocrx_word' id='word_1_232' title='bbox 586 3232 694 3286; x_wconf 82' lang='lat' dir='ltr'><strong>erant:</strong></span> <span class='ocrx_word' id='word_1_233' title='bbox 715 3226 780 3285; x_wconf 86' lang='lat' dir='ltr'><strong>sinc</strong></span> <span class='ocrx_word' id='word_1_234' title='bbox 803 3223 906 3285; x_wconf 88' lang='lat' dir='ltr'><strong>militis</strong></span> <span class='ocrx_word' id='word_1_235' title='bbox 928 3242 985 3286; x_wconf 87' lang='lat' dir='ltr'><strong>usu</strong></span> 
     </span>
     <span class='ocr_line' id='line_1_35' title="bbox 109 3310 835 3392; baseline 0.004 -22"><span class='ocrx_word' id='word_1_236' title='bbox 109 3318 153 3373; x_wconf 85' lang='lat' dir='ltr'><strong>too</strong></span> <span class='ocrx_word' id='word_1_237' title='bbox 165 3311 263 3374; x_wconf 87' lang='lat' dir='ltr'><strong>iioliia</strong></span> <span class='ocrx_word' id='word_1_238' title='bbox 285 3329 408 3374; x_wconf 85' lang='lat' dir='ltr'><strong>securae</strong></span> <span class='ocrx_word' id='word_1_239' title='bbox 430 3310 612 3392; x_wconf 85' lang='lat' dir='ltr'><strong>peragebant</strong></span> <span class='ocrx_word' id='word_1_240' title='bbox 633 3314 693 3373; x_wconf 94' lang='lat' dir='ltr'><strong>otia</strong></span> <span class='ocrx_word' id='word_1_241' title='bbox 714 3320 835 3392; x_wconf 88' lang='lat' dir='ltr'><strong>gentes.</strong></span> 
     </span>
     <span class='ocr_line' id='line_1_36' title="bbox 166 3399 1022 3483; baseline -0.001 -21"><span class='ocrx_word' id='word_1_242' title='bbox 166 3399 233 3481; x_wconf 86' lang='lat' dir='ltr'><strong>ipsa</strong></span> <span class='ocrx_word' id='word_1_243' title='bbox 255 3417 376 3480; x_wconf 91' lang='lat' dir='ltr'><strong>quoque</strong></span> <span class='ocrx_word' id='word_1_244' title='bbox 400 3401 540 3483; x_wconf 87' lang='lat' dir='ltr'><strong>immunis</strong></span> <span class='ocrx_word' id='word_1_245' title='bbox 562 3408 719 3479; x_wconf 88' lang='lat' dir='ltr'><strong>rastroque</strong></span> <span class='ocrx_word' id='word_1_246' title='bbox 742 3403 853 3462; x_wconf 88' lang='lat' dir='ltr'><strong>intacta</strong></span> <span class='ocrx_word' id='word_1_247' title='bbox 875 3419 931 3462; x_wconf 92' lang='lat' dir='ltr'><strong>nec</strong></span> <span class='ocrx_word' id='word_1_248' title='bbox 953 3399 1022 3462; x_wconf 88' lang='lat' dir='ltr'><strong>uiiis</strong></span> 
     </span>
     <span class='ocr_line' id='line_1_37' title="bbox 165 3486 959 3569; baseline -0.003 -18"><span class='ocrx_word' id='word_1_249' title='bbox 165 3488 272 3551; x_wconf 88' lang='lat' dir='ltr'><strong>Saucia</strong></span> <span class='ocrx_word' id='word_1_250' title='bbox 294 3487 465 3551; x_wconf 85' lang='lat' dir='ltr'><strong>vomeribus</strong></span> <span class='ocrx_word' id='word_1_251' title='bbox 487 3505 542 3568; x_wconf 89' lang='lat' dir='ltr'><strong>por</strong></span> <span class='ocrx_word' id='word_1_252' title='bbox 565 3505 599 3548; x_wconf 89' lang='lat' dir='ltr'><strong>se</strong></span> <span class='ocrx_word' id='word_1_253' title='bbox 621 3486 710 3549; x_wconf 88' lang='lat' dir='ltr'><strong>dabat</strong></span> <span class='ocrx_word' id='word_1_254' title='bbox 731 3491 829 3552; x_wconf 88' lang='lat' dir='ltr'><strong>omnia</strong></span> <span class='ocrx_word' id='word_1_255' title='bbox 853 3488 959 3569; x_wconf 83' lang='lat' dir='ltr'><strong>tellus3</strong></span> 
     </span>
     <span class='ocr_line' id='line_1_38' title="bbox 165 3575 849 3658; baseline -0.006 -18"><span class='ocrx_word' id='word_1_256' title='bbox 165 3576 365 3658; x_wconf 82' lang='lat' dir='ltr'><strong>Contentique</strong></span> <span class='ocrx_word' id='word_1_257' title='bbox 387 3576 463 3639; x_wconf 90' lang='lat' dir='ltr'><strong>cibis</strong></span> <span class='ocrx_word' id='word_1_258' title='bbox 485 3575 568 3638; x_wconf 90' lang='lat' dir='ltr'><strong>nulio</strong></span> <span class='ocrx_word' id='word_1_259' title='bbox 592 3583 717 3657; x_wconf 85' lang='lat' dir='ltr'><strong>cogente</strong></span> <span class='ocrx_word' id='word_1_260' title='bbox 741 3579 849 3639; x_wconf 87' lang='lat' dir='ltr'><strong>creatis</strong></span> 
     </span>
     <span class='ocr_line' id='line_1_39' title="bbox 839 3676 876 3728; baseline 0 -17"><span class='ocrx_word' id='word_1_261' title='bbox 839 3676 876 3728; x_wconf 61' lang='lat'><strong>12</strong></span> 
     </span>
    </p>
   </div>
   <div class='ocr_carea' id='block_1_3' title="bbox 0 0 1238 4042">
    <p class='ocr_par' dir='ltr' id='par_1_3' title="bbox 0 0 1238 4042">
     <span class='ocr_line' id='line_1_40' title="bbox 0 0 1238 4042; baseline 0 0"><span class='ocrx_word' id='word_1_262' title='bbox 0 0 1238 4042; x_wconf 95' lang='lat' dir='ltr'><strong> </strong></span> 
     </span>
    </p>
   </div>
  </div>
 </body>
</html>
