2467 4042
445 233 522 309 1⁴4,
595 210 622 218 “
1258 231 1662 292 AMORUM
2329 253 2390 269 ·—

607 386 721 448 Ibit
751 388 813 446 in
846 384 1151 445 adversos
1181 391 1420 446 montes
1454 385 1889 461 duplicataque
1917 388 2123 450 nimbo

689 470 998 540 Flumina,
1048 477 1376 545 congestas
1412 477 1645 529 exteret
1671 470 1771 529 ille
1803 472 2011 533 nives:

604 555 732 616 Nec
763 556 916 614 freta
943 569 1277 628 pressurus
1308 555 1575 614 tumidos
1608 555 1962 615 causabitur
1990 573 2173 619 euros

689 641 980 715 Aptaque
1008 639 1329 699 verrendis
1358 638 1565 698 sidera
1595 646 1851 712 quaeret
1876 642 2077 716 aquis.

523 735 588 786 15
614 724 760 799 Quis
793 723 908 782 nisi
944 723 1041 780 vel
1071 723 1247 782 miles
1276 723 1373 782 vel
1406 739 1619 783 amans
1649 729 1710 782 et
1735 723 1963 799 frigora
1993 725 2189 787 noctis

689 809 765 868 Et
796 807 992 866 denso
1024 807 1247 866 mixtas
1277 809 1546 882 perferet
1573 806 1765 866 imbre
1795 809 2015 868 nives?

605 893 853 952 Mittitur
881 890 1140 950 infestos
1170 892 1325 952 alter
1353 892 1705 966 speculator
1734 892 1792 950 in
1823 892 2037 952 hostes

697 976 757 1036 ln
792 975 985 1034 rivale
1017 977 1233 1036 oculos
1266 976 1451 1048 alter,
1496 984 1561 1035 ut
1593 975 1803 1051 hoste,
1850 984 2031 1036 tenet.

613 1064 713 1120 illo
745 1075 965 1136 graves
995 1059 1212 1135 urbes,
1254 1059 1353 1119 hic
1387 1061 1577 1119 durae
1605 1060 1785 1118 limen
1819 1061 2052 1120 amicae

525 1160 593 1204 ffn
701 1144 974 1204 Obsidet.
1020 1143 1121 1202 hic
1149 1151 1362 1220 portas
1394 1144 1643 1219 frangit,
1689 1151 1751 1203 at
1775 1145 1876 1203 ille
1906 1146 2093 1204 foreS.

613 1232 811 1304 Saepe
844 1235 1175 1303 soporatos
1202 1228 1498 1288 invadere
1534 1228 1762 1303 profuit
1791 1229 2023 1300 hosteS‚

693 1312 961 1372 Caedere
991 1320 1050 1372 et
1079 1320 1311 1372 armata
1342 1314 1562 1387 vulgus
1592 1315 1822 1372 inerme
1850 1329 2053 1374 manu.

609 1400 709 1456 Sic
741 1400 868 1456 fera
895 1396 1153 1456 Threicii
1187 1397 1538 1457 ceciderunt
1566 1397 1809 1471 agmina
1835 1397 2042 1472 Rhesi,

689 1484 761 1540 Et
791 1481 1103 1540 dominum
1135 1482 1295 1556 capti
1330 1481 1691 1541 deseruistis
1722 1482 1883 1555 equi.

521 1580 581 1628 ἓξ]
613 1568 842 1640 Nempe
873 1565 1224 1626 maritorum
1261 1566 1495 1626 somnis
1526 1572 1774 1626 utuntur
1801 1572 2106 1641 amanteS,

693 1652 764 1708 Et
794 1665 910 1709 sua
939 1650 1160 1725 sopitis
1190 1649 1471 1710 hostibus
1502 1666 1670 1709 arma
1698 1657 1964 1709 movent.

609 1733 935 1794 Custodum
967 1734 1227 1794 transire
1257 1751 1477 1794 manus
1506 1734 1878 1810 vigilumque
1914 1740 2192 1795 catervas

693 1819 891 1879 Militis
924 1825 982 1879 et
1009 1819 1216 1879 miseri
1250 1834 1497 1894 semper
1525 1819 1781 1878 amantis
1815 1834 1992 1893 opus.

605 1908 765 1964 ,tlara
798 1903 1054 1977 dubius,
1101 1919 1217 1964 nec
1248 1910 1414 1962 certa
1440 1904 1673 1962 Venus.
1719 1902 1989 1977 victique
2016 1912 2357 1978 resurgunt,

517 2000 581 2048 3η
697 1988 986 2064 Quosque
1015 2004 1206 2063 neges
1235 2003 1528 2062 umquam
1562 2001 1755 2064 posse
1784 1985 2017 2061 iacere,
2060 1989 2304 2050 cadunt.

601 2076 757 2144 Ergo
791 2073 1092 2132 desidiam
1127 2073 1497 2147 quicumque
1527 2071 1794 2131 vocabat
1821 2086 2111 2146 amorem,

689 2155 951 2216 Desinat.
991 2156 1216 2230 ingenii
1252 2163 1348 2216 est
1380 2155 1752 2231 experientis
1784 2170 1976 2214 amor.

597 2243 721 2300 ard
733 2246 789 2298 et
816 2240 874 2298 in
908 2239 1175 2299 abducta
1202 2240 1484 2300 Briseide
1510 2255 1770 2314 magnus
1799 2239 2105 2299 Achilles:

681 2324 836 2383 [lum
866 2323 1038 2396 licet,
1083 2324 1410 2399 Argolicas
1441 2324 1727 2399 frangite,
1769 2324 1990 2397 Troes,
2040 2340 2215 2400 opeS.

513 2420 573 2468 ἐξ]
609 2412 828 2468 llwsstor
859 2408 935 2467 ab
964 2408 1435 2468 Andromaches
1469 2406 1875 2484 conplexibus
1902 2408 2029 2467 ibat
2057 2408 2134 2468 ad
2169 2425 2353 2482 arma,

681 2496 753 2552 Et
779 2493 1018 2568 galeam
1050 2493 1230 2569 capiti
1266 2509 1425 2568 quae
1456 2493 1658 2566 daret,
1699 2507 1858 2551 uxor
1886 2498 2034 2551 erat.

601 2580 844 2636 Summa
877 2578 1129 2653 ducum,
1171 2578 1450 2652 AtrideS,
1494 2577 1631 2636 visa
1658 2575 1995 2635 Priameide
2029 2576 2217 2637 fertur

681 2663 997 2725 Maenadis
1030 2660 1244 2722 effusis
1277 2661 1657 2736 obstipuisse
1686 2659 1900 2721 comis.

597 2748 757 2804 murs
792 2762 1043 2820 quoque
1074 2746 1423 2822 deprensus
1464 2745 1701 2805 fabrilia
1727 2744 1972 2804 vincula
2000 2745 2221 2805 sensit=

517 2841 577 2888 ll]
685 2831 896 2892 Notior
926 2830 986 2889 in
1021 2832 1191 2890 caelo
1231 2829 1438 2890 sabula
1467 2831 1632 2890 nulla
1661 2828 1791 2888 suit.

597 2916 733 2988 lpse
765 2930 882 2989 ego
915 2915 1123 2990 segnis
1156 2931 1321 2974 eram
1355 2913 1778 2989 discinctaque
1807 2912 1867 2973 in
1899 2911 2023 2971 otia
2052 2919 2259 2973 natus=

681 3000 1020 3059 Mollierant
1047 2999 1286 3058 animos
1318 3000 1508 3059 lectus
1540 3006 1600 3057 et
1627 2997 1840 3057 umbra
1867 3012 2061 3056 meos.

597 3084 812 3156 blf-num
830 3084 1124 3159 ignavum
1157 3085 1466 3144 formosae
1498 3098 1641 3142 cura
1670 3082 1933 3158 puellae,

681 3168 859 3228 lussit
888 3175 947 3227 et
974 3168 1035 3228 in
1069 3167 1288 3228 castris
1320 3182 1463 3225 aere
1489 3182 1725 3226 merere
1754 3166 1903 3226 suis,

509 3264 569 3312 as]
597 3252 745 3308 lucie
778 3251 956 3313 vides
988 3253 1206 3327 agilem
1241 3257 1659 3326 nocturnaque
1687 3249 1851 3310 bella
1877 3255 2207 3324 gerentem.

681 3336 786 3404 Qui
820 3337 986 3397 nolet
1015 3336 1144 3396 fieri
1179 3335 1563 3408 desidiosus,
1606 3341 1787 3395 amet.

500 632 534 661 N

1594 3476 1640 3486 ...-

2447 2964 2448 3018 l

2446 3019 2448 3079 l
