<?xml version="1.0" encoding="UTF-8"?>
<!DOCTYPE html PUBLIC "-//W3C//DTD XHTML 1.0 Transitional//EN"
    "http://www.w3.org/TR/xhtml1/DTD/xhtml1-transitional.dtd">
<html xmlns="http://www.w3.org/1999/xhtml" xml:lang="en" lang="en">
 <head>
  <title>
</title>
<meta http-equiv="Content-Type" content="text/html;charset=utf-8" />
  <meta name='ocr-system' content='tesseract 3.04.00' />
  <meta name='ocr-capabilities' content='ocr_page ocr_carea ocr_par ocr_line ocrx_word'/>
</head>
<body>
  <div class='ocr_page' id='page_1' title='image "./povidiusnaso00ehwagoog_0271.png"; bbox 0 0 2467 4042; ppageno 0'>
   <div class='ocr_carea' id='block_1_1' title="bbox 446 231 694 308">
    <p class='ocr_par' dir='ltr' id='par_1_1' title="bbox 446 231 694 308">
     <span class='ocr_line' id='line_1_1' title="bbox 446 231 694 308; baseline -0.008 -16"><span class='ocrx_word' id='word_1_1' title='bbox 446 234 474 308; x_wconf 90' lang='lat' dir='ltr'>l,</span> <span class='ocrx_word' id='word_1_2' title='bbox 496 232 558 295; x_wconf 81' lang='lat'>603</span> <span class='ocrx_word' id='word_1_3' title='bbox 571 267 608 278; x_wconf 93' lang='lat'>-</span> <span class='ocrx_word' id='word_1_4' title='bbox 623 231 694 296; x_wconf 78' lang='lat' dir='ltr'>olo.</span> 
     </span>
    </p>
   </div>
   <div class='ocr_carea' id='block_1_2' title="bbox 68 385 1074 3576">
    <p class='ocr_par' dir='ltr' id='par_1_2' title="bbox 68 385 1074 3576">
     <span class='ocr_line' id='line_1_2' title="bbox 135 385 939 461; baseline -0.009 -11"><span class='ocrx_word' id='word_1_5' title='bbox 135 387 271 450; x_wconf 81' lang='lat' dir='ltr'>Reddite</span> <span class='ocrx_word' id='word_1_6' title='bbox 287 385 472 461; x_wconf 89' lang='lat' dir='ltr'>depositum.</span> <span class='ocrx_word' id='word_1_7' title='bbox 495 386 594 460; x_wconf 86' lang='lat' dir='ltr'>pietas</span> <span class='ocrx_word' id='word_1_8' title='bbox 611 401 669 446; x_wconf 85' lang='lat' dir='ltr'>sua</span> <span class='ocrx_word' id='word_1_9' title='bbox 681 386 807 448; x_wconf 80' lang='lat' dir='ltr'><strong>foedera</strong></span> <span class='ocrx_word' id='word_1_10' title='bbox 822 393 939 447; x_wconf 71' lang='lat' dir='ltr'>servet:</span> 
     </span>
     <span class='ocr_line' id='line_1_3' title="bbox 180 469 901 532; baseline 0.001 -2"><span class='ocrx_word' id='word_1_11' title='bbox 180 471 278 531; x_wconf 81' lang='lat' dir='ltr'>Fraus</span> <span class='ocrx_word' id='word_1_12' title='bbox 295 470 383 532; x_wconf 91' lang='lat' dir='ltr'>absit.</span> <span class='ocrx_word' id='word_1_13' title='bbox 407 485 523 530; x_wconf 84' lang='lat' dir='ltr'>vacuas</span> <span class='ocrx_word' id='word_1_14' title='bbox 538 469 644 532; x_wconf 87' lang='lat' dir='ltr'>caedis</span> <span class='ocrx_word' id='word_1_15' title='bbox 660 470 769 531; x_wconf 76' lang='lat' dir='ltr'>habete</span> <span class='ocrx_word' id='word_1_16' title='bbox 783 486 901 532; x_wconf 86' lang='lat' dir='ltr'>manus.</span> 
     </span>
     <span class='ocr_line' id='line_1_4' title="bbox 135 554 845 630; baseline -0.004 -13"><span class='ocrx_word' id='word_1_17' title='bbox 135 555 262 630; x_wconf 90' lang='lat' dir='ltr'>Ludite,</span> <span class='ocrx_word' id='word_1_18' title='bbox 283 556 311 615; x_wconf 89' lang='lat' dir='ltr'>si</span> <span class='ocrx_word' id='word_1_19' title='bbox 325 554 451 630; x_wconf 86' lang='lat' dir='ltr'>sapitis,</span> <span class='ocrx_word' id='word_1_20' title='bbox 473 556 558 615; x_wconf 86' lang='lat' dir='ltr'>solas</span> <span class='ocrx_word' id='word_1_21' title='bbox 574 555 699 630; x_wconf 89' lang='lat' dir='ltr'>impune</span> <span class='ocrx_word' id='word_1_22' title='bbox 716 557 845 630; x_wconf 88' lang='lat' dir='ltr'>puellas.</span> 
     </span>
     <span class='ocr_line' id='line_1_5' title="bbox 182 639 854 703; baseline 0.003 -3"><span class='ocrx_word' id='word_1_23' title='bbox 182 642 248 701; x_wconf 91' lang='lat' dir='ltr'>Hac</span> <span class='ocrx_word' id='word_1_24' title='bbox 262 639 364 699; x_wconf 90' lang='lat' dir='ltr'>minus</span> <span class='ocrx_word' id='word_1_25' title='bbox 379 645 427 699; x_wconf 90' lang='lat' dir='ltr'>est</span> <span class='ocrx_word' id='word_1_26' title='bbox 440 655 502 698; x_wconf 92' lang='grc'>666</span> <span class='ocrx_word' id='word_1_27' title='bbox 517 639 624 699; x_wconf 80' lang='lat' dir='ltr'>fraude</span> <span class='ocrx_word' id='word_1_28' title='bbox 640 639 751 703; x_wconf 87' lang='lat' dir='ltr'>tuenda</span> <span class='ocrx_word' id='word_1_29' title='bbox 765 639 854 702; x_wconf 84' lang='lat' dir='ltr'>fides.</span> 
     </span>
     <span class='ocr_line' id='line_1_6' title="bbox 68 723 875 798; baseline -0.01 -7"><span class='ocrx_word' id='word_1_30' title='bbox 68 735 122 791; x_wconf 78' lang='grc'>666</span> <span class='ocrx_word' id='word_1_31' title='bbox 134 725 244 785; x_wconf 79' lang='lat' dir='ltr'>Fallite</span> <span class='ocrx_word' id='word_1_32' title='bbox 258 724 410 784; x_wconf 80' lang='lat' dir='ltr'>fallentes.</span> <span class='ocrx_word' id='word_1_33' title='bbox 433 738 474 782; x_wconf 83' lang='lat' dir='ltr'>ex</span> <span class='ocrx_word' id='word_1_34' title='bbox 487 738 598 797; x_wconf 76' lang='lat' dir='ltr'>magno</span> <span class='ocrx_word' id='word_1_35' title='bbox 614 730 699 798; x_wconf 89' lang='lat' dir='ltr'>parte</span> <span class='ocrx_word' id='word_1_36' title='bbox 715 723 875 798; x_wconf 81' lang='lat' dir='ltr'>profanum</span> 
     </span>
     <span class='ocr_line' id='line_1_7' title="bbox 180 807 985 883; baseline -0.002 -13"><span class='ocrx_word' id='word_1_37' title='bbox 180 807 260 870; x_wconf 90' lang='lat' dir='ltr'>Sunt</span> <span class='ocrx_word' id='word_1_38' title='bbox 274 823 384 883; x_wconf 82' lang='lat' dir='ltr'>genus.</span> <span class='ocrx_word' id='word_1_39' title='bbox 406 807 435 867; x_wconf 92' lang='lat' dir='ltr'>in</span> <span class='ocrx_word' id='word_1_40' title='bbox 450 808 580 882; x_wconf 86' lang='lat' dir='ltr'>laqueos</span> <span class='ocrx_word' id='word_1_41' title='bbox 596 823 676 881; x_wconf 89' lang='lat' dir='ltr'>quos</span> <span class='ocrx_word' id='word_1_42' title='bbox 693 822 840 882; x_wconf 81' lang='lat' dir='ltr'>posuere,</span> <span class='ocrx_word' id='word_1_43' title='bbox 865 808 985 870; x_wconf 81' lang='lat' dir='ltr'><strong>cadant.</strong></span> 
     </span>
     <span class='ocr_line' id='line_1_8' title="bbox 139 891 864 969; baseline -0.001 -16"><span class='ocrx_word' id='word_1_44' title='bbox 139 894 254 954; x_wconf 77' lang='lat' dir='ltr'>Dicitur</span> <span class='ocrx_word' id='word_1_45' title='bbox 268 895 433 969; x_wconf 73' lang='lat' dir='ltr'>Aegyptos</span> <span class='ocrx_word' id='word_1_46' title='bbox 448 891 586 952; x_wconf 76' lang='lat' dir='ltr'>caruisse</span> <span class='ocrx_word' id='word_1_47' title='bbox 601 891 773 953; x_wconf 86' lang='lat' dir='ltr'>iuvantibus</span> <span class='ocrx_word' id='word_1_48' title='bbox 789 908 864 952; x_wconf 86' lang='lat' dir='ltr'>arva</span> 
     </span>
     <span class='ocr_line' id='line_1_9' title="bbox 180 975 932 1051; baseline -0.004 -15"><span class='ocrx_word' id='word_1_49' title='bbox 180 975 348 1050; x_wconf 88' lang='lat' dir='ltr'>imbribus,</span> <span class='ocrx_word' id='word_1_50' title='bbox 404 991 464 1051; x_wconf 91' lang='lat' dir='ltr'>que</span> <span class='ocrx_word' id='word_1_51' title='bbox 479 991 577 1037; x_wconf 87' lang='lat' dir='ltr'>annos</span> <span class='ocrx_word' id='word_1_52' title='bbox 594 975 678 1037; x_wconf 85' lang='lat' dir='ltr'>sicca</span> <span class='ocrx_word' id='word_1_53' title='bbox 693 975 790 1038; x_wconf 86' lang='lat' dir='ltr'>luisse</span> <span class='ocrx_word' id='word_1_54' title='bbox 805 992 932 1037; x_wconf 73' lang='lat' dir='ltr'>novema</span> 
     </span>
     <span class='ocr_line' id='line_1_10' title="bbox 137 1059 929 1136; baseline 0 -14"><span class='ocrx_word' id='word_1_55' title='bbox 137 1062 212 1122; x_wconf 87' lang='lat' dir='ltr'>Com</span> <span class='ocrx_word' id='word_1_56' title='bbox 227 1061 376 1121; x_wconf 82' lang='lat' dir='ltr'>Thrasius</span> <span class='ocrx_word' id='word_1_57' title='bbox 417 1060 511 1120; x_wconf 89' lang='lat' dir='ltr'>osirin</span> <span class='ocrx_word' id='word_1_58' title='bbox 529 1060 605 1134; x_wconf 90' lang='lat' dir='ltr'>adit,</span> <span class='ocrx_word' id='word_1_59' title='bbox 627 1066 837 1136; x_wconf 83' lang='lat' dir='ltr'>monstratque</span> <span class='ocrx_word' id='word_1_60' title='bbox 852 1059 929 1136; x_wconf 86' lang='lat' dir='ltr'>piari</span> 
     </span>
     <span class='ocr_line' id='line_1_11' title="bbox 70 1144 846 1221; baseline -0.009 -12"><span class='ocrx_word' id='word_1_61' title='bbox 70 1158 123 1209; x_wconf 83' lang='lat'>650</span> <span class='ocrx_word' id='word_1_62' title='bbox 176 1145 318 1221; x_wconf 87' lang='lat' dir='ltr'>Hospitis</span> <span class='ocrx_word' id='word_1_63' title='bbox 333 1144 443 1205; x_wconf 81' lang='lat' dir='ltr'>adfuso</span> <span class='ocrx_word' id='word_1_64' title='bbox 459 1145 609 1219; x_wconf 77' lang='lat' dir='ltr'>sauguine</span> <span class='ocrx_word' id='word_1_65' title='bbox 625 1159 719 1219; x_wconf 90' lang='lat' dir='ltr'>posse</span> <span class='ocrx_word' id='word_1_66' title='bbox 734 1145 846 1205; x_wconf 86' lang='lat' dir='ltr'>lovem.</span> 
     </span>
     <span class='ocr_line' id='line_1_12' title="bbox 136 1228 770 1303; baseline -0.003 -13"><span class='ocrx_word' id='word_1_67' title='bbox 136 1230 181 1290; x_wconf 92' lang='lat' dir='ltr'>llli</span> <span class='ocrx_word' id='word_1_68' title='bbox 195 1229 317 1291; x_wconf 89' lang='lat' dir='ltr'>Busiris</span> <span class='ocrx_word' id='word_1_69' title='bbox 334 1229 404 1289; x_wconf 79' lang='lat' dir='ltr'>‘fies</span> <span class='ocrx_word' id='word_1_70' title='bbox 419 1229 501 1289; x_wconf 84' lang='lat' dir='ltr'>loris</span> <span class='ocrx_word' id='word_1_71' title='bbox 516 1228 618 1288; x_wconf 84' lang='lat' dir='ltr'>hostia</span> <span class='ocrx_word' id='word_1_72' title='bbox 633 1230 770 1303; x_wconf 66' lang='lat' dir='ltr'>primuq&#39;</span> 
     </span>
     <span class='ocr_line' id='line_1_13' title="bbox 178 1312 932 1391; baseline 0.003 -17"><span class='ocrx_word' id='word_1_73' title='bbox 178 1314 282 1388; x_wconf 90' lang='lat' dir='ltr'>lnquit</span> <span class='ocrx_word' id='word_1_74' title='bbox 297 1315 341 1373; x_wconf 69' lang='lat' dir='ltr'>‘et</span> <span class='ocrx_word' id='word_1_75' title='bbox 355 1315 500 1391; x_wconf 78' lang='lat' dir='ltr'>Aegypto</span> <span class='ocrx_word' id='word_1_76' title='bbox 515 1319 546 1373; x_wconf 94' lang='lat' dir='ltr'>tu</span> <span class='ocrx_word' id='word_1_77' title='bbox 562 1313 652 1374; x_wconf 88' lang='lat' dir='ltr'>dabis</span> <span class='ocrx_word' id='word_1_78' title='bbox 665 1312 783 1388; x_wconf 87' lang='lat' dir='ltr'>hospes</span> <span class='ocrx_word' id='word_1_79' title='bbox 797 1316 932 1389; x_wconf 71' lang='lat' dir='ltr'>aquam?</span> 
     </span>
     <span class='ocr_line' id='line_1_14' title="bbox 134 1396 831 1459; baseline -0.001 -1"><span class='ocrx_word' id='word_1_80' title='bbox 134 1398 174 1459; x_wconf 79' lang='lat' dir='ltr'>Et</span> <span class='ocrx_word' id='word_1_81' title='bbox 185 1397 326 1458; x_wconf 88' lang='lat' dir='ltr'>Phalaris</span> <span class='ocrx_word' id='word_1_82' title='bbox 343 1403 431 1458; x_wconf 83' lang='lat' dir='ltr'>tauro</span> <span class='ocrx_word' id='word_1_83' title='bbox 445 1396 568 1457; x_wconf 91' lang='lat' dir='ltr'>violenti</span> <span class='ocrx_word' id='word_1_84' title='bbox 583 1396 719 1457; x_wconf 83' lang='lat' dir='ltr'>membra</span> <span class='ocrx_word' id='word_1_85' title='bbox 731 1396 831 1459; x_wconf 89' lang='lat' dir='ltr'>Perilli</span> 
     </span>
     <span class='ocr_line' id='line_1_15' title="bbox 176 1479 775 1557; baseline -0.003 -14"><span class='ocrx_word' id='word_1_86' title='bbox 176 1481 308 1543; x_wconf 86' lang='lat' dir='ltr'>Torruit.</span> <span class='ocrx_word' id='word_1_87' title='bbox 331 1481 437 1541; x_wconf 79' lang='lat' dir='ltr'>infelix</span> <span class='ocrx_word' id='word_1_88' title='bbox 451 1479 548 1542; x_wconf 87' lang='lat' dir='ltr'>inbuit</span> <span class='ocrx_word' id='word_1_89' title='bbox 561 1487 668 1541; x_wconf 79' lang='lat' dir='ltr'>auctor</span> <span class='ocrx_word' id='word_1_90' title='bbox 683 1496 775 1557; x_wconf 90' lang='lat' dir='ltr'>opus.</span> 
     </span>
     <span class='ocr_line' id='line_1_16' title="bbox 70 1562 1034 1642; baseline -0.003 -12"><span class='ocrx_word' id='word_1_91' title='bbox 70 1576 122 1630; x_wconf 82' lang='grc'>666</span> <span class='ocrx_word' id='word_1_92' title='bbox 133 1566 239 1628; x_wconf 80' lang='lat' dir='ltr'>luscus</span> <span class='ocrx_word' id='word_1_93' title='bbox 255 1565 463 1640; x_wconf 83' lang='lat' dir='ltr'>uterqueloit.</span> <span class='ocrx_word' id='word_1_94' title='bbox 487 1580 588 1640; x_wconf 88' lang='lat' dir='ltr'>neque</span> <span class='ocrx_word' id='word_1_95' title='bbox 602 1564 683 1625; x_wconf 88' lang='lat' dir='ltr'>enim</span> <span class='ocrx_word' id='word_1_96' title='bbox 697 1566 748 1626; x_wconf 87' lang='lat' dir='ltr'>lex</span> <span class='ocrx_word' id='word_1_97' title='bbox 763 1562 890 1640; x_wconf 84' lang='lat' dir='ltr'>aequior</span> <span class='ocrx_word' id='word_1_98' title='bbox 904 1565 966 1627; x_wconf 80' lang='lat' dir='ltr'>tilla</span> <span class='ocrx_word' id='word_1_99' title='bbox 979 1575 1034 1642; x_wconf 81' lang='lat' dir='ltr'>est,</span> 
     </span>
     <span class='ocr_line' id='line_1_17' title="bbox 177 1648 797 1724; baseline 0.002 -15"><span class='ocrx_word' id='word_1_100' title='bbox 177 1652 275 1724; x_wconf 76' lang='lat' dir='ltr'>Quam</span> <span class='ocrx_word' id='word_1_101' title='bbox 290 1649 375 1709; x_wconf 83' lang='lat' dir='ltr'>necis</span> <span class='ocrx_word' id='word_1_102' title='bbox 390 1648 523 1710; x_wconf 72' lang='grc'><strong>6666666</strong></span> <span class='ocrx_word' id='word_1_103' title='bbox 537 1656 603 1711; x_wconf 89' lang='lat' dir='ltr'>orte</span> <span class='ocrx_word' id='word_1_104' title='bbox 616 1649 716 1724; x_wconf 86' lang='lat' dir='ltr'>perire</span> <span class='ocrx_word' id='word_1_105' title='bbox 731 1666 797 1710; x_wconf 86' lang='lat' dir='ltr'>sua.</span> 
     </span>
     <span class='ocr_line' id='line_1_18' title="bbox 134 1732 831 1809; baseline 0 -14"><span class='ocrx_word' id='word_1_106' title='bbox 134 1735 216 1809; x_wconf 75' lang='lat' dir='ltr'>argo</span> <span class='ocrx_word' id='word_1_107' title='bbox 232 1740 265 1793; x_wconf 92' lang='lat' dir='ltr'>ut</span> <span class='ocrx_word' id='word_1_108' title='bbox 279 1733 417 1809; x_wconf 88' lang='lat' dir='ltr'>periuros</span> <span class='ocrx_word' id='word_1_109' title='bbox 432 1734 539 1793; x_wconf 86' lang='lat' dir='ltr'>merito</span> <span class='ocrx_word' id='word_1_110' title='bbox 554 1732 687 1809; x_wconf 88' lang='lat' dir='ltr'>periuria</span> <span class='ocrx_word' id='word_1_111' title='bbox 702 1735 831 1805; x_wconf 71' lang='lat' dir='ltr'>fallant.</span> 
     </span>
     <span class='ocr_line' id='line_1_19' title="bbox 176 1816 759 1893; baseline -0.003 -15"><span class='ocrx_word' id='word_1_112' title='bbox 176 1818 330 1893; x_wconf 80' lang='lat' dir='ltr'>Exemplo</span> <span class='ocrx_word' id='word_1_113' title='bbox 347 1816 450 1877; x_wconf 87' lang='lat' dir='ltr'>doleat</span> <span class='ocrx_word' id='word_1_114' title='bbox 464 1817 577 1877; x_wconf 87' lang='lat' dir='ltr'>lomina</span> <span class='ocrx_word' id='word_1_115' title='bbox 591 1817 677 1879; x_wconf 90' lang='lat' dir='ltr'>laesa</span> <span class='ocrx_word' id='word_1_116' title='bbox 691 1834 759 1879; x_wconf 91' lang='lat' dir='ltr'>suo.</span> 
     </span>
     <span class='ocr_line' id='line_1_20' title="bbox 132 1901 979 1977; baseline -0.005 -14"><span class='ocrx_word' id='word_1_117' title='bbox 132 1903 169 1963; x_wconf 80' lang='lat' dir='ltr'>Et</span> <span class='ocrx_word' id='word_1_118' title='bbox 185 1901 332 1963; x_wconf 83' lang='lat' dir='ltr'>lacrimae</span> <span class='ocrx_word' id='word_1_119' title='bbox 346 1907 484 1977; x_wconf 85' lang='lat' dir='ltr'>prosunt</span> <span class='ocrx_word' id='word_1_120' title='bbox 505 1901 640 1962; x_wconf 83' lang='lat' dir='ltr'>lacrimis</span> <span class='ocrx_word' id='word_1_121' title='bbox 654 1901 816 1963; x_wconf 82' lang='lat' dir='ltr'>adamanta</span> <span class='ocrx_word' id='word_1_122' title='bbox 830 1902 979 1963; x_wconf 83' lang='lat' dir='ltr'>movebis.</span> 
     </span>
     <span class='ocr_line' id='line_1_21' title="bbox 72 1984 891 2061; baseline -0.009 -10"><span class='ocrx_word' id='word_1_123' title='bbox 72 1997 124 2051; x_wconf 86' lang='grc'>666</span> <span class='ocrx_word' id='word_1_124' title='bbox 176 1986 238 2046; x_wconf 85' lang='lat' dir='ltr'>Fac</span> <span class='ocrx_word' id='word_1_125' title='bbox 253 1984 395 2046; x_wconf 86' lang='lat' dir='ltr'>madidas</span> <span class='ocrx_word' id='word_1_126' title='bbox 411 1984 530 2059; x_wconf 88' lang='lat' dir='ltr'>videat,</span> <span class='ocrx_word' id='word_1_127' title='bbox 551 1984 578 2044; x_wconf 91' lang='lat' dir='ltr'>si</span> <span class='ocrx_word' id='word_1_128' title='bbox 593 1992 699 2061; x_wconf 89' lang='lat' dir='ltr'>potes,</span> <span class='ocrx_word' id='word_1_129' title='bbox 720 1986 773 2046; x_wconf 92' lang='lat' dir='ltr'>illa</span> <span class='ocrx_word' id='word_1_130' title='bbox 785 2001 891 2061; x_wconf 76' lang='lat' dir='ltr'>genas.</span> 
     </span>
     <span class='ocr_line' id='line_1_22' title="bbox 134 2067 1074 2147; baseline -0.003 -16"><span class='ocrx_word' id='word_1_131' title='bbox 134 2069 167 2132; x_wconf 89' lang='lat' dir='ltr'>Si</span> <span class='ocrx_word' id='word_1_132' title='bbox 183 2069 360 2130; x_wconf 84' lang='lat' dir='ltr'>lacrimae...</span> <span class='ocrx_word' id='word_1_133' title='bbox 376 2083 478 2144; x_wconf 85' lang='lat' dir='ltr'>neque</span> <span class='ocrx_word' id='word_1_134' title='bbox 492 2067 574 2130; x_wconf 79' lang='lat' dir='ltr'>enon</span> <span class='ocrx_word' id='word_1_135' title='bbox 585 2070 710 2131; x_wconf 78' lang='lat' dir='ltr'>veniunt</span> <span class='ocrx_word' id='word_1_136' title='bbox 723 2070 754 2130; x_wconf 91' lang='lat' dir='ltr'>in</span> <span class='ocrx_word' id='word_1_137' title='bbox 769 2077 908 2147; x_wconf 89' lang='lat' dir='ltr'>tempore</span> <span class='ocrx_word' id='word_1_138' title='bbox 921 2087 1074 2146; x_wconf 86' lang='lat' dir='ltr'>semper...</span> 
     </span>
     <span class='ocr_line' id='line_1_23' title="bbox 177 2152 1036 2237; baseline 0 -22"><span class='ocrx_word' id='word_1_139' title='bbox 177 2154 344 2227; x_wconf 81' lang='lat' dir='ltr'>Deficieut,</span> <span class='ocrx_word' id='word_1_140' title='bbox 364 2154 426 2214; x_wconf 88' lang='lat' dir='ltr'>oda</span> <span class='ocrx_word' id='word_1_141' title='bbox 443 2152 777 2228; x_wconf 78' lang='lat' dir='ltr'>lonainatsogemauu.</span> <span class='ocrx_word' id='word_1_142' title='bbox 1030 2224 1036 2237; x_wconf 96' lang='lat'>.</span> 
     </span>
     <span class='ocr_line' id='line_1_24' title="bbox 134 2236 972 2313; baseline -0.004 -12"><span class='ocrx_word' id='word_1_143' title='bbox 134 2238 210 2313; x_wconf 82' lang='lat' dir='ltr'>Quis</span> <span class='ocrx_word' id='word_1_144' title='bbox 225 2237 353 2313; x_wconf 87' lang='lat' dir='ltr'>sapiens</span> <span class='ocrx_word' id='word_1_145' title='bbox 368 2236 489 2298; x_wconf 67' lang='lat' dir='ltr'>Mandis</span> <span class='ocrx_word' id='word_1_146' title='bbox 504 2252 567 2297; x_wconf 87' lang='lat' dir='ltr'>noa</span> <span class='ocrx_word' id='word_1_147' title='bbox 580 2237 709 2300; x_wconf 85' lang='lat' dir='ltr'>misceat</span> <span class='ocrx_word' id='word_1_148' title='bbox 723 2239 831 2299; x_wconf 90' lang='lat' dir='ltr'>oscula</span> <span class='ocrx_word' id='word_1_149' title='bbox 848 2238 972 2300; x_wconf 68' lang='lat' dir='ltr'>verbis?</span> 
     </span>
     <span class='ocr_line' id='line_1_25' title="bbox 176 2321 875 2393; baseline 0.003 -12"><span class='ocrx_word' id='word_1_150' title='bbox 176 2323 232 2383; x_wconf 87' lang='lat' dir='ltr'>llla</span> <span class='ocrx_word' id='word_1_151' title='bbox 247 2322 319 2381; x_wconf 82' lang='lat' dir='ltr'>lieet</span> <span class='ocrx_word' id='word_1_152' title='bbox 333 2337 394 2384; x_wconf 92' lang='lat' dir='ltr'>non</span> <span class='ocrx_word' id='word_1_153' title='bbox 409 2322 475 2393; x_wconf 91' lang='lat' dir='ltr'>det,</span> <span class='ocrx_word' id='word_1_154' title='bbox 497 2337 559 2384; x_wconf 91' lang='lat' dir='ltr'>non</span> <span class='ocrx_word' id='word_1_155' title='bbox 578 2321 650 2382; x_wconf 83' lang='lat' dir='ltr'>data</span> <span class='ocrx_word' id='word_1_156' title='bbox 664 2338 750 2383; x_wconf 86' lang='lat' dir='ltr'>sume</span> <span class='ocrx_word' id='word_1_157' title='bbox 764 2330 875 2387; x_wconf 78' lang='grc'><strong>666666.</strong></span> 
     </span>
     <span class='ocr_line' id='line_1_26' title="bbox 73 2405 908 2483; baseline 0.004 -18"><span class='ocrx_word' id='word_1_158' title='bbox 73 2405 282 2481; x_wconf 73' lang='lat' dir='ltr'>oooPugnabit</span> <span class='ocrx_word' id='word_1_159' title='bbox 297 2405 394 2482; x_wconf 90' lang='lat' dir='ltr'>primo</span> <span class='ocrx_word' id='word_1_160' title='bbox 410 2405 567 2478; x_wconf 79' lang='lat' dir='ltr'>fortassis,</span> <span class='ocrx_word' id='word_1_161' title='bbox 588 2414 618 2467; x_wconf 91' lang='lat' dir='ltr'>et</span> <span class='ocrx_word' id='word_1_162' title='bbox 633 2407 797 2483; x_wconf 75' lang='lat' dir='ltr'>‘improbe’</span> <span class='ocrx_word' id='word_1_163' title='bbox 814 2406 908 2469; x_wconf 72' lang='lat' dir='ltr'>dicotz</span> 
     </span>
     <span class='ocr_line' id='line_1_27' title="bbox 176 2489 784 2565; baseline 0 -15"><span class='ocrx_word' id='word_1_164' title='bbox 176 2490 345 2565; x_wconf 77' lang='lat' dir='ltr'>Pugnando</span> <span class='ocrx_word' id='word_1_165' title='bbox 360 2489 441 2551; x_wconf 81' lang='lat' dir='ltr'>vinei</span> <span class='ocrx_word' id='word_1_166' title='bbox 456 2505 492 2551; x_wconf 91' lang='lat' dir='ltr'>ss</span> <span class='ocrx_word' id='word_1_167' title='bbox 510 2495 609 2551; x_wconf 86' lang='lat' dir='ltr'>tamen</span> <span class='ocrx_word' id='word_1_168' title='bbox 624 2490 677 2552; x_wconf 85' lang='lat' dir='ltr'>illa</span> <span class='ocrx_word' id='word_1_169' title='bbox 692 2492 784 2553; x_wconf 88' lang='lat' dir='ltr'>volet.</span> 
     </span>
     <span class='ocr_line' id='line_1_28' title="bbox 132 2573 929 2651; baseline 0.004 -18"><span class='ocrx_word' id='word_1_170' title='bbox 132 2573 263 2636; x_wconf 86' lang='lat' dir='ltr'>Tantum</span> <span class='ocrx_word' id='word_1_171' title='bbox 278 2589 318 2634; x_wconf 91' lang='lat' dir='ltr'>ne</span> <span class='ocrx_word' id='word_1_172' title='bbox 333 2579 465 2634; x_wconf 81' lang='lat' dir='ltr'>noceant</span> <span class='ocrx_word' id='word_1_173' title='bbox 478 2574 591 2634; x_wconf 89' lang='lat' dir='ltr'>teneris</span> <span class='ocrx_word' id='word_1_174' title='bbox 605 2576 686 2635; x_wconf 89' lang='lat' dir='ltr'>male</span> <span class='ocrx_word' id='word_1_175' title='bbox 700 2582 787 2650; x_wconf 89' lang='lat' dir='ltr'>rapta</span> <span class='ocrx_word' id='word_1_176' title='bbox 802 2574 929 2651; x_wconf 84' lang='lat' dir='ltr'>labellis,</span> 
     </span>
     <span class='ocr_line' id='line_1_29' title="bbox 175 2656 810 2733; baseline -0.002 -15"><span class='ocrx_word' id='word_1_177' title='bbox 175 2658 261 2718; x_wconf 85' lang='lat' dir='ltr'>Neve</span> <span class='ocrx_word' id='word_1_178' title='bbox 277 2656 365 2733; x_wconf 89' lang='lat' dir='ltr'>queri</span> <span class='ocrx_word' id='word_1_179' title='bbox 380 2657 479 2733; x_wconf 90' lang='lat' dir='ltr'>possit</span> <span class='ocrx_word' id='word_1_180' title='bbox 494 2658 572 2719; x_wconf 91' lang='lat' dir='ltr'>dura</span> <span class='ocrx_word' id='word_1_181' title='bbox 589 2659 701 2731; x_wconf 87' lang='lat' dir='ltr'>luisse,</span> <span class='ocrx_word' id='word_1_182' title='bbox 725 2673 810 2721; x_wconf 87' lang='lat' dir='ltr'>cave.</span> 
     </span>
     <span class='ocr_line' id='line_1_30' title="bbox 134 2740 888 2818; baseline 0.001 -14"><span class='ocrx_word' id='word_1_183' title='bbox 134 2740 251 2804; x_wconf 84' lang='lat' dir='ltr'>Oscula</span> <span class='ocrx_word' id='word_1_184' title='bbox 265 2741 317 2817; x_wconf 90' lang='lat' dir='ltr'>qui</span> <span class='ocrx_word' id='word_1_185' title='bbox 331 2742 475 2817; x_wconf 87' lang='lat' dir='ltr'>sumpsit,</span> <span class='ocrx_word' id='word_1_186' title='bbox 498 2741 525 2801; x_wconf 90' lang='lat' dir='ltr'>si</span> <span class='ocrx_word' id='word_1_187' title='bbox 540 2758 602 2803; x_wconf 90' lang='lat' dir='ltr'>non</span> <span class='ocrx_word' id='word_1_188' title='bbox 617 2750 648 2803; x_wconf 91' lang='lat' dir='ltr'>et</span> <span class='ocrx_word' id='word_1_189' title='bbox 664 2750 766 2804; x_wconf 88' lang='lat' dir='ltr'>cetera</span> <span class='ocrx_word' id='word_1_190' title='bbox 780 2752 888 2818; x_wconf 88' lang='lat' dir='ltr'>sumet,</span> 
     </span>
     <span class='ocr_line' id='line_1_31' title="bbox 74 2825 1063 2904; baseline -0.002 -14"><span class='ocrx_word' id='word_1_191' title='bbox 74 2834 122 2890; x_wconf 86' lang='lat' dir='ltr'>tto</span> <span class='ocrx_word' id='word_1_192' title='bbox 175 2826 260 2886; x_wconf 88' lang='lat' dir='ltr'>Haec</span> <span class='ocrx_word' id='word_1_193' title='bbox 276 2841 414 2903; x_wconf 83' lang='lat' dir='ltr'>quoque,</span> <span class='ocrx_word' id='word_1_194' title='bbox 437 2841 519 2902; x_wconf 89' lang='lat' dir='ltr'>quae</span> <span class='ocrx_word' id='word_1_195' title='bbox 534 2825 606 2886; x_wconf 88' lang='lat' dir='ltr'>data</span> <span class='ocrx_word' id='word_1_196' title='bbox 626 2835 712 2900; x_wconf 88' lang='lat' dir='ltr'>sunt,</span> <span class='ocrx_word' id='word_1_197' title='bbox 739 2828 868 2902; x_wconf 86' lang='lat' dir='ltr'>perdere</span> <span class='ocrx_word' id='word_1_198' title='bbox 881 2828 992 2904; x_wconf 81' lang='lat' dir='ltr'>dignus</span> <span class='ocrx_word' id='word_1_199' title='bbox 1008 2831 1063 2890; x_wconf 81' lang='lat' dir='ltr'>erit</span> 
     </span>
     <span class='ocr_line' id='line_1_32' title="bbox 131 2906 865 2986; baseline 0.001 -16"><span class='ocrx_word' id='word_1_200' title='bbox 131 2910 284 2986; x_wconf 81' lang='lat' dir='ltr'>Quantum</span> <span class='ocrx_word' id='word_1_201' title='bbox 300 2906 440 2971; x_wconf 87' lang='lat' dir='ltr'>doluerat</span> <span class='ocrx_word' id='word_1_202' title='bbox 456 2911 547 2986; x_wconf 92' lang='lat' dir='ltr'>pleno</span> <span class='ocrx_word' id='word_1_203' title='bbox 563 2918 635 2985; x_wconf 91' lang='lat' dir='ltr'>post</span> <span class='ocrx_word' id='word_1_204' title='bbox 649 2912 758 2973; x_wconf 89' lang='lat' dir='ltr'>oscula</span> <span class='ocrx_word' id='word_1_205' title='bbox 773 2918 865 2973; x_wconf 72' lang='lat' dir='ltr'>votos</span> 
     </span>
     <span class='ocr_line' id='line_1_33' title="bbox 173 2974 849 3069; baseline 0 -14"><span class='ocrx_word' id='word_1_206' title='bbox 173 2993 209 3055; x_wconf 82' lang='lat' dir='ltr'>m</span> <span class='ocrx_word' id='word_1_207' title='bbox 226 2993 313 3069; x_wconf 77' lang='grc'><strong>666,</strong></span> <span class='ocrx_word' id='word_1_208' title='bbox 335 2974 505 3067; x_wconf 56' lang='lat' dir='ltr'>raderes,</span> <span class='ocrx_word' id='word_1_209' title='bbox 527 3010 587 3054; x_wconf 79' lang='lat' dir='ltr'>non</span> <span class='ocrx_word' id='word_1_210' title='bbox 602 2995 706 3069; x_wconf 77' lang='lat' dir='ltr'>pauor</span> <span class='ocrx_word' id='word_1_211' title='bbox 719 2995 769 3057; x_wconf 83' lang='lat' dir='ltr'>rm</span> <span class='ocrx_word' id='word_1_212' title='bbox 786 2996 849 3058; x_wconf 85' lang='grc'>66.</span> 
     </span>
     <span class='ocr_line' id='line_1_34' title="bbox 130 3078 900 3155; baseline -0.001 -18"><span class='ocrx_word' id='word_1_213' title='bbox 130 3078 201 3138; x_wconf 83' lang='lat' dir='ltr'>Vim</span> <span class='ocrx_word' id='word_1_214' title='bbox 215 3078 288 3138; x_wconf 93' lang='lat' dir='ltr'>licet</span> <span class='ocrx_word' id='word_1_215' title='bbox 301 3079 450 3153; x_wconf 87' lang='lat' dir='ltr'>appelles.</span> <span class='ocrx_word' id='word_1_216' title='bbox 473 3084 560 3152; x_wconf 75' lang='lat' dir='ltr'>grata</span> <span class='ocrx_word' id='word_1_217' title='bbox 574 3086 623 3140; x_wconf 90' lang='lat' dir='ltr'>est</span> <span class='ocrx_word' id='word_1_218' title='bbox 637 3081 683 3141; x_wconf 90' lang='lat' dir='ltr'>vis</span> <span class='ocrx_word' id='word_1_219' title='bbox 701 3080 760 3141; x_wconf 87' lang='lat' dir='ltr'>ista</span> <span class='ocrx_word' id='word_1_220' title='bbox 774 3080 900 3155; x_wconf 70' lang='lat' dir='ltr'>poeltisz</span> 
     </span>
     <span class='ocr_line' id='line_1_35' title="bbox 174 3161 892 3238; baseline 0.004 -16"><span class='ocrx_word' id='word_1_221' title='bbox 174 3161 265 3237; x_wconf 80' lang='lat' dir='ltr'>Quod</span> <span class='ocrx_word' id='word_1_222' title='bbox 279 3162 377 3236; x_wconf 90' lang='lat' dir='ltr'>iuvat,</span> <span class='ocrx_word' id='word_1_223' title='bbox 399 3161 512 3224; x_wconf 87' lang='lat' dir='ltr'>invitae</span> <span class='ocrx_word' id='word_1_224' title='bbox 526 3177 623 3238; x_wconf 89' lang='lat' dir='ltr'>saepe</span> <span class='ocrx_word' id='word_1_225' title='bbox 638 3164 764 3226; x_wconf 88' lang='lat' dir='ltr'>dedisse</span> <span class='ocrx_word' id='word_1_226' title='bbox 780 3165 892 3225; x_wconf 89' lang='lat' dir='ltr'>volunt.</span> 
     </span>
     <span class='ocr_line' id='line_1_36' title="bbox 73 3245 920 3325; baseline 0.001 -17"><span class='ocrx_word' id='word_1_227' title='bbox 73 3253 118 3310; x_wconf 81' lang='grc'>676</span> <span class='ocrx_word' id='word_1_228' title='bbox 129 3246 349 3323; x_wconf 75' lang='lat' dir='ltr'>Quaecumque</span> <span class='ocrx_word' id='word_1_229' title='bbox 362 3253 411 3308; x_wconf 88' lang='lat' dir='ltr'>est</span> <span class='ocrx_word' id='word_1_230' title='bbox 426 3245 547 3308; x_wconf 85' lang='lat' dir='ltr'>veneris</span> <span class='ocrx_word' id='word_1_231' title='bbox 562 3246 664 3309; x_wconf 88' lang='lat' dir='ltr'>subito</span> <span class='ocrx_word' id='word_1_232' title='bbox 677 3249 790 3311; x_wconf 84' lang='lat' dir='ltr'>violata</span> <span class='ocrx_word' id='word_1_233' title='bbox 803 3249 920 3325; x_wconf 85' lang='lat' dir='ltr'>rapina,</span> 
     </span>
     <span class='ocr_line' id='line_1_37' title="bbox 171 3329 918 3407; baseline 0.005 -17"><span class='ocrx_word' id='word_1_234' title='bbox 171 3330 307 3405; x_wconf 87' lang='lat' dir='ltr'>Gaudet,</span> <span class='ocrx_word' id='word_1_235' title='bbox 331 3337 362 3391; x_wconf 91' lang='lat' dir='ltr'>et</span> <span class='ocrx_word' id='word_1_236' title='bbox 375 3329 544 3407; x_wconf 88' lang='lat' dir='ltr'>inprobitas</span> <span class='ocrx_word' id='word_1_237' title='bbox 558 3331 693 3394; x_wconf 89' lang='lat' dir='ltr'>moneris</span> <span class='ocrx_word' id='word_1_238' title='bbox 709 3333 805 3394; x_wconf 86' lang='lat' dir='ltr'>instar</span> <span class='ocrx_word' id='word_1_239' title='bbox 817 3331 918 3394; x_wconf 84' lang='lat' dir='ltr'>hahet</span> 
     </span>
     <span class='ocr_line' id='line_1_38' title="bbox 129 3414 905 3492; baseline 0 -16"><span class='ocrx_word' id='word_1_240' title='bbox 129 3422 169 3476; x_wconf 79' lang='lat' dir='ltr'>at</span> <span class='ocrx_word' id='word_1_241' title='bbox 184 3429 267 3490; x_wconf 88' lang='lat' dir='ltr'>quae</span> <span class='ocrx_word' id='word_1_242' title='bbox 282 3429 349 3474; x_wconf 88' lang='lat' dir='ltr'>cnm</span> <span class='ocrx_word' id='word_1_243' title='bbox 366 3421 474 3491; x_wconf 85' lang='lat' dir='ltr'>posset</span> <span class='ocrx_word' id='word_1_244' title='bbox 491 3414 575 3490; x_wconf 75' lang='lat' dir='ltr'>cogi,</span> <span class='ocrx_word' id='word_1_245' title='bbox 597 3432 658 3478; x_wconf 92' lang='lat' dir='ltr'>non</span> <span class='ocrx_word' id='word_1_246' title='bbox 674 3424 753 3478; x_wconf 86' lang='lat' dir='ltr'>tacta</span> <span class='ocrx_word' id='word_1_247' title='bbox 767 3418 905 3492; x_wconf 88' lang='lat' dir='ltr'>recesslt,</span> 
     </span>
     <span class='ocr_line' id='line_1_39' title="bbox 170 3497 784 3576; baseline 0.002 -18"><span class='ocrx_word' id='word_1_248' title='bbox 170 3498 209 3560; x_wconf 90' lang='lat' dir='ltr'>Ut</span> <span class='ocrx_word' id='word_1_249' title='bbox 225 3497 347 3560; x_wconf 88' lang='lat' dir='ltr'>simulet</span> <span class='ocrx_word' id='word_1_250' title='bbox 362 3500 445 3560; x_wconf 80' lang='lat' dir='ltr'>vultu</span> <span class='ocrx_word' id='word_1_251' title='bbox 458 3499 588 3576; x_wconf 80' lang='lat' dir='ltr'>gaudio,</span> <span class='ocrx_word' id='word_1_252' title='bbox 611 3501 705 3563; x_wconf 89' lang='lat' dir='ltr'>tristis</span> <span class='ocrx_word' id='word_1_253' title='bbox 720 3501 784 3562; x_wconf 92' lang='lat' dir='ltr'>erit.</span> 
     </span>
    </p>
   </div>
   <div class='ocr_carea' id='block_1_3' title="bbox 0 0 1251 4042">
    <p class='ocr_par' dir='ltr' id='par_1_3' title="bbox 0 0 1251 4042">
     <span class='ocr_line' id='line_1_40' title="bbox 0 0 1251 4042; baseline 0 0"><span class='ocrx_word' id='word_1_254' title='bbox 0 0 1251 4042; x_wconf 95' lang='lat' dir='ltr'> </span> 
     </span>
    </p>
   </div>
  </div>
 </body>
</html>
