2467 4042
578 246 750 298 TRISTIUM

219 411 310 474 alam
333 428 425 491 prope
448 405 499 472 lux
523 410 624 471 aderat
636 458 645 493 ,
669 427 727 490 qua
750 428 797 471 me
820 410 973 473 discedere
997 412 1106 476 Caesar

249 499 373 561 Finibus
396 507 545 560 extremae
568 500 697 560 iusserat
719 499 874 560 Ausoniae.

248 588 310 648 Nec
333 589 461 669 spatium
483 588 582 648 iuerat
594 635 603 668 ,
626 604 682 647 neo
704 604 790 648 mens
813 590 884 649 satis
907 596 974 669 apta
996 589 1138 669 parandi:

249 676 438 755 Torpuerant
459 674 546 755 longa
569 682 691 755 pectora
713 682 815 736 nostra
838 691 938 737 mora.
1118 745 1122 754 ¹

248 763 314 825 Non
337 764 411 825 mihi
433 780 587 825 servorum
599 809 608 843 ,
632 765 756 824 comites
779 781 838 824 non
861 781 933 826 cura
956 764 1089 847 legendi,

202 865 235 915 10
248 852 314 913 Non
338 859 422 932 aptae
445 851 571 931 profugo
594 853 686 912 restis
710 853 810 931 opisve
834 852 897 913 init.

250 939 316 1001 Non
339 939 425 1000 aiiter
447 942 571 1019 stupui,
594 956 683 1019 quam
707 942 758 1017 qui
780 939 856 1000 ioris
879 940 998 1019 ignibus
1020 943 1099 1002 ictus

249 1027 327 1089 Vivit
349 1035 379 1089 et
402 1035 448 1088 est
470 1030 546 1089 vitae
569 1030 688 1088 nescius
712 1029 776 1107 ipse
799 1045 887 1089 suae.

194 1154 196 1159 -
249 1116 287 1177 Ut
310 1123 408 1176 mmen
431 1115 508 1178 bane
531 1117 621 1176 animi
643 1114 754 1176 nubem
776 1114 861 1176 dolor
883 1118 947 1195 ipse
970 1120 1115 1200 removit,

249 1204 287 1264 Et
310 1203 428 1265 modom
452 1221 558 1265 sensus
581 1203 757 1266 convaluere
779 1207 856 1284 mei,

203 1304 235 1354 15
250 1292 399 1372 Adloquor
422 1298 588 1352 extremum
611 1299 740 1352 maestos
763 1291 898 1354 abiturus
921 1295 1047 1374 amicos,

250 1380 308 1451 Oui
330 1379 424 1440 modo·
441 1380 478 1441 de
500 1380 602 1441 multis
624 1397 704 1441 unus
727 1388 756 1440 et
779 1379 853 1441 aiter
876 1389 977 1441 erant.

248 1468 329 1529 Uxor
352 1486 453 1529 amans
474 1468 595 1529 flentem
617 1468 692 1528 flens
716 1470 814 1529 acrius
837 1471 900 1548 ipsa
923 1469 1059 1550 tenebat,

220 1625 221 1628 Ἴ
248 1556 347 1618 Imbro
370 1575 424 1636 per
446 1556 582 1635 indignas
604 1574 700 1634 usque
723 1556 847 1618 cadente
870 1574 978 1636 genas.

249 1644 324 1706 Nata
345 1643 451 1724 procul
472 1643 590 1723 Libycis
613 1643 715 1705 aberat
738 1644 853 1705 diversa
877 1644 932 1706 sub
956 1648 1034 1726 oris,

202 1746 235 1794 20
249 1733 311 1794 Nec
333 1739 451 1813 poterat
473 1733 525 1793 iati
548 1734 658 1793 certior
682 1750 747 1793 esse
770 1736 846 1793 mei.

250 1822 445 1900 Quocumque
473 1822 644 1900 aspiceres,
667 1820 766 1882 luctus
793 1824 980 1900 gemitusque
1008 1819 1174 1905 sonabant,

250 1909 416 1988 Formaque
439 1927 500 1969 non
522 1911 604 1970 taciti
627 1907 742 1969 funeris
764 1911 845 1970 intus
868 1918 949 1971 erat.

250 1997 370 2058 Femina
393 1999 497 2075 virque
520 2014 609 2077 meo,
632 1999 719 2076 pueri
742 2015 860 2076 quoquo
890 1997 995 2058 funere
1017 2011 1175 2081 maerent,

250 2084 344 2165 Inque
367 2084 454 2146 domo
477 2084 613 2146 lacrimas
637 2084 761 2164 angulus
784 2086 880 2145 omnis
903 2084 1009 2148 habet:

202 2186 236 2235 aa
251 2173 284 2234 Si
307 2172 377 2235 iicet
400 2172 542 2253 exemplis
564 2175 596 2233 in
619 2176 718 2253 parvis
740 2172 902 2252 grandibus
924 2176 986 2254 uti,

251 2261 331 2322 Haec
353 2261 444 2321 iacies
466 2261 595 2342 Troiae,
618 2279 686 2321 cum
709 2270 888 2343 caperetur,
911 2268 991 2323 erat.

250 2349 370 2429 iamque
394 2348 585 2429 quiescebant
603 2367 692 2410 voces
714 2349 926 2428 hominumque
949 2365 1135 2433 canumque,

250 2437 392 2517 Lunaque
415 2446 578 2499 nocturnos
601 2436 658 2499 alta
681 2437 802 2517 regebat
824 2455 934 2517 equos.

251 2526 333 2587 Hane
357 2543 411 2605 ego
434 2528 600 2605 suspiciens
624 2533 654 2586 et
677 2524 713 2586 ab
737 2525 792 2586 hac
815 2524 957 2605 Capitolia
980 2543 1126 2609 cernens,

203 2628 237 2676 30
252 2614 334 2685 Quae
357 2622 460 2675 nostro
483 2615 594 2676 frustra
616 2616 717 2675 iuncta
739 2614 824 2675 fuere
847 2613 915 2694 lari,

251 2698 389 2763 ‘Numina
412 2704 517 2763 ricinis
539 2701 701 2763 habitantia
724 2697 875 2783 sedibus',
897 2704 1018 2780 inquam

252 2786 383 2869 ‘Iamque
407 2789 501 2851 oculis
523 2807 685 2869 numquam
707 2789 817 2870 templa
839 2789 964 2851 videnda
987 2792 1079 2871 meis,

251 2877 346 2958 Dique
370 2877 579 2958 relinquendi,
603 2896 679 2957 quos
701 2877 774 2939 urbs
798 2877 887 2939 habet
910 2877 966 2939 alta
990 2879 1127 2960 Quirini,

251 2966 322 3027 Este
347 2965 464 3027 salutati
486 2975 604 3046 tempus
627 2969 658 3026 in
682 2983 768 3027 omne
792 2964 882 3027 mihii

203 3067 237 3117 35
251 3054 290 3116 Et
312 3072 489 3134 quamquam
513 3072 580 3115 sero
604 3054 732 3134 clipeum
754 3063 823 3134 post
844 3054 966 3115 vulnera
989 3072 1090 3135 sumo,

251 3145 388 3204 Attamen
411 3141 487 3203 hanc
510 3142 585 3203 odiis
608 3149 767 3204 exonerate
790 3143 907 3222 sugam,

252 3231 436 3309 Caelestique
460 3233 546 3311 viro,
570 3234 638 3310 quis
661 3248 708 3291 me
731 3230 883 3310 deceperit
905 3247 1009 3309 error,

252 3319 369 3399 Dicite,
391 3336 445 3398 pro
469 3317 555 3399 culpa
578 3337 616 3378 ne
640 3317 737 3378 scelus
760 3336 826 3379 esse
850 3316 951 3397 puteti

251 3407 290 3468 Ut
313 3406 392 3485 qnod
414 3423 466 3467 vos
489 3408 594 3486 scitis,
617 3422 730 3485 poenae
754 3423 873 3486 quoque
898 3407 1008 3466 sentiat
1030 3413 1160 3489 auctor,

202 3507 238 3556 40
252 3494 369 3555 Placato
392 3511 514 3572 possum
538 3511 597 3554 non
621 3495 712 3553 miser
735 3511 801 3555 esse
825 3490 909 3554 deo?

252 3581 313 3642 idac
336 3598 426 3662 prece
449 3580 568 3642 adorari
590 3598 717 3660 superos
740 3600 817 3661 ego,
839 3580 976 3661 pluribus
999 3599 1092 3660 uxor,
