2467 4042
412 246 468 317 111,
485 246 521 316 6,
538 242 556 305 l
576 278 612 289 -·
630 244 680 309 75.

150 405 225 467 Una
237 409 340 462 tamen
355 399 431 459 tanti
445 396 589 458 Deianira
602 396 668 459 fuit.

99 490 163 549 Ille
180 485 284 548 fluens
300 484 391 544 dives
404 488 534 559 septena
552 497 610 557 per
625 481 705 543 ostia
720 481 821 556 Nilus,

44 584 90 637 eo
153 572 214 646 Qui
228 568 358 647 patriam
374 573 478 628 tantae
492 573 553 627 tam
567 565 648 625 bene
664 567 742 627 celat
756 582 872 642 aquae,

98 657 220 718 Fertur
233 656 264 714 in
276 652 408 713 Euadne
421 651 580 713 collectam
594 649 737 727 Asopide
754 649 909 712 flammam

151 741 288 800 Vincere
303 735 477 812 grugitibus
493 750 556 795 non
570 735 715 810 potuisse
727 735 804 798 suis.

102 824 222 886 Siccus
236 830 269 884 ut
286 820 431 896 amplecti
447 818 628 881 Salmonida
643 827 752 896 posset
764 820 916 895 Enipeus,

152 908 273 969 Cedere
287 905 381 966 iussit
398 920 522 980 aquam.
553 902 641 964 iussa
656 902 787 964 recessit
802 919 893 981 aqua.

51 1003 94 1058 ⁴5
106 993 179 1054 ltee
196 998 227 1052 te
243 997 421 1068 praetereo,
446 988 497 1064 qui
512 1003 569 1064 per
584 1003 663 1048 cava
678 1003 755 1048 saxa
769 991 912 1050 volutans

150 1075 273 1136 'liburie
286 1074 382 1149 Argei
397 1072 548 1149 pomifera
562 1088 637 1133 arva
651 1070 751 1148 rigasa

103 1161 166 1221 Ilia
185 1161 235 1220 eui
249 1159 381 1235 placuit,
404 1156 546 1233 quamvis
562 1163 629 1216 erat
642 1155 768 1217 horrida
781 1157 878 1230 cultu,

151 1246 264 1320 Ungue
281 1248 524 1313 contaminas,
548 1255 650 1315 ungue
666 1247 771 1302 nutele
784 1256 891 1317 genas.

104 1330 166 1390 llla
182 1343 310 1404 gemens
326 1326 491 1403 patruique
505 1326 593 1386 nefas
608 1325 784 1402 delictaque
800 1325 907 1385 Martis

54 1426 97 1477 so
154 1411 287 1473 Errabat
299 1410 385 1471 nudo
400 1425 459 1486 per
471 1410 541 1469 loca
556 1409 625 1470 solu
642 1409 734 1485 pede.

107 1498 200 1558 Hanc
211 1495 311 1557 Anien
326 1494 445 1570 rapidis
462 1494 620 1553 animosus
637 1492 715 1553 vidit
727 1492 766 1553 ab
783 1492 891 1566 undis,

151 1583 324 1655 Raucaque
338 1579 378 1638 de
392 1575 504 1639 mediis
524 1577 646 1638 sustulit
661 1592 717 1638 ora
733 1576 838 1652 vadis,

108 1667 215 1740 Atque
228 1665 272 1724 itu
286 1662 378 1738 ‘quid
388 1666 524 1724 nostrus’
540 1662 617 1722 dixit
633 1661 721 1723 ‘teris
736 1661 827 1721 anxia
839 1660 938 1736 ripas,

151 1749 224 1823 llia,
247 1748 287 1809 ab
301 1746 397 1808 idaeo
412 1746 623 1808 Laomedonte
636 1740 758 1822 genus't

59 1845 99 1898 55
112 1833 183 1909 Quo
198 1834 298 1894 cultus
314 1832 419 1892 abiere
432 1831 498 1891 tuit
519 1831 593 1907 quid
608 1832 678 1892 sola
692 1831 831 1906 vagaris,

152 1919 239 1978 Vitta
254 1931 313 1976 nee
327 1915 467 1976 evinctas
482 1915 610 1991 impedit
624 1913 695 1976 alba
709 1920 837 1976 comast

109 2002 193 2077 Quid
206 2000 267 2061 fles
282 2006 314 2061 et
327 2000 470 2060 madidos
483 2000 617 2061 lacrimis
637 1999 809 2076 corrumpis
827 2000 957 2066 ocellos,

151 2086 347 2160 Pectoraque
361 2084 471 2144 insana
486 2084 606 2159 plangis
624 2089 732 2159 aperta
745 2091 860 2145 mauut
931 2133 936 2139 .

108 2171 166 2232 Ille
180 2169 274 2231 hebet
289 2173 320 2229 et
333 2168 438 2229 silices
454 2173 484 2228 et
497 2167 603 2228 vivum
620 2167 651 2228 in
666 2164 793 2243 pectore
810 2169 935 2240 terrum,

63 2265 103 2320 ω
158 2254 216 2329 Qui
231 2261 339 2315 tenero
358 2253 500 2313 lacrimas
514 2253 614 2313 lentus
632 2252 662 2311 in
681 2267 735 2313 ore
754 2252 846 2313 videt.

108 2339 183 2411 Ilia,
206 2353 291 2414 pone
304 2343 416 2399 metus.
448 2335 503 2397 tibi
517 2337 603 2412 regia
619 2342 726 2399 nostru
741 2336 872 2412 patebit,

152 2421 260 2498 Teque
276 2424 379 2483 colent
394 2436 510 2481 amnes.
538 2420 608 2496 ilia,
632 2436 715 2497 pone
730 2428 839 2482 metus.
882 2489 885 2494 ,

109 2506 157 2568 'lle
170 2514 292 2568 centum
306 2512 360 2567 aut
374 2506 480 2582 plures
498 2505 577 2565 inter
590 2505 790 2567 dominabere
805 2504 974 2585 nymphaea

154 2591 232 2651 Nam
247 2598 368 2651 centum
385 2596 438 2651 eut
454 2590 560 2666 plures
576 2588 706 2650 limuina
723 2596 830 2651 nostru
845 2595 958 2650 tenent.

64 2675 159 2742 tolle
175 2690 225 2735 me
239 2689 368 2751 speme‚
391 2689 515 2750 precor,
537 2680 668 2749 tantum,
688 2673 819 2736 iioiana
834 2688 990 2751 propago·

154 2759 283 2819 Munem
298 2758 460 2834 promissis
478 2757 623 2819 uberiora
636 2757 741 2818 feres?

109 2844 248 2908 Dixerat.
278 2844 333 2903 llla
349 2845 458 2904 oculos
473 2842 505 2902 in
518 2842 644 2903 humum
660 2841 779 2902 delecta
794 2841 953 2903 modestos

155 2926 330 3004 Spargebat
343 2933 467 2988 teneros
482 2925 595 2987 flebilis
610 2925 709 2987 imbre
722 2925 820 2987 sinus.

109 3013 172 3074 Ter
184 3011 290 3072 molita
304 3013 409 3086 fugam
423 3018 469 3072 ter
483 3011 522 3071 ad
538 3012 616 3072 altas
632 3009 742 3072 restitit
754 3009 872 3082 undas,

68 3102 104 3158 to
159 3096 307 3157 crutendi
321 3096 406 3155 vires
420 3095 568 3170 eripiente
582 3102 675 3155 metu.

110 3179 192 3243 Seru
208 3178 475 3241 amensamens
491 3178 614 3239 inimico
631 3178 744 3254 pollice
759 3179 887 3252 cunam,

154 3264 258 3326 Fldldit
270 3264 418 3340 indignos
433 3279 488 3323 ore
502 3269 761 3324 trementesonos

110 3348 151 3411 ‘0
169 3351 283 3411 utinum
298 3363 370 3409 mea
385 3348 466 3408 lectu
481 3348 589 3409 iorem·
594 3348 759 3424 patrioque
777 3345 943 3423 sepulchro

153 3434 298 3509 Condita,
322 3446 393 3493 oum
409 3438 550 3508 poterunt
564 3431 693 3508 virginis
708 3448 783 3494 osea
796 3431 872 3507 legi!

68 3523 101 3581 lo
112 3518 189 3589 cur,
211 3518 307 3579 modo
323 3515 475 3588 Vestalis,
496 3515 606 3577 taedas
621 3515 734 3577 invitor
753 3517 794 3578 ad
807 3517 889 3576 ullus
