2467 4042
487 285 547 347 145
561 284 683 346 420.

151 439 244 499 Parte
258 444 372 498 sonent
384 437 447 497 etin
460 436 557 496 silvae
571 436 734 512 mugitibus
749 436 838 510 elme,

195 521 236 582 Et
249 520 387 597 queritur
401 520 528 581 vitulum
542 526 640 579 meter
653 519 765 579 abesse
779 536 879 581 suum.

88 615 141 670 185
154 605 250 681 Quid,
273 620 344 665 cum
359 603 549 680 compositos
565 603 684 678 fugiunt
696 603 839 663 examino
851 603 963 679 fumos,

195 690 237 749 Ut
249 689 389 749 relevent
401 687 517 763 dempti
530 687 645 746 vimina
660 702 756 748 curvo
767 687 851 748 iavit

152 772 249 833 Poma
264 772 318 832 dut
331 778 506 831 autumnus.
528 773 687 831 formonsa
700 777 749 831 est
761 771 915 832 messibus
929 778 1048 833 ecstasi

195 857 261 916 Ver
273 854 403 930 praebet
415 853 520 914 flores.
542 855 613 929 igne
629 856 748 914 levetur
761 854 891 932 hiemps.

151 936 357 1014 Temporibus
372 939 463 998 certis
478 948 626 998 maturum
640 938 774 999 rusticus
790 955 881 999 uvum

86 1032 142 1087 190
195 1021 321 1097 Deligit,
345 1028 376 1081 et
389 1022 472 1082 nudo
488 1020 547 1082 sub
562 1022 643 1097 pede
658 1029 757 1082 musta
770 1020 878 1083 fluunt.

151 1104 356 1182 Temporibus
372 1104 463 1166 certis
479 1105 622 1167 desectus
637 1103 741 1180 alligat
752 1105 875 1179 herbas,

194 1191 234 1249 Et
246 1197 369 1250 tonsam
384 1205 455 1249 raro
471 1189 592 1265 pectine
608 1189 701 1248 verrit
713 1189 848 1249 humum

152 1275 227 1350 lpse
239 1279 330 1349 potes
345 1272 442 1368 riguis
458 1274 592 1349 piantem
606 1272 808 1349 deponerem
821 1273 927 1347 hortis,

195 1358 268 1432 lpse
285 1364 374 1431 potes
390 1356 475 1418 rivos
492 1357 604 1417 ducere
618 1356 697 1416 lenis
711 1372 822 1431 equae.

87 1450 140 1505 195
150 1440 279 1502 Venerit
292 1439 411 1514 insitio,
434 1440 482 1501 ico
495 1456 614 1500 ramum
627 1456 731 1500 ramus
746 1439 881 1516 adoptet,

196 1523 324 1599 Stetque
340 1523 511 1599 peregrinis
525 1524 619 1584 arbor
633 1531 740 1621 operte
756 1525 864 1585 comis

152 1608 227 1668 Cum
240 1608 339 1669 semel
352 1607 431 1668 haec
444 1608 576 1667 animum
592 1606 695 1682 coepit
709 1610 842 1667 mulcere
857 1610 1008 1686 voluptas,

193 1690 353 1753 Debilibus
371 1691 471 1766 pinnis
486 1690 594 1751 inritus
608 1689 672 1750 exit
684 1693 790 1751 Amor.

150 1777 211 1836 Vel
223 1783 258 1836 tu
272 1774 407 1835 venandi
420 1774 555 1835 studium
569 1774 647 1834 cole.
669 1790 765 1850 saepe
782 1775 913 1837 recessit

86 1871 139 1922 που
191 1860 333 1935 Turpiter
345 1875 366 1918 n
378 1857 494 1918 Phoebi
509 1857 591 1918 victe
604 1874 712 1920 sorore
725 1859 843 1920 Venus.

149 1944 238 2004 Nunc
251 1944 390 2018 leporem
405 1957 535 2018 pronum
550 1942 651 2003 catulo
667 1950 787 2003 sectere
801 1944 915 2019 sagaci,

193 2028 280 2087 Nunc
295 2036 349 2087 tue
363 2026 521 2088 frondosis
533 2025 611 2086 retia
625 2026 717 2086 tende
731 2027 820 2103 iugis,

149 2113 213 2173 Aut
227 2111 361 2187 pavidos
378 2116 459 2171 terre
472 2111 559 2170 varie
574 2110 737 2170 formidine
751 2126 871 2186 cervos,

192 2196 256 2255 Aut
269 2195 363 2255 cedet
376 2195 509 2255 adversa
523 2194 655 2270 cuspide
669 2194 775 2256 fossus
789 2211 873 2270 eper.

85 2290 135 2343 tuo
146 2280 244 2341 Nocte
260 2279 417 2355 fatigatum
432 2294 574 2350 somnus,
597 2293 659 2338 non
673 2293 747 2339 curn
763 2280 891 2354 puellae,

191 2362 317 2440 Excipit
329 2371 361 2424 et
376 2361 480 2438 pingui
495 2361 631 2422 membre
646 2362 748 2437 quiete
762 2363 853 2423 levat.

147 2447 265 2508 Lenius
279 2456 328 2508 est
341 2447 489 2518 studium,
513 2447 648 2508 studium
660 2454 778 2521 temen,
800 2449 870 2508 alite
884 2458 975 2525 cepte

192 2534 255 2591 Aut
268 2531 330 2592 lino
346 2538 399 2591 eut
411 2529 537 2591 calamis
553 2530 689 2606 preemiu
703 2546 801 2605 parve
814 2532 911 2606 sequi,

146 2616 224 2686 Vel,
248 2631 329 2690 quoe
344 2614 439 2691 piscis
453 2614 535 2674 edax
547 2614 640 2675 avido
656 2616 734 2674 male
748 2615 877 2675 devoret
891 2632 953 2691 ore,

83 2710 137 2764 ²10
191 2698 317 2758 Abdere
331 2698 485 2773 supremis
500 2713 573 2758 aere
589 2713 721 2759 recurvo
736 2699 824 2759 cibis.

146 2784 211 2844 Aut
224 2782 273 2843 his
289 2791 342 2843 out
355 2782 439 2856 eliis,
462 2782 564 2843 donec
578 2779 715 2843 dediscis
731 2799 842 2857 ornare,

190 2867 265 2943 Ipse
278 2866 332 2926 tibi
350 2867 450 2927 iurum
464 2866 667 2941 decipiendus
683 2867 755 2926 eris.
875 2945 877 2948 v

146 2950 193 3010 Tu
207 2958 323 3011 tantum
339 2950 479 3026 quemvis
496 2950 591 3011 firmis
609 2950 780 3011 retinebere
794 2951 913 3026 vinctis,

190 3036 205 3094 l
221 3037 345 3111 procul,
367 3041 398 3094 et
413 3035 522 3110 longus
538 3050 666 3110 carpere
680 3050 776 3111 perge
790 3035 867 3095 vies.

83 3128 135 3182 215
146 3117 266 3191 Flebis,
289 3127 321 3179 et
335 3126 476 3179 occurret
489 3119 632 3179 desertae
648 3135 760 3178 nomen
774 3119 899 3192 amicae,

192 3202 291 3264 Stabit
308 3202 383 3263 etin
397 3202 498 3263 medie
512 3218 568 3278 pes
582 3202 637 3262 tibi
651 3219 748 3278 saepe
762 3203 822 3262 vie.

149 3285 213 3346 Sed
229 3294 344 3363 quanto
358 3286 460 3347 minus
475 3286 520 3346 ire
534 3287 639 3361 voles,
660 3288 759 3362 magis
774 3287 819 3346 ire
834 3295 1000 3348 memento

188 3370 309 3443 Perfer,
330 3377 362 3431 et
374 3370 486 3432 invitos
502 3385 624 3430 currere
638 3385 716 3444 coge
731 3371 838 3446 pedes.

147 3454 211 3514 Nee
225 3453 347 3530 pluvius
362 3462 450 3530 opta,
473 3461 574 3514 necte
591 3454 751 3528 peregrine
766 3463 922 3517 morentur

82 3549 135 3602 no
187 3538 338 3613 Sabbata,
359 3554 419 3598 nec
433 3520 552 3599 de‘mnis
566 3538 637 3598 Atia
652 3545 725 3597 notu
739 3537 815 3599 suis.
