2467 4042
397 183 467 252 vil,
488 190 644 240 1ec-aot.
757 204 845 240 usum
964 186 1026 251 133

123 353 201 415 llulta
213 370 326 432 quoque
340 351 517 433 Amphrys13
535 367 633 430 neque
648 368 715 412 eras
729 352 878 434 inmunis,
892 351 1026 433 Enipeus

58 442 176 506 reollec
196 459 250 503 non
271 440 390 502 Peneus
402 489 412 522 ,
435 458 491 501 nec
514 457 574 500 non
598 439 795 519 Spercheides
819 440 915 501 undae

123 529 300 591 Contribuere
322 529 461 611 aliquid,
483 530 665 607 iuncosaque
687 528 774 590 litora
796 527 927 591 Boebes.

123 618 224 698 Carpsit
245 626 275 679 et
294 616 428 679 Euboica
450 618 534 678 vivax
556 616 731 678 Anthedone
754 635 894 698 mamea,

123 706 243 767 Nondum
265 714 377 768 mutato
401 705 551 785 vulgatum
573 723 701 785 corpore
724 705 843 766 Glauci.

123 795 155 856 Et
173 798 225 856 iam
241 813 316 857 nona
338 794 404 856 dies
428 812 520 855 curru
542 796 709 874 pennisque
731 793 894 855 draconum

60 896 109 947 tes
123 883 248 962 llonaque
270 901 329 945 nox
352 901 456 944 omnes
479 882 657 944 lustrantem
680 882 795 943 rideret
816 900 921 964 agros,

123 972 185 1032 dum
197 971 302 1032 rediit.
331 989 431 1050 neque
449 980 535 1032 erant
549 973 643 1052 tacti,
661 971 720 1032 nisi
733 971 847 1054 odore,
866 972 1027 1054 dracones,

122 1059 153 1120 dt
171 1068 263 1120 tamen
287 1077 417 1121 annosae
440 1059 547 1140 pellem
570 1077 699 1139 posuere
722 1068 876 1123 senectae.

122 1147 245 1209 Constitit
266 1149 426 1210 adveniens
449 1149 523 1209 citra
546 1148 696 1226 limenque
719 1148 877 1230 foresque,

121 1235 152 1296 lit
169 1244 279 1299 tantum
302 1236 383 1298 caelo
406 1239 539 1315 tegitur:
562 1236 732 1315 refugitque
756 1236 856 1297 viriles

63 1337 108 1385 aco
122 1323 287 1386 Contactus.
315 1328 478 1404 statuitque
502 1342 567 1386 aras
591 1342 607 1385 e
631 1326 760 1404 caespite
783 1323 885 1407 binas,

120 1412 277 1475 Dexteriore
300 1412 453 1494 Hecates,
475 1423 521 1474 ast
543 1412 624 1474 laeva
646 1421 731 1493 parte
754 1412 916 1476 luventae.

119 1500 167 1561 llas
187 1501 236 1563 ubi
259 1500 398 1562 verbenis
421 1500 553 1579 silvaque
575 1502 702 1562 incinxit
723 1502 851 1582 agresti,

120 1588 190 1650 llaud
210 1589 317 1669 procul
339 1597 440 1669 egesta
462 1587 618 1651 scrobibus
642 1588 748 1651 tellure
770 1589 886 1651 duabus

120 1676 196 1738 Sacra
217 1679 288 1740 lacit
300 1726 310 1760 ‚
334 1678 505 1759 cultrosque
529 1680 560 1738 in
583 1686 705 1758 guttura
727 1677 846 1739 velleris
865 1682 922 1740 atri

73 1775 109 1824 att
122 1764 242 1848 Conicit,
265 1774 297 1828 et
319 1765 435 1847 patulas
456 1766 611 1846 perfundit
634 1769 776 1846 sanguine
800 1768 911 1828 fossas.

120 1853 184 1915 Tum
205 1873 295 1935 super
318 1857 477 1934 invergens
500 1854 604 1934 liquidi
628 1855 778 1916 carchesia
800 1854 905 1918 bacchi

35 1986 36 2019 3
120 1943 261 2022 laneaque
284 1946 443 2022 invergens
466 1941 558 2022 tepidi
582 1942 732 2004 carchesia
755 1943 839 2004 lactis

36 2038 37 2105 i
122 2028 202 2091 Verba
224 2031 313 2092 simul
336 2029 413 2092 ludit
425 2079 434 2112 ‚
457 2039 637 2110 terrenaque
660 2034 782 2093 numina
805 2033 892 2114 civit,

37 2116 38 2125 ’
122 2117 345 2199 Umbrarnmque
366 2127 452 2199 rogat
474 2128 558 2200 rapta
581 2137 651 2181 cum
673 2121 798 2199 coniuge
821 2138 940 2202 regem,

37 2154 39 2265 l
77 2205 156 2266 sous
175 2215 335 2288 properent
357 2216 440 2269 artus
463 2211 560 2269 anima
583 2208 721 2269 fraudare
744 2208 848 2269 senili.

121 2293 190 2364 Quos
210 2296 262 2357 ubi
284 2296 411 2376 placavit
431 2295 632 2376 precibusque
655 2305 686 2358 et
707 2314 861 2358 murmure
884 2297 990 2378 longo,

122 2384 229 2445 lesouis
252 2385 376 2446 elietum
398 2386 528 2466 proferri
551 2403 661 2467 corpus
684 2384 720 2446 ad
743 2402 831 2446 auras

123 2469 220 2553 lussit,
242 2481 273 2534 et
295 2475 326 2533 in
349 2471 455 2552 plenos
478 2473 645 2535 resolutum
667 2475 798 2534 carmine
822 2492 941 2535 somnos

125 2557 242 2622 irasmi
266 2560 393 2622 similem
416 2563 518 2622 stratis
540 2563 675 2642 porrexit
696 2564 728 2622 in
751 2561 870 2624 herbis.

82 2645 187 2710 niune
207 2647 312 2728 procul
334 2648 526 2731 Aesoniden,
547 2648 654 2730 procul
676 2649 746 2712 hinc
769 2650 853 2712 iubet
874 2652 919 2711 ire

861 2740 1030 2818 ministros,

124 2822 153 2884 u
171 2836 269 2888 monet
291 2829 407 2888 arcanis
429 2827 532 2888 oculos
556 2845 709 2890 removere
732 2830 888 2909 profanos.

125 2910 271 2993 billugiunt
293 2917 389 2977 iussi.
417 2917 512 2996 passis
534 2915 638 2977 bledea
661 2916 774 2997 capillis

125 2996 307 3065 bacchantum
329 3006 390 3065 ritu
413 3004 572 3084 flagrantes
595 3007 704 3066 circuit
725 3023 810 3087 aras,

124 3085 324 3171 llrdtiiidasque
348 3092 427 3153 laces
450 3096 481 3153 in
504 3093 583 3154 lossa
606 3095 758 3173 sanguinis
780 3102 844 3156 atra

88 3173 228 3258 totlinguit
240 3227 251 3262 ‚
273 3188 304 3242 et
325 3181 451 3242 iniectas
474 3183 599 3261 geminis
623 3182 759 3243 accendit
780 3184 812 3242 in
835 3183 912 3243 arist

126 3261 225 3347 Terque
239 3285 344 3329 senem
357 3268 473 3330 llamma
486 3318 495 3351 ‚
519 3279 565 3331 ter
587 3288 664 3349 aqua
676 3318 687 3353 ,
709 3280 756 3333 ter
770 3269 893 3350 sulpure
907 3267 1031 3331 lustrat.

128 3349 223 3417 litorea
246 3356 376 3418 validum
399 3360 496 3437 posito
520 3358 704 3419 medicamen
727 3363 801 3419 aeno

128 3436 216 3505 Fervet
237 3455 269 3506 et
291 3444 403 3506 exultat
424 3449 598 3526 spumisque
622 3444 808 3508 tumentibus
830 3444 925 3508 albet.

129 3524 175 3592 llic
194 3531 354 3595 Haemonia
375 3533 491 3596 radices
514 3534 588 3596 valle
611 3545 743 3596 resectas
