2467 4042
827 206 932 261 VH
960 247 975 276 ,
1014 211 1296 262 634—705
1315 247 1329 261 .
1516 225 1783 264 carmus
1977 212 2097 272 14⁴5

114 382 208 433 ⁶70
235 371 483 434 Phocus
528 374 590 434 in
635 374 891 435 interius
937 373 1197 453 spatium
1241 372 1643 454 pulchrosque
1689 393 1965 440 recessus

240 459 605 542 Cecropidas
653 460 861 544 ducit,
909 479 1047 522 cum
1093 464 1228 541 quis
1274 463 1451 524 simul
1495 466 1624 544 ipse
1669 464 1927 527 resedit.

234 550 473 630 Aspicit
515 549 802 611 Aeoliden
848 551 1050 630 ignota
1096 567 1168 610 ex
1216 549 1430 612 arbore
1477 552 1697 614 factum

232 637 427 699 Ferre
478 655 661 700 manu
706 637 967 701 iaculum
992 686 1012 721 ‚
1059 640 1231 701 cuius
1278 641 1394 701 fuit
1437 657 1618 702 aurea
1663 643 1867 722 cuspis
1885 688 1900 703 .

232 724 439 788 Pauca
484 730 656 808 prius
702 726 917 788 mediis
964 727 1342 789 sermonibus
1388 728 1487 790 ille
1531 728 1767 792 locutus

111 824 204 873 676
234 810 414 876 ‘Sum
462 832 780 877 nemorum
826 811 1156 877 studiosus’
1204 818 1289 877 ait
1334 811 1672 897 ‘caedisque
1720 819 1977 900 ferinae3

233 901 366 973 Qua
416 912 620 966 tamen
667 921 700 964 e
746 903 891 966 silva
935 910 1142 966 teneas
1187 904 1400 966 hastile
1447 909 1706 968 recisum
1723 953 1742 989 ‚

230 989 576 1055 Iandudum
621 991 873 1054 dubito:
920 1001 1084 1055 certe
1128 995 1182 1054 si
1226 994 1494 1055 fraxinus
1539 1004 1734 1077 esset,

234 1079 426 1142 Fulva
473 1080 677 1142 colore
723 1080 925 1163 foret3
970 1083 1022 1142 si
1068 1099 1335 1164 cornus,
1380 1082 1573 1144 nodus
1615 1085 1874 1148 inesset.

236 1167 414 1231 Unde
462 1171 590 1252 sit,
636 1171 888 1248 ignoro.
944 1168 1050 1230 sed
1096 1187 1217 1231 non
1265 1170 1585 1233 formosius
1629 1174 1746 1233 isto

109 1265 204 1316 680
232 1255 537 1320 Viderunt
581 1258 741 1319 oculi
785 1242 971 1319 telum
1016 1257 1327 1320 iaculabile
1374 1255 1626 1322 nostri?

228 1345 477 1427 Excipit
524 1347 758 1408 Actaeis
806 1364 839 1407 e
883 1345 1169 1409 fratribus
1217 1347 1412 1430 alter,
1457 1356 1519 1411 et
1565 1344 1765 1411 ‘usum

228 1433 527 1497 Maiorem
572 1436 771 1515 specie
817 1430 1137 1497 mirabere'
1183 1431 1399 1497 dixit‘
1401 1438 1464 1498 in
1509 1438 1626 1499 isto
1646 1482 1661 1499 .

232 1520 649 1605 Consequitur
694 1523 1113 1604 quodcumque
1156 1526 1354 1607 petit,
1398 1525 1758 1606 fortunaque
1804 1526 2049 1587 missurn

233 1610 371 1674 Non
418 1614 624 1694 regit,
668 1618 731 1673 et
774 1611 1001 1673 revolat
1045 1611 1210 1674 nullo
1257 1613 1556 1676 referente
1605 1622 1921 1676 cruentum
1941 1612 1977 1674 .’

114 1707 207 1757 ⁶85
236 1699 396 1762 Tum
442 1718 587 1762 vero
633 1702 865 1763 iuvenis
909 1699 1164 1762 Nereius
1211 1704 1408 1764 omnia
1455 1704 1722 1786 quaerit,

237 1787 362 1851 Cur
407 1791 489 1851 sit
513 1836 533 1871 ,
582 1797 641 1851 et
683 1788 844 1851 unde
892 1788 1094 1851 datum
1119 1837 1139 1872 ‚
1186 1792 1322 1870 quis
1369 1793 1518 1853 tanti
1555 1794 1822 1853 muneris
1851 1800 2089 1853 auctnr,

237 1877 404 1948 Quae
450 1879 648 1958 petit,
694 1877 793 1939 ille
838 1879 1028 1940 refert
1054 1924 1069 1940 .
1127 1877 1232 1939 sed
1264 1880 1423 1940 enim
1451 1897 1695 1942 narrare
1725 1880 1943 1962 pudori
1969 1896 2049 1940 es!
2081 1936 2089 1956 f

240 1964 371 2038 Qua
419 1965 627 2028 tulerit
670 1966 948 2028 mercede
976 2014 992 2028 .
1048 1965 1185 2030 silet
1206 2013 1227 2049 ,
1273 1974 1586 2048 tactusque
1634 1968 1836 2031 dolore

238 2053 524 2135 Coniugis
572 2057 821 2117 amissae
866 2055 1126 2118 lacrimis
1170 2056 1254 2118 ita
1299 2057 1459 2118 fatur
1504 2057 1767 2121 obortise

119 2151 213 2202 690
239 2138 391 2206 ‘Hoc
419 2162 517 2205 me
543 2189 564 2225 ,
599 2152 736 2206 nate
766 2143 874 2206 dea
900 2192 919 2226 ,
961 2176 1045 2188 —
1077 2146 1211 2224 quis
1237 2147 1431 2226 possit
1456 2146 1704 2208 credere
1730 2142 1767 2208 ’ἓ
1796 2179 1880 2190 -
1912 2148 2085 2208 telum

237 2231 413 2294 Flere
462 2233 647 2315 facit,
691 2233 987 2313 facietque
1033 2232 1134 2295 dIu
1158 2280 1179 2314 ,
1224 2236 1279 2294 si
1324 2236 1521 2295 vivere
1567 2234 1739 2298 nobis

238 2319 387 2382 Fata
429 2320 535 2382 diu
583 2320 858 2382 dederint
886 2367 901 2383 .
958 2321 1072 2383 hoc
1116 2339 1212 2383 me
1262 2339 1400 2383 cum
1446 2325 1697 2404 coniuge
1744 2340 1881 2385 cara

240 2407 553 2471 Perdidit.
609 2408 723 2471 hoc
771 2411 999 2472 utinam
1044 2411 1373 2471 caruissem
1419 2428 1668 2473 munere
1714 2412 1985 2492 semperl

240 2496 483 2560 Procris
529 2507 703 2579 erat,
748 2501 802 2560 si
847 2499 1001 2561 forte
1046 2500 1229 2578 magis
1277 2502 1552 2580 pervenit
1595 2500 1667 2563 ad
1713 2518 1889 2562 aures

124 2594 215 2644 695
245 2586 515 2667 Orithyia
562 2596 742 2670 tuas,
787 2595 988 2668 raptae
1035 2604 1207 2648 soror
1255 2586 1595 2669 Orithyiae3

242 2675 308 2737 Si
353 2675 567 2736 faciem
612 2693 932 2755 moresque
978 2676 1123 2737 velis
1169 2676 1446 2737 conferre
1493 2675 1782 2761 duarum,

240 2763 489 2844 Dignior
516 2767 646 2844 ipsa
672 2765 845 2845 rapi.
900 2772 1072 2844 pater
1109 2764 1263 2826 hanc
1290 2764 1437 2826 mihi
1464 2765 1658 2827 iunxit
1683 2766 2053 2829 Erechtheus
2077 2824 2085 2844 ,

239 2850 407 2914 Hanc
452 2851 599 2914 mihi
643 2854 840 2914 iunxit
884 2869 1094 2914 amor.
1150 2853 1290 2915 felix
1335 2853 1577 2915 dicebar
1623 2872 1938 2937 eramque.

48 2943 84 2991 Ο
240 2940 373 3002 Non
419 2942 502 3003 ita
546 2940 640 3002 dis
686 2943 878 3003 visum
925 2951 1061 3023 est,
1106 2950 1210 3003 aut
1253 2960 1416 3004 nunc
1460 2962 1697 3023 quoque
1745 2945 1993 3007 forsitan

1858 3051 2045 3096 QSSffl'n
2079 3088 2080 3092 ,

126 3126 215 3180 ’109
241 3119 409 3181 Alter
454 3117 739 3200 agebatur
784 3127 922 3200 post
966 3136 1135 3181 sacra
1179 3121 1394 3201 iugalia
1441 3124 1662 3184 mensis
1678 3170 1699 3204 ,

243 3207 392 3270 Cum
438 3225 535 3269 me
581 3209 911 3287 cornigeris
957 3207 1304 3270 tendentem
1347 3213 1496 3294 retia
1543 3213 1735 3272 cervis

242 3295 476 3359 Vertice
522 3295 596 3357 de
642 3313 874 3358 summo
922 3314 1159 3378 semper
1204 3297 1473 3360 florentis
1518 3298 1780 3378 Hymetti

240 3383 428 3446 Lutea
473 3402 646 3447 mane
691 3385 853 3447 videt
896 3385 1084 3466 pulsis
1132 3387 1362 3449 Aurora
1409 3386 1672 3449 tenebris
1688 3436 1708 3470 ,

240 3472 616 3554 Invitumque
661 3477 818 3555 rapit
844 3520 859 3536 .
911 3474 1089 3537 liceat
1132 3473 1278 3536 mihi
1321 3493 1461 3536 vera
1505 3476 1735 3539 referre

126 3570 211 3622 '105
238 3561 390 3624 Pace
437 3563 583 3625 deae
611 3610 626 3624 .
684 3562 842 3642 quod
889 3565 969 3625 sit
1013 3581 1187 3626 roseo
1233 3563 1572 3645 spectabilis
1618 3583 1760 3648 ore,

174 3672 341 3715 ovm.
369 3673 449 3717 11.
1599 3672 1663 3720 10

2061 3836 2467 3994 st
