2467 4042
590 200 784 255 rhenonum

539 396 549 417 ”
614 412 665 483 10.
687 410 756 477 AN

271 536 310 600 tt
333 537 421 600 simui
442 540 547 600 auritis
570 538 665 599 violae
686 537 846 600 demuntur
868 538 989 620 asellis,

204 637 258 689 sto
315 624 354 686 Et
376 625 493 688 Cereris
515 627 616 704 fruges
639 643 743 704 aspera
765 644 834 687 saxa
856 635 980 706 terunt,

270 712 374 774 Navita
396 732 495 794 puppe
518 713 625 774 sedens
648 708 812 793 ‘delphum
833 713 1002 777 videbimus
1018 712 1046 797 ,³
1071 720 1155 798 inquit

316 796 435 863 ‘Umida
457 819 525 863 cnm
547 800 634 881 pulso
657 819 716 862 nox
738 803 796 862 erit
819 810 883 863 orta
906 798 990 864 die.'

533 938 582 1002 11.
604 937 632 1002 Β
651 936 842 1003 MATR-N

270 1063 350 1146 lam,
373 1063 493 1144 Phryx,
517 1082 534 1125 a
555 1071 647 1143 nupta
671 1067 806 1143 quereris
818 1111 828 1146 ,
850 1063 1004 1146 rPithone,
1029 1066 1163 1148 relinqui,

203 1164 205 1172 ·
314 1150 353 1213 Et
374 1150 443 1231 vigil
465 1153 527 1212 eois
549 1151 656 1213 lucifer
678 1154 740 1212 exit
760 1154 864 1231 aquist

204 1251 257 1302 ott
271 1238 336 1318 lte,
360 1238 454 1300 honae
477 1247 608 1319 matres,
631 1272 667 1284 ·-
688 1248 822 1301 vestrum
844 1237 977 1327 Matralia
999 1241 1113 1304 festum
1132 1276 1161 1286 -

313 1325 459 1406 Flavaque
481 1326 637 1388 Thebanae
660 1327 775 1388 reddite
797 1326 856 1388 liha
878 1327 969 1388 deae.

269 1414 413 1476 Pontibus
436 1422 468 1475 et
488 1432 594 1494 magno
616 1418 718 1477 iuncta
740 1422 787 1476 est
809 1413 1006 1477 celeberrima
1030 1417 1117 1479 Circo

313 1502 411 1582 Area,
434 1520 509 1582 quae
531 1504 629 1583 posito
651 1502 785 1564 debore
808 1520 917 1564 nomen
939 1503 1050 1567 hahet.

270 1588 331 1651 ilac
354 1589 396 1650 ihi
417 1589 485 1652 luce
508 1591 610 1652 ierunt
631 1590 759 1651 Matutae
782 1608 866 1651 sacra
888 1593 1010 1669 parenti

205 1690 258 1741 480
317 1677 512 1757 Sceptu'iieras
536 1678 621 1739 Servi
644 1678 752 1757 templa
772 1677 890 1739 dedisse
913 1695 1041 1740 manus.

272 1766 353 1837 Quae
376 1765 431 1826 dea
454 1768 515 1847 sit,
538 1783 629 1845 quare
652 1766 775 1828 famulas
798 1783 815 1825 a
836 1765 937 1827 limine
960 1767 1068 1846 templi

313 1853 421 1914 Aroeat
433 1900 443 1933 ,
464 1884 500 1898 -
523 1861 606 1914 arcet
628 1856 707 1914 cuim
730 1885 763 1896 -
785 1852 904 1932 libaque
926 1861 1006 1915 tosta
1029 1853 1140 1934 petat?

270 1939 406 2021 Bacche,
428 1942 618 2003 racemiferos
641 1940 751 2002 hedera
773 1940 909 2003 redimite
932 1942 1080 2023 capillos,

315 2028 347 2089 Si
369 2029 475 2090 domus
496 2029 546 2090 illa
568 2038 620 2090 tua
642 2039 710 2108 est,
731 2028 827 2108 dirige
849 2031 923 2090 vade
946 2047 1042 2108 opus.

204 2128 256 2180 480
270 2116 391 2178 Auserat
412 2116 555 2196 obsequio
579 2116 694 2177 Semele
716 2115 814 2177 loris.
855 2118 963 2195 accipit
983 2116 1039 2178 Ino

313 2203 356 2265 'le
378 2223 476 2286 puer,
499 2212 530 2266 et
552 2222 667 2265 summa
690 2203 791 2265 sedula
813 2205 908 2264 nutrit
930 2222 1005 2284 ope.

270 2291 414 2353 Intumuit
435 2292 531 2373 Iuno,
553 2300 671 2371 raptum
694 2292 773 2370 quod
795 2291 907 2370 paelice
930 2298 1035 2353 natum

313 2379 450 2442 Educet.
491 2388 521 2441 at
543 2382 663 2457 sanguis
686 2379 735 2440 ille
758 2381 868 2440 sororis
891 2386 972 2441 erat.

269 2467 345 2529 Hinc
368 2471 464 2547 agitur
487 2469 573 2528 iuriis
595 2468 734 2528 Athamas
756 2475 787 2528 et
809 2469 936 2544 imagine
958 2466 1051 2548 laisa,

204 2567 256 2618 400
313 2556 419 2635 Tuque
442 2556 522 2617 cadis
545 2559 662 2636 patria,
684 2572 773 2634 parre
795 2553 949 2637 Learche,
970 2573 1084 2619 mann.

269 2644 378 2705 Maesta
401 2643 565 2705 Learcheas
586 2651 683 2704 mater
703 2641 898 2703 tumulaverat
920 2642 1044 2705 umbras

312 2732 352 2793 Et
373 2731 496 2792 dederat
516 2733 634 2792 miseris
657 2732 755 2792 omnia
776 2732 854 2791 iusta
876 2731 974 2809 rogis.

269 2817 348 2880 llaec
371 2836 511 2899 quoque,
533 2820 668 2879 funestos
690 2826 725 2880 nt
744 2825 810 2879 erat
832 2817 941 2878 laniata
962 2819 1113 2904 capillos,

313 2906 456 2987 Prosilit,
479 2913 509 2968 et
531 2909 616 2967 cunis
641 2915 692 2986 te,
714 2905 886 2985 Melicerta,
908 2908 1006 2986 rapit.

204 2993 323 3056 thalisa
343 2997 437 3075 spatio
461 3001 612 3056 contracta
635 2993 718 3055 hreri
729 3038 739 3075 ,
761 2994 838 3055 irata
859 2993 930 3054 hina
952 2993 1100 3079 repellit,

313 3082 436 3163 Unaque
459 3083 594 3162 pulsatur
615 3089 697 3142 terra
718 3079 833 3141 duabus
856 3082 959 3160 aquis.

268 3169 334 3233 Huc
356 3172 438 3232 venit
458 3171 570 3231 insanis
592 3178 694 3230 natum
718 3169 869 3248 complexa
891 3169 1031 3252 lacertis,

312 3258 351 3319 Et
373 3276 475 3319 secum
498 3277 514 3319 e
537 3256 616 3318 celso
639 3258 730 3319 mittit
750 3259 782 3317 in
805 3256 863 3318 ulta
883 3259 972 3337 iugo.

268 3345 385 3425 Excipit
406 3346 523 3407 illaesos
545 3344 663 3423 Panope
687 3351 865 3424 centumque
889 3362 1027 3420 sorores,

202 3441 254 3493 500
312 3432 351 3492 Et
371 3432 485 3512 placido
508 3433 592 3510 lapsu
614 3450 669 3512 per
692 3449 745 3493 sua
768 3450 858 3512 regna
880 3434 1000 3493 lerunt.

267 3516 404 3579 Nondum
426 3518 594 3580 Leucothea
606 3565 616 3599 ,
641 3518 871 3599 nondumpuer
893 3519 943 3580 ille
963 3518 1161 3607 Palaemon,
