<?xml version="1.0" encoding="UTF-8"?>
<!DOCTYPE html PUBLIC "-//W3C//DTD XHTML 1.0 Transitional//EN"
    "http://www.w3.org/TR/xhtml1/DTD/xhtml1-transitional.dtd">
<html xmlns="http://www.w3.org/1999/xhtml" xml:lang="en" lang="en">
 <head>
  <title>
</title>
<meta http-equiv="Content-Type" content="text/html;charset=utf-8" />
  <meta name='ocr-system' content='tesseract 3.04.00' />
  <meta name='ocr-capabilities' content='ocr_page ocr_carea ocr_par ocr_line ocrx_word'/>
</head>
<body>
  <div class='ocr_page' id='page_1' title='image "./povidiusnaso00ehwagoog_0527.png"; bbox 0 0 2467 4042; ppageno 0'>
   <div class='ocr_carea' id='block_1_1' title="bbox 437 229 1057 300">
    <p class='ocr_par' dir='ltr' id='par_1_1' title="bbox 437 229 1057 300">
     <span class='ocr_line' id='line_1_1' title="bbox 437 229 1057 300; baseline 0.006 -15"><span class='ocrx_word' id='word_1_1' title='bbox 437 229 493 300; x_wconf 86' lang='lat' dir='ltr'><strong>vi,</strong></span> <span class='ocrx_word' id='word_1_2' title='bbox 512 235 670 285; x_wconf 72' lang='lat' dir='ltr'><strong>idi-884.</strong></span> <span class='ocrx_word' id='word_1_3' title='bbox 770 249 893 286; x_wconf 77' lang='grc'><strong>33333333</strong></span> <span class='ocrx_word' id='word_1_4' title='bbox 995 231 1057 297; x_wconf 82' lang='grc'><strong>115</strong></span> 
     </span>
    </p>
   </div>
   <div class='ocr_carea' id='block_1_2' title="bbox 6 394 1059 3658">
    <p class='ocr_par' dir='ltr' id='par_1_2' title="bbox 127 394 899 478">
     <span class='ocr_line' id='line_1_2' title="bbox 127 394 899 478; baseline -0.001 -20"><span class='ocrx_word' id='word_1_5' title='bbox 127 394 240 459; x_wconf 87' lang='lat' dir='ltr'><strong>Ultima</strong></span> <span class='ocrx_word' id='word_1_6' title='bbox 264 395 419 460; x_wconf 85' lang='lat' dir='ltr'><strong>restabat:</strong></span> <span class='ocrx_word' id='word_1_7' title='bbox 441 413 530 476; x_wconf 88' lang='lat' dir='ltr'><strong>quam</strong></span> <span class='ocrx_word' id='word_1_8' title='bbox 552 403 614 458; x_wconf 84' lang='lat' dir='ltr'><strong>teto</strong></span> <span class='ocrx_word' id='word_1_9' title='bbox 638 413 763 476; x_wconf 87' lang='lat' dir='ltr'><strong>eorpere</strong></span> <span class='ocrx_word' id='word_1_10' title='bbox 786 405 899 478; x_wconf 87' lang='lat' dir='ltr'><strong>mater,</strong></span> 
     </span>
    </p>

    <p class='ocr_par' dir='ltr' id='par_1_3' title="bbox 64 480 978 653">
     <span class='ocr_line' id='line_1_3' title="bbox 127 480 978 565; baseline 0 -20"><span class='ocrx_word' id='word_1_11' title='bbox 127 483 205 547; x_wconf 79' lang='lat' dir='ltr'><strong>Tota</strong></span> <span class='ocrx_word' id='word_1_12' title='bbox 229 494 316 547; x_wconf 86' lang='lat' dir='ltr'><strong>veste</strong></span> <span class='ocrx_word' id='word_1_13' title='bbox 339 494 444 564; x_wconf 85' lang='lat' dir='ltr'><strong>tegens</strong></span> <span class='ocrx_word' id='word_1_14' title='bbox 467 480 568 546; x_wconf 79' lang='lat' dir='ltr'><strong>‘unam</strong></span> <span class='ocrx_word' id='word_1_15' title='bbox 591 486 801 565; x_wconf 77' lang='lat' dir='ltr'><strong>minimamque</strong></span> <span class='ocrx_word' id='word_1_16' title='bbox 825 482 978 564; x_wconf 77' lang='lat' dir='ltr'><strong>relinque!</strong></span> 
     </span>
     <span class='ocr_line' id='line_1_4' title="bbox 64 567 969 653; baseline 0.003 -21"><span class='ocrx_word' id='word_1_17' title='bbox 64 571 171 634; x_wconf 82' lang='grc'><strong>333113</strong></span> <span class='ocrx_word' id='word_1_18' title='bbox 195 573 303 636; x_wconf 89' lang='lat' dir='ltr'><strong>multis</strong></span> <span class='ocrx_word' id='word_1_19' title='bbox 327 574 479 635; x_wconf 82' lang='lat' dir='ltr'><strong>minimam</strong></span> <span class='ocrx_word' id='word_1_20' title='bbox 502 567 605 653; x_wconf 84' lang='lat' dir='ltr'><strong>poseo&#39;</strong></span> <span class='ocrx_word' id='word_1_21' title='bbox 629 573 763 635; x_wconf 78' lang='lat' dir='ltr'><strong>clamavit</strong></span> <span class='ocrx_word' id='word_1_22' title='bbox 786 569 828 635; x_wconf 75' lang='lat' dir='ltr'><strong>‘et</strong></span> <span class='ocrx_word' id='word_1_23' title='bbox 850 569 969 636; x_wconf 62' lang='lat' dir='ltr'><strong>unam?</strong></span> 
     </span>
    </p>

    <p class='ocr_par' dir='ltr' id='par_1_4' title="bbox 125 660 1059 744">
     <span class='ocr_line' id='line_1_5' title="bbox 125 660 1059 744; baseline 0.001 -20"><span class='ocrx_word' id='word_1_24' title='bbox 125 660 271 742; x_wconf 79' lang='lat' dir='ltr'><strong>Dumque</strong></span> <span class='ocrx_word' id='word_1_25' title='bbox 294 671 402 744; x_wconf 85' lang='lat' dir='ltr'><strong>rogat,</strong></span> <span class='ocrx_word' id='word_1_26' title='bbox 424 678 479 742; x_wconf 88' lang='lat' dir='ltr'><strong>pro</strong></span> <span class='ocrx_word' id='word_1_27' title='bbox 497 679 557 741; x_wconf 82' lang='lat' dir='ltr'><strong>qus</strong></span> <span class='ocrx_word' id='word_1_28' title='bbox 575 670 682 744; x_wconf 87' lang='lat' dir='ltr'><strong>regat,</strong></span> <span class='ocrx_word' id='word_1_29' title='bbox 704 662 834 724; x_wconf 86' lang='lat' dir='ltr'><strong>eeaidit.</strong></span> <span class='ocrx_word' id='word_1_30' title='bbox 857 661 930 723; x_wconf 85' lang='lat' dir='ltr'><strong>orba</strong></span> <span class='ocrx_word' id='word_1_31' title='bbox 947 661 1059 725; x_wconf 79' lang='lat' dir='ltr'><strong>resedit</strong></span> 
     </span>
    </p>

    <p class='ocr_par' dir='ltr' id='par_1_5' title="bbox 125 748 869 833">
     <span class='ocr_line' id='line_1_6' title="bbox 125 748 869 833; baseline 0.003 -23"><span class='ocrx_word' id='word_1_32' title='bbox 125 748 295 812; x_wconf 77' lang='lat' dir='ltr'><strong>Exanimes</strong></span> <span class='ocrx_word' id='word_1_33' title='bbox 317 752 398 811; x_wconf 87' lang='lat' dir='ltr'><strong>inter</strong></span> <span class='ocrx_word' id='word_1_34' title='bbox 420 757 507 811; x_wconf 82' lang='lat' dir='ltr'><strong>natos</strong></span> <span class='ocrx_word' id='word_1_35' title='bbox 528 757 673 829; x_wconf 87' lang='lat' dir='ltr'><strong>natasque</strong></span> <span class='ocrx_word' id='word_1_36' title='bbox 695 752 869 833; x_wconf 79' lang='lat' dir='ltr'><strong>virumque,</strong></span> 
     </span>
    </p>

    <p class='ocr_par' dir='ltr' id='par_1_6' title="bbox 125 836 1056 921">
     <span class='ocr_line' id='line_1_7' title="bbox 125 836 1056 921; baseline 0.003 -23"><span class='ocrx_word' id='word_1_37' title='bbox 125 836 330 919; x_wconf 77' lang='lat' dir='ltr'><strong>Deriguitque</strong></span> <span class='ocrx_word' id='word_1_38' title='bbox 353 837 459 900; x_wconf 91' lang='lat' dir='ltr'><strong>malis.</strong></span> <span class='ocrx_word' id='word_1_39' title='bbox 486 837 584 902; x_wconf 83' lang='lat' dir='ltr'><strong>nullos</strong></span> <span class='ocrx_word' id='word_1_40' title='bbox 606 847 705 900; x_wconf 84' lang='lat' dir='ltr'><strong>movet</strong></span> <span class='ocrx_word' id='word_1_41' title='bbox 726 857 799 900; x_wconf 87' lang='lat' dir='ltr'><strong>aura</strong></span> <span class='ocrx_word' id='word_1_42' title='bbox 822 839 959 921; x_wconf 86' lang='lat' dir='ltr'><strong>capillos,</strong></span> <span class='ocrx_word' id='word_1_43' title='bbox 977 853 1002 896; x_wconf 83' lang='lat' dir='ltr'><strong>t.</strong></span> <span class='ocrx_word' id='word_1_44' title='bbox 1016 865 1056 897; x_wconf 78' lang='grc' dir='ltr'><strong>ιο.</strong></span> 
     </span>
    </p>

    <p class='ocr_par' dir='ltr' id='par_1_7' title="bbox 65 924 1006 1095">
     <span class='ocr_line' id='line_1_8' title="bbox 125 924 1006 1010; baseline 0.005 -23"><span class='ocrx_word' id='word_1_45' title='bbox 125 924 161 987; x_wconf 93' lang='lat' dir='ltr'><strong>ln</strong></span> <span class='ocrx_word' id='word_1_46' title='bbox 184 928 275 990; x_wconf 79' lang='lat' dir='ltr'><strong>vultu</strong></span> <span class='ocrx_word' id='word_1_47' title='bbox 298 925 381 988; x_wconf 85' lang='lat' dir='ltr'><strong>eoler</strong></span> <span class='ocrx_word' id='word_1_48' title='bbox 404 934 451 988; x_wconf 92' lang='lat' dir='ltr'><strong>est</strong></span> <span class='ocrx_word' id='word_1_49' title='bbox 472 928 537 989; x_wconf 69' lang='lat' dir='ltr'><strong>dne</strong></span> <span class='ocrx_word' id='word_1_50' title='bbox 559 928 730 1010; x_wconf 88' lang='lat' dir='ltr'><strong>sanguine,</strong></span> <span class='ocrx_word' id='word_1_51' title='bbox 751 926 863 989; x_wconf 89' lang='lat' dir='ltr'><strong>lumina</strong></span> <span class='ocrx_word' id='word_1_52' title='bbox 884 932 1006 991; x_wconf 86' lang='lat' dir='ltr'><strong>maestis</strong></span> 
     </span>
     <span class='ocr_line' id='line_1_9' title="bbox 65 1012 991 1095; baseline 0.008 -23"><span class='ocrx_word' id='word_1_53' title='bbox 65 1023 113 1073; x_wconf 88' lang='grc'><strong>333</strong></span> <span class='ocrx_word' id='word_1_54' title='bbox 128 1012 222 1077; x_wconf 79' lang='lat' dir='ltr'><strong>Stant</strong></span> <span class='ocrx_word' id='word_1_55' title='bbox 244 1018 356 1077; x_wconf 89' lang='lat' dir='ltr'><strong>inmota</strong></span> <span class='ocrx_word' id='word_1_56' title='bbox 380 1017 486 1094; x_wconf 86' lang='lat' dir='ltr'><strong>genis:</strong></span> <span class='ocrx_word' id='word_1_57' title='bbox 508 1014 583 1077; x_wconf 89' lang='lat' dir='ltr'><strong>nihil</strong></span> <span class='ocrx_word' id='word_1_58' title='bbox 605 1017 706 1077; x_wconf 87' lang='lat' dir='ltr'><strong>estin</strong></span> <span class='ocrx_word' id='word_1_59' title='bbox 727 1018 854 1095; x_wconf 83' lang='lat' dir='ltr'><strong>imagine</strong></span> <span class='ocrx_word' id='word_1_60' title='bbox 876 1019 991 1080; x_wconf 84' lang='grc'><strong>313333.</strong></span> 
     </span>
    </p>

    <p class='ocr_par' dir='ltr' id='par_1_8' title="bbox 126 1102 926 1185">
     <span class='ocr_line' id='line_1_10' title="bbox 126 1102 926 1185; baseline 0.005 -22"><span class='ocrx_word' id='word_1_61' title='bbox 126 1102 199 1183; x_wconf 88' lang='lat' dir='ltr'><strong>ipsa</strong></span> <span class='ocrx_word' id='word_1_62' title='bbox 224 1121 346 1183; x_wconf 87' lang='lat' dir='ltr'><strong>quoque</strong></span> <span class='ocrx_word' id='word_1_63' title='bbox 368 1104 496 1166; x_wconf 86' lang='lat' dir='ltr'><strong>interius</strong></span> <span class='ocrx_word' id='word_1_64' title='bbox 518 1121 587 1165; x_wconf 81' lang='lat' dir='ltr'><strong>eum</strong></span> <span class='ocrx_word' id='word_1_65' title='bbox 609 1104 685 1165; x_wconf 89' lang='lat' dir='ltr'><strong>duro</strong></span> <span class='ocrx_word' id='word_1_66' title='bbox 707 1103 808 1184; x_wconf 90' lang='lat' dir='ltr'><strong>lingua</strong></span> <span class='ocrx_word' id='word_1_67' title='bbox 829 1104 926 1185; x_wconf 83' lang='lat' dir='ltr'><strong>palate</strong></span> 
     </span>
    </p>

    <p class='ocr_par' dir='ltr' id='par_1_9' title="bbox 128 1188 900 1274">
     <span class='ocr_line' id='line_1_11' title="bbox 128 1188 900 1274; baseline 0.001 -21"><span class='ocrx_word' id='word_1_68' title='bbox 128 1188 301 1273; x_wconf 81' lang='lat' dir='ltr'><strong>Cnngelat,</strong></span> <span class='ocrx_word' id='word_1_69' title='bbox 323 1200 468 1254; x_wconf 82' lang='grc'><strong>31333333</strong></span> <span class='ocrx_word' id='word_1_70' title='bbox 489 1190 639 1254; x_wconf 88' lang='lat' dir='ltr'><strong>desistunt</strong></span> <span class='ocrx_word' id='word_1_71' title='bbox 660 1210 747 1272; x_wconf 86' lang='lat' dir='ltr'><strong>pesse</strong></span> <span class='ocrx_word' id='word_1_72' title='bbox 770 1195 900 1274; x_wconf 82' lang='lat' dir='ltr'><strong>moveri3</strong></span> 
     </span>
    </p>

    <p class='ocr_par' dir='ltr' id='par_1_10' title="bbox 128 1278 935 1344">
     <span class='ocr_line' id='line_1_12' title="bbox 128 1278 935 1344; baseline 0.005 -4"><span class='ocrx_word' id='word_1_73' title='bbox 128 1278 195 1342; x_wconf 84' lang='lat' dir='ltr'><strong>Nee</strong></span> <span class='ocrx_word' id='word_1_74' title='bbox 219 1280 303 1342; x_wconf 87' lang='lat' dir='ltr'><strong>ileeti</strong></span> <span class='ocrx_word' id='word_1_75' title='bbox 325 1282 426 1342; x_wconf 76' lang='lat' dir='ltr'><strong>cervix</strong></span> <span class='ocrx_word' id='word_1_76' title='bbox 447 1297 504 1342; x_wconf 83' lang='lat' dir='ltr'><strong>nee</strong></span> <span class='ocrx_word' id='word_1_77' title='bbox 526 1279 665 1342; x_wconf 83' lang='grc'><strong>1333331313</strong></span> <span class='ocrx_word' id='word_1_78' title='bbox 687 1280 814 1343; x_wconf 87' lang='lat' dir='ltr'><strong>reddere</strong></span> <span class='ocrx_word' id='word_1_79' title='bbox 836 1290 935 1344; x_wconf 89' lang='lat' dir='ltr'><strong>motus</strong></span> 
     </span>
    </p>

    <p class='ocr_par' dir='ltr' id='par_1_11' title="bbox 68 1366 1058 1537">
     <span class='ocr_line' id='line_1_13' title="bbox 128 1366 1058 1449; baseline 0.006 -20"><span class='ocrx_word' id='word_1_80' title='bbox 128 1366 195 1430; x_wconf 85' lang='lat' dir='ltr'><strong>Nee</strong></span> <span class='ocrx_word' id='word_1_81' title='bbox 220 1387 275 1449; x_wconf 90' lang='lat' dir='ltr'><strong>pes</strong></span> <span class='ocrx_word' id='word_1_82' title='bbox 297 1371 342 1430; x_wconf 84' lang='lat' dir='ltr'><strong>ire</strong></span> <span class='ocrx_word' id='word_1_83' title='bbox 364 1370 586 1448; x_wconf 78' lang='grc'><strong>333333313133</strong></span> <span class='ocrx_word' id='word_1_84' title='bbox 609 1386 729 1449; x_wconf 85' lang='lat' dir='ltr'><strong>quoque</strong></span> <span class='ocrx_word' id='word_1_85' title='bbox 752 1371 866 1431; x_wconf 79' lang='lat' dir='ltr'><strong>viscera</strong></span> <span class='ocrx_word' id='word_1_86' title='bbox 879 1389 982 1434; x_wconf 85' lang='lat' dir='ltr'><strong>saxum</strong></span> <span class='ocrx_word' id='word_1_87' title='bbox 996 1383 1058 1436; x_wconf 87' lang='lat' dir='ltr'><strong>est.</strong></span> 
     </span>
     <span class='ocr_line' id='line_1_14' title="bbox 68 1454 958 1537; baseline 0.011 -26"><span class='ocrx_word' id='word_1_88' title='bbox 68 1454 200 1520; x_wconf 66' lang='grc'><strong>31311133</strong></span> <span class='ocrx_word' id='word_1_89' title='bbox 223 1465 347 1537; x_wconf 85' lang='lat' dir='ltr'><strong>tamen,</strong></span> <span class='ocrx_word' id='word_1_90' title='bbox 368 1466 400 1517; x_wconf 88' lang='lat' dir='ltr'><strong>et</strong></span> <span class='ocrx_word' id='word_1_91' title='bbox 422 1456 509 1518; x_wconf 84' lang='lat' dir='ltr'><strong>validi</strong></span> <span class='ocrx_word' id='word_1_92' title='bbox 531 1457 713 1519; x_wconf 75' lang='lat' dir='ltr'><strong>aueumdata</strong></span> <span class='ocrx_word' id='word_1_93' title='bbox 736 1456 854 1520; x_wconf 86' lang='lat' dir='ltr'><strong>turbine</strong></span> <span class='ocrx_word' id='word_1_94' title='bbox 877 1462 958 1521; x_wconf 87' lang='lat' dir='ltr'><strong>venti</strong></span> 
     </span>
    </p>

    <p class='ocr_par' dir='ltr' id='par_1_12' title="bbox 131 1543 971 1626">
     <span class='ocr_line' id='line_1_15' title="bbox 131 1543 971 1626; baseline 0.002 -20"><span class='ocrx_word' id='word_1_95' title='bbox 131 1543 168 1606; x_wconf 91' lang='lat' dir='ltr'><strong>ln</strong></span> <span class='ocrx_word' id='word_1_96' title='bbox 187 1548 318 1626; x_wconf 86' lang='lat' dir='ltr'><strong>patriam</strong></span> <span class='ocrx_word' id='word_1_97' title='bbox 340 1552 424 1624; x_wconf 90' lang='lat' dir='ltr'><strong>rapta</strong></span> <span class='ocrx_word' id='word_1_98' title='bbox 447 1553 515 1607; x_wconf 88' lang='lat' dir='ltr'><strong>est.</strong></span> <span class='ocrx_word' id='word_1_99' title='bbox 542 1544 584 1607; x_wconf 91' lang='lat' dir='ltr'><strong>ibi</strong></span> <span class='ocrx_word' id='word_1_100' title='bbox 606 1547 663 1607; x_wconf 81' lang='lat' dir='ltr'><strong>lixa</strong></span> <span class='ocrx_word' id='word_1_101' title='bbox 686 1548 838 1608; x_wconf 84' lang='grc'><strong>3333333133</strong></span> <span class='ocrx_word' id='word_1_102' title='bbox 862 1550 971 1610; x_wconf 88' lang='lat' dir='ltr'><strong>mentis</strong></span> 
     </span>
    </p>

    <p class='ocr_par' dir='ltr' id='par_1_13' title="bbox 131 1630 1057 1715">
     <span class='ocr_line' id='line_1_16' title="bbox 131 1630 1057 1715; baseline 0.008 -21"><span class='ocrx_word' id='word_1_103' title='bbox 131 1630 298 1714; x_wconf 74' lang='lat' dir='ltr'><strong>liquitur,</strong></span> <span class='ocrx_word' id='word_1_104' title='bbox 319 1641 351 1694; x_wconf 91' lang='lat' dir='ltr'><strong>et</strong></span> <span class='ocrx_word' id='word_1_105' title='bbox 373 1631 507 1695; x_wconf 85' lang='lat' dir='ltr'><strong>lacrimas</strong></span> <span class='ocrx_word' id='word_1_106' title='bbox 530 1636 627 1715; x_wconf 85' lang='lat' dir='ltr'><strong>etiam</strong></span> <span class='ocrx_word' id='word_1_107' title='bbox 646 1651 727 1696; x_wconf 86' lang='lat' dir='ltr'><strong>nune</strong></span> <span class='ocrx_word' id='word_1_108' title='bbox 754 1652 901 1698; x_wconf 87' lang='lat' dir='ltr'><strong>marmora</strong></span> <span class='ocrx_word' id='word_1_109' title='bbox 922 1646 1057 1701; x_wconf 86' lang='lat' dir='ltr'><strong>manant.</strong></span> 
     </span>
    </p>

    <p class='ocr_par' dir='ltr' id='par_1_14' title="bbox 178 1721 936 1786">
     <span class='ocr_line' id='line_1_17' title="bbox 178 1721 936 1786; baseline 0.005 -4"><span class='ocrx_word' id='word_1_110' title='bbox 178 1721 259 1784; x_wconf 85' lang='lat' dir='ltr'><strong>&#39;lum</strong></span> <span class='ocrx_word' id='word_1_111' title='bbox 281 1739 353 1783; x_wconf 82' lang='lat' dir='ltr'><strong>vero</strong></span> <span class='ocrx_word' id='word_1_112' title='bbox 376 1724 476 1783; x_wconf 82' lang='lat' dir='ltr'><strong>cuncti</strong></span> <span class='ocrx_word' id='word_1_113' title='bbox 498 1723 686 1784; x_wconf 79' lang='lat' dir='ltr'><strong>mmiiestam</strong></span> <span class='ocrx_word' id='word_1_114' title='bbox 707 1724 838 1786; x_wconf 88' lang='lat' dir='ltr'><strong>numinis</strong></span> <span class='ocrx_word' id='word_1_115' title='bbox 861 1727 936 1786; x_wconf 88' lang='lat' dir='ltr'><strong>iram</strong></span> 
     </span>
    </p>

    <p class='ocr_par' dir='ltr' id='par_1_15' title="bbox 73 1807 1005 1978">
     <span class='ocr_line' id='line_1_18' title="bbox 133 1807 1005 1892; baseline 0.007 -22"><span class='ocrx_word' id='word_1_116' title='bbox 133 1807 259 1873; x_wconf 83' lang='lat' dir='ltr'><strong>Femina</strong></span> <span class='ocrx_word' id='word_1_117' title='bbox 282 1811 386 1889; x_wconf 77' lang='lat' dir='ltr'><strong>virque</strong></span> <span class='ocrx_word' id='word_1_118' title='bbox 409 1811 537 1892; x_wconf 88' lang='lat' dir='ltr'><strong>timent,</strong></span> <span class='ocrx_word' id='word_1_119' title='bbox 560 1808 702 1890; x_wconf 82' lang='lat' dir='ltr'><strong>cultuque</strong></span> <span class='ocrx_word' id='word_1_120' title='bbox 724 1813 880 1892; x_wconf 81' lang='lat' dir='ltr'><strong>inpensius</strong></span> <span class='ocrx_word' id='word_1_121' title='bbox 903 1832 1005 1875; x_wconf 87' lang='lat' dir='ltr'><strong>omnes</strong></span> 
     </span>
     <span class='ocr_line' id='line_1_19' title="bbox 73 1896 938 1978; baseline 0.013 -27"><span class='ocrx_word' id='word_1_122' title='bbox 73 1905 120 1954; x_wconf 83' lang='grc'><strong>333</strong></span> <span class='ocrx_word' id='word_1_123' title='bbox 133 1896 240 1978; x_wconf 85' lang='lat' dir='ltr'><strong>liagna</strong></span> <span class='ocrx_word' id='word_1_124' title='bbox 262 1897 468 1978; x_wconf 78' lang='lat' dir='ltr'><strong>gemelliparae</strong></span> <span class='ocrx_word' id='word_1_125' title='bbox 491 1908 671 1961; x_wconf 85' lang='lat' dir='ltr'><strong>venerantur</strong></span> <span class='ocrx_word' id='word_1_126' title='bbox 694 1901 816 1962; x_wconf 80' lang='lat' dir='ltr'><strong>numida</strong></span> <span class='ocrx_word' id='word_1_127' title='bbox 838 1901 938 1963; x_wconf 84' lang='lat' dir='ltr'><strong>divae.</strong></span> 
     </span>
    </p>

    <p class='ocr_par' dir='ltr' id='par_1_16' title="bbox 134 1980 934 2069">
     <span class='ocr_line' id='line_1_20' title="bbox 134 1980 934 2069; baseline 0.005 -22"><span class='ocrx_word' id='word_1_128' title='bbox 134 1980 233 2067; x_wconf 84' lang='lat' dir='ltr'><strong>litque</strong></span> <span class='ocrx_word' id='word_1_129' title='bbox 257 1987 314 2069; x_wconf 89' lang='lat' dir='ltr'><strong>lit,</strong></span> <span class='ocrx_word' id='word_1_130' title='bbox 335 2005 353 2048; x_wconf 84' lang='lat' dir='ltr'><strong>a</strong></span> <span class='ocrx_word' id='word_1_131' title='bbox 375 1986 453 2048; x_wconf 83' lang='grc'><strong>13313</strong></span> <span class='ocrx_word' id='word_1_132' title='bbox 475 1988 615 2067; x_wconf 83' lang='lat' dir='ltr'><strong>propiore</strong></span> <span class='ocrx_word' id='word_1_133' title='bbox 638 1989 740 2067; x_wconf 83' lang='lat' dir='ltr'><strong>priora</strong></span> <span class='ocrx_word' id='word_1_134' title='bbox 761 1998 934 2051; x_wconf 84' lang='lat' dir='ltr'><strong>renarrant.</strong></span> 
     </span>
    </p>

    <p class='ocr_par' dir='ltr' id='par_1_17' title="bbox 135 2071 994 2157">
     <span class='ocr_line' id='line_1_21' title="bbox 135 2071 994 2157; baseline 0.006 -22"><span class='ocrx_word' id='word_1_135' title='bbox 135 2072 160 2135; x_wconf 79' lang='grc' dir='ltr'>Ε</span> <span class='ocrx_word' id='word_1_136' title='bbox 184 2074 294 2155; x_wconf 79' lang='lat' dir='ltr'><strong>qulbus</strong></span> <span class='ocrx_word' id='word_1_137' title='bbox 317 2092 395 2137; x_wconf 88' lang='lat' dir='ltr'><strong>unus</strong></span> <span class='ocrx_word' id='word_1_138' title='bbox 418 2076 481 2137; x_wconf 77' lang='lat' dir='ltr'><strong>site</strong></span> <span class='ocrx_word' id='word_1_139' title='bbox 504 2071 621 2153; x_wconf 76' lang='lat' dir='ltr'><strong>‘Lyciae</strong></span> <span class='ocrx_word' id='word_1_140' title='bbox 644 2094 762 2156; x_wconf 90' lang='lat' dir='ltr'><strong>quoque</strong></span> <span class='ocrx_word' id='word_1_141' title='bbox 786 2076 893 2139; x_wconf 87' lang='lat' dir='ltr'><strong>fertilis</strong></span> <span class='ocrx_word' id='word_1_142' title='bbox 916 2080 994 2157; x_wconf 86' lang='lat' dir='ltr'><strong>egris</strong></span> 
     </span>
    </p>

    <p class='ocr_par' dir='ltr' id='par_1_18' title="bbox 135 2161 891 2244">
     <span class='ocr_line' id='line_1_22' title="bbox 135 2161 891 2244; baseline 0.004 -20"><span class='ocrx_word' id='word_1_143' title='bbox 135 2161 202 2226; x_wconf 88' lang='lat' dir='ltr'><strong>Non</strong></span> <span class='ocrx_word' id='word_1_144' title='bbox 225 2166 338 2244; x_wconf 90' lang='lat' dir='ltr'><strong>inpune</strong></span> <span class='ocrx_word' id='word_1_145' title='bbox 361 2163 446 2225; x_wconf 87' lang='lat' dir='ltr'><strong>deam</strong></span> <span class='ocrx_word' id='word_1_146' title='bbox 469 2172 585 2225; x_wconf 85' lang='lat' dir='ltr'><strong>veteres</strong></span> <span class='ocrx_word' id='word_1_147' title='bbox 607 2181 748 2243; x_wconf 79' lang='lat' dir='ltr'><strong>sprevere</strong></span> <span class='ocrx_word' id='word_1_148' title='bbox 771 2164 891 2227; x_wconf 86' lang='grc'><strong>3313331.-</strong></span> 
     </span>
    </p>

    <p class='ocr_par' dir='ltr' id='par_1_19' title="bbox 78 2250 1006 2423">
     <span class='ocr_line' id='line_1_23' title="bbox 136 2250 934 2336; baseline 0 -22"><span class='ocrx_word' id='word_1_149' title='bbox 136 2250 197 2314; x_wconf 85' lang='grc'><strong>1133</strong></span> <span class='ocrx_word' id='word_1_150' title='bbox 219 2250 347 2314; x_wconf 82' lang='grc'><strong>31333333</strong></span> <span class='ocrx_word' id='word_1_151' title='bbox 370 2251 490 2331; x_wconf 88' lang='lat' dir='ltr'><strong>quidem</strong></span> <span class='ocrx_word' id='word_1_152' title='bbox 512 2261 559 2314; x_wconf 91' lang='lat' dir='ltr'><strong>est</strong></span> <span class='ocrx_word' id='word_1_153' title='bbox 580 2251 763 2332; x_wconf 82' lang='lat' dir='ltr'><strong>ignobditate</strong></span> <span class='ocrx_word' id='word_1_154' title='bbox 785 2256 934 2336; x_wconf 79' lang='lat' dir='ltr'><strong>virorum,</strong></span> 
     </span>
     <span class='ocr_line' id='line_1_24' title="bbox 78 2338 1006 2423; baseline 0.012 -30"><span class='ocrx_word' id='word_1_155' title='bbox 78 2338 211 2403; x_wconf 81' lang='grc'><strong>33311133</strong></span> <span class='ocrx_word' id='word_1_156' title='bbox 232 2349 354 2402; x_wconf 82' lang='grc'><strong>33333333.</strong></span> <span class='ocrx_word' id='word_1_157' title='bbox 382 2339 442 2401; x_wconf 77' lang='lat' dir='ltr'><strong>vidi</strong></span> <span class='ocrx_word' id='word_1_158' title='bbox 464 2357 605 2420; x_wconf 85' lang='lat' dir='ltr'><strong>praesens</strong></span> <span class='ocrx_word' id='word_1_159' title='bbox 629 2349 827 2421; x_wconf 77' lang='lat' dir='ltr'><strong>stagnumque</strong></span> <span class='ocrx_word' id='word_1_160' title='bbox 848 2342 1006 2423; x_wconf 82' lang='lat' dir='ltr'><strong>locumque</strong></span> 
     </span>
    </p>

    <p class='ocr_par' dir='ltr' id='par_1_20' title="bbox 137 2427 927 2508">
     <span class='ocr_line' id='line_1_25' title="bbox 137 2427 927 2508; baseline 0.004 -19"><span class='ocrx_word' id='word_1_161' title='bbox 137 2427 277 2508; x_wconf 82' lang='lat' dir='ltr'><strong>Prodigia</strong></span> <span class='ocrx_word' id='word_1_162' title='bbox 299 2436 424 2490; x_wconf 88' lang='lat' dir='ltr'><strong>notum.</strong></span> <span class='ocrx_word' id='word_1_163' title='bbox 452 2445 520 2490; x_wconf 87' lang='lat' dir='ltr'><strong>nam</strong></span> <span class='ocrx_word' id='word_1_164' title='bbox 542 2447 590 2490; x_wconf 87' lang='lat' dir='ltr'><strong>me</strong></span> <span class='ocrx_word' id='word_1_165' title='bbox 612 2431 672 2490; x_wconf 91' lang='lat' dir='ltr'><strong>iam</strong></span> <span class='ocrx_word' id='word_1_166' title='bbox 694 2431 834 2508; x_wconf 84' lang='lat' dir='ltr'><strong>grandior</strong></span> <span class='ocrx_word' id='word_1_167' title='bbox 856 2449 927 2493; x_wconf 86' lang='grc'><strong>3333</strong></span> 
     </span>
    </p>

    <p class='ocr_par' dir='ltr' id='par_1_21' title="bbox 139 2516 861 2597">
     <span class='ocr_line' id='line_1_26' title="bbox 139 2516 861 2597; baseline 0.001 -18"><span class='ocrx_word' id='word_1_168' title='bbox 139 2516 349 2597; x_wconf 74' lang='lat' dir='ltr'><strong>inpatiensque</strong></span> <span class='ocrx_word' id='word_1_169' title='bbox 371 2518 435 2579; x_wconf 86' lang='grc'><strong>3133</strong></span> <span class='ocrx_word' id='word_1_170' title='bbox 457 2519 575 2596; x_wconf 86' lang='lat' dir='ltr'><strong>genitor</strong></span> <span class='ocrx_word' id='word_1_171' title='bbox 596 2516 861 2581; x_wconf 78' lang='grc'><strong>31331333333133133</strong></span> 
     </span>
    </p>

    <p class='ocr_par' dir='ltr' id='par_1_22' title="bbox 136 2602 881 2686">
     <span class='ocr_line' id='line_1_27' title="bbox 136 2602 881 2686; baseline 0.003 -19"><span class='ocrx_word' id='word_1_172' title='bbox 136 2604 268 2667; x_wconf 86' lang='lat' dir='ltr'><strong>iusserat</strong></span> <span class='ocrx_word' id='word_1_173' title='bbox 288 2604 357 2667; x_wconf 89' lang='lat' dir='ltr'><strong>inde</strong></span> <span class='ocrx_word' id='word_1_174' title='bbox 379 2602 494 2685; x_wconf 85' lang='grc'><strong>133333,</strong></span> <span class='ocrx_word' id='word_1_175' title='bbox 516 2607 673 2686; x_wconf 89' lang='lat' dir='ltr'><strong>gentisque</strong></span> <span class='ocrx_word' id='word_1_176' title='bbox 695 2606 775 2669; x_wconf 89' lang='lat' dir='ltr'><strong>illius</strong></span> <span class='ocrx_word' id='word_1_177' title='bbox 797 2610 881 2669; x_wconf 87' lang='lat' dir='ltr'><strong>eunti</strong></span> 
     </span>
    </p>

    <p class='ocr_par' dir='ltr' id='par_1_23' title="bbox 6 2692 1034 2863">
     <span class='ocr_line' id='line_1_28' title="bbox 137 2692 1034 2778; baseline 0.003 -24"><span class='ocrx_word' id='word_1_178' title='bbox 137 2692 203 2773; x_wconf 89' lang='lat' dir='ltr'><strong>lpse</strong></span> <span class='ocrx_word' id='word_1_179' title='bbox 225 2693 333 2755; x_wconf 79' lang='lat' dir='ltr'><strong>ducem</strong></span> <span class='ocrx_word' id='word_1_180' title='bbox 356 2692 499 2755; x_wconf 88' lang='lat' dir='ltr'><strong>dederat.</strong></span> <span class='ocrx_word' id='word_1_181' title='bbox 527 2711 596 2755; x_wconf 83' lang='lat' dir='ltr'><strong>cum</strong></span> <span class='ocrx_word' id='word_1_182' title='bbox 618 2712 678 2774; x_wconf 89' lang='lat' dir='ltr'><strong>que</strong></span> <span class='ocrx_word' id='word_1_183' title='bbox 696 2694 766 2757; x_wconf 92' lang='lat' dir='ltr'><strong>dum</strong></span> <span class='ocrx_word' id='word_1_184' title='bbox 789 2713 899 2775; x_wconf 81' lang='lat' dir='ltr'><strong>pascua</strong></span> <span class='ocrx_word' id='word_1_185' title='bbox 922 2695 1034 2778; x_wconf 89' lang='lat' dir='ltr'><strong>lustro,</strong></span> 
     </span>
     <span class='ocr_line' id='line_1_29' title="bbox 6 2780 827 2863; baseline 0.007 -24"><span class='ocrx_word' id='word_1_186' title='bbox 6 2800 7 2807; x_wconf 48' lang='lat'>¹</span> <span class='ocrx_word' id='word_1_187' title='bbox 80 2780 214 2844; x_wconf 72' lang='grc'><strong>33313333</strong></span> <span class='ocrx_word' id='word_1_188' title='bbox 237 2780 304 2843; x_wconf 83' lang='lat' dir='ltr'><strong>lacu</strong></span> <span class='ocrx_word' id='word_1_189' title='bbox 327 2781 424 2843; x_wconf 88' lang='lat' dir='ltr'><strong>medlo</strong></span> <span class='ocrx_word' id='word_1_190' title='bbox 447 2799 601 2844; x_wconf 77' lang='lat' dir='ltr'><strong>sacrorum</strong></span> <span class='ocrx_word' id='word_1_191' title='bbox 624 2784 708 2863; x_wconf 84' lang='lat' dir='ltr'><strong>nigra</strong></span> <span class='ocrx_word' id='word_1_192' title='bbox 731 2783 827 2845; x_wconf 87' lang='lat' dir='ltr'><strong>favilla</strong></span> 
     </span>
    </p>

    <p class='ocr_par' dir='ltr' id='par_1_24' title="bbox 137 2869 950 2951">
     <span class='ocr_line' id='line_1_30' title="bbox 137 2869 950 2951; baseline 0.007 -21"><span class='ocrx_word' id='word_1_193' title='bbox 137 2871 193 2930; x_wconf 79' lang='lat' dir='ltr'><strong>ira</strong></span> <span class='ocrx_word' id='word_1_194' title='bbox 216 2877 303 2932; x_wconf 85' lang='lat' dir='ltr'><strong>vetus</strong></span> <span class='ocrx_word' id='word_1_195' title='bbox 323 2869 443 2951; x_wconf 87' lang='lat' dir='ltr'><strong>stabat,</strong></span> <span class='ocrx_word' id='word_1_196' title='bbox 465 2869 602 2932; x_wconf 80' lang='lat' dir='ltr'><strong>tremulis</strong></span> <span class='ocrx_word' id='word_1_197' title='bbox 626 2872 807 2934; x_wconf 77' lang='lat' dir='ltr'><strong>circumdata</strong></span> <span class='ocrx_word' id='word_1_198' title='bbox 830 2876 950 2936; x_wconf 78' lang='lat' dir='ltr'><strong>cannis.</strong></span> 
     </span>
    </p>

    <p class='ocr_par' dir='ltr' id='par_1_25' title="bbox 136 2953 973 3038">
     <span class='ocr_line' id='line_1_31' title="bbox 136 2953 973 3038; baseline 0.004 -19"><span class='ocrx_word' id='word_1_199' title='bbox 136 2956 280 3038; x_wconf 81' lang='lat' dir='ltr'><strong>Restitit,</strong></span> <span class='ocrx_word' id='word_1_200' title='bbox 302 2966 333 3019; x_wconf 87' lang='lat' dir='ltr'><strong>et</strong></span> <span class='ocrx_word' id='word_1_201' title='bbox 354 2958 459 3038; x_wconf 83' lang='lat' dir='ltr'><strong>pavido</strong></span> <span class='ocrx_word' id='word_1_202' title='bbox 483 2953 591 3020; x_wconf 73' lang='lat' dir='ltr'><strong>‘laneas</strong></span> <span class='ocrx_word' id='word_1_203' title='bbox 610 2956 699 3022; x_wconf 21' lang='lat' dir='ltr'><strong>‘mihi&#39;</strong></span> <span class='ocrx_word' id='word_1_204' title='bbox 721 2979 876 3023; x_wconf 89' lang='lat' dir='ltr'><strong>murmure</strong></span> <span class='ocrx_word' id='word_1_205' title='bbox 899 2961 973 3024; x_wconf 83' lang='lat' dir='ltr'><strong>dixit</strong></span> 
     </span>
    </p>

    <p class='ocr_par' dir='ltr' id='par_1_26' title="bbox 136 3043 993 3129">
     <span class='ocr_line' id='line_1_32' title="bbox 136 3043 993 3129; baseline 0.005 -22"><span class='ocrx_word' id='word_1_206' title='bbox 136 3044 200 3107; x_wconf 82' lang='lat' dir='ltr'><strong>llux</strong></span> <span class='ocrx_word' id='word_1_207' title='bbox 223 3063 331 3125; x_wconf 87' lang='lat' dir='ltr'><strong>meus;</strong></span> <span class='ocrx_word' id='word_1_208' title='bbox 353 3054 385 3108; x_wconf 91' lang='lat' dir='ltr'><strong>et</strong></span> <span class='ocrx_word' id='word_1_209' title='bbox 406 3045 495 3108; x_wconf 87' lang='lat' dir='ltr'><strong>simili</strong></span> <span class='ocrx_word' id='word_1_210' title='bbox 517 3043 639 3109; x_wconf 78' lang='lat' dir='ltr'><strong>‘laneas&#39;</strong></span> <span class='ocrx_word' id='word_1_211' title='bbox 662 3066 718 3129; x_wconf 88' lang='lat' dir='ltr'><strong>ego</strong></span> <span class='ocrx_word' id='word_1_212' title='bbox 739 3067 894 3111; x_wconf 87' lang='lat' dir='ltr'><strong>murmure</strong></span> <span class='ocrx_word' id='word_1_213' title='bbox 916 3048 993 3111; x_wconf 86' lang='lat' dir='ltr'><strong>dixi.</strong></span> 
     </span>
    </p>

    <p class='ocr_par' dir='ltr' id='par_1_27' title="bbox 81 3133 950 3307">
     <span class='ocr_line' id='line_1_33' title="bbox 137 3133 950 3219; baseline 0.005 -24"><span class='ocrx_word' id='word_1_214' title='bbox 137 3133 301 3215; x_wconf 81' lang='lat' dir='ltr'><strong>Naiadum,</strong></span> <span class='ocrx_word' id='word_1_215' title='bbox 323 3134 455 3197; x_wconf 73' lang='lat' dir='ltr'><strong>llauuine</strong></span> <span class='ocrx_word' id='word_1_216' title='bbox 479 3135 557 3196; x_wconf 87' lang='lat' dir='ltr'><strong>foret</strong></span> <span class='ocrx_word' id='word_1_217' title='bbox 579 3144 677 3198; x_wconf 86' lang='lat' dir='ltr'><strong>tamen</strong></span> <span class='ocrx_word' id='word_1_218' title='bbox 701 3155 774 3219; x_wconf 87' lang='lat' dir='ltr'><strong>ara,</strong></span> <span class='ocrx_word' id='word_1_219' title='bbox 795 3136 950 3219; x_wconf 82' lang='lat' dir='ltr'><strong>rogabam,</strong></span> 
     </span>
     <span class='ocr_line' id='line_1_34' title="bbox 81 3221 892 3307; baseline 0.014 -30"><span class='ocrx_word' id='word_1_220' title='bbox 81 3228 125 3282; x_wconf 86' lang='grc'><strong>333</strong></span> <span class='ocrx_word' id='word_1_221' title='bbox 137 3221 330 3302; x_wconf 74' lang='lat' dir='ltr'><strong>indigenaeve</strong></span> <span class='ocrx_word' id='word_1_222' title='bbox 352 3222 423 3285; x_wconf 89' lang='lat' dir='ltr'><strong>dei:</strong></span> <span class='ocrx_word' id='word_1_223' title='bbox 446 3241 515 3285; x_wconf 83' lang='lat' dir='ltr'><strong>eum</strong></span> <span class='ocrx_word' id='word_1_224' title='bbox 537 3222 606 3285; x_wconf 83' lang='lat' dir='ltr'><strong>talia</strong></span> <span class='ocrx_word' id='word_1_225' title='bbox 628 3224 744 3287; x_wconf 88' lang='lat' dir='ltr'><strong>rettulit</strong></span> <span class='ocrx_word' id='word_1_226' title='bbox 766 3225 892 3307; x_wconf 86' lang='lat' dir='ltr'><strong>hospes:</strong></span> 
     </span>
    </p>

    <p class='ocr_par' dir='ltr' id='par_1_28' title="bbox 138 3305 1055 3393">
     <span class='ocr_line' id='line_1_35' title="bbox 138 3305 1055 3393; baseline 0.003 -21"><span class='ocrx_word' id='word_1_227' title='bbox 138 3305 229 3372; x_wconf 76' lang='lat' dir='ltr'><strong>“lion</strong></span> <span class='ocrx_word' id='word_1_228' title='bbox 251 3311 307 3372; x_wconf 87' lang='grc'><strong>1333</strong></span> <span class='ocrx_word' id='word_1_229' title='bbox 319 3358 329 3392; x_wconf 83' lang='grc'><em>,</em></span> <span class='ocrx_word' id='word_1_230' title='bbox 350 3329 369 3372; x_wconf 91' lang='grc'><strong>3</strong></span> <span class='ocrx_word' id='word_1_231' title='bbox 391 3312 508 3374; x_wconf 78' lang='lat' dir='ltr'><strong>iuvenis</strong></span> <span class='ocrx_word' id='word_1_232' title='bbox 520 3358 530 3393; x_wconf 95' lang='lat'><strong>,</strong></span> <span class='ocrx_word' id='word_1_233' title='bbox 552 3322 726 3376; x_wconf 85' lang='lat' dir='ltr'><strong>montanum</strong></span> <span class='ocrx_word' id='word_1_234' title='bbox 740 3332 851 3377; x_wconf 88' lang='lat' dir='ltr'><strong>numen</strong></span> <span class='ocrx_word' id='word_1_235' title='bbox 864 3315 895 3376; x_wconf 92' lang='lat' dir='ltr'><strong>in</strong></span> <span class='ocrx_word' id='word_1_236' title='bbox 919 3331 968 3375; x_wconf 87' lang='lat' dir='ltr'><strong>ara</strong></span> <span class='ocrx_word' id='word_1_237' title='bbox 991 3322 1055 3376; x_wconf 90' lang='lat' dir='ltr'><strong>est.</strong></span> 
     </span>
    </p>

    <p class='ocr_par' dir='ltr' id='par_1_29' title="bbox 137 3397 1015 3483">
     <span class='ocr_line' id='line_1_36' title="bbox 137 3397 1015 3483; baseline 0.006 -24"><span class='ocrx_word' id='word_1_238' title='bbox 137 3397 185 3460; x_wconf 89' lang='lat' dir='ltr'><strong>illa</strong></span> <span class='ocrx_word' id='word_1_239' title='bbox 207 3416 293 3462; x_wconf 87' lang='lat' dir='ltr'><strong>suam</strong></span> <span class='ocrx_word' id='word_1_240' title='bbox 314 3409 400 3461; x_wconf 81' lang='lat' dir='ltr'><strong>voest</strong></span> <span class='ocrx_word' id='word_1_241' title='bbox 421 3398 516 3482; x_wconf 83' lang='lat' dir='ltr'><strong>hane,</strong></span> <span class='ocrx_word' id='word_1_242' title='bbox 538 3403 589 3464; x_wconf 80' lang='lat' dir='ltr'><strong>aul</strong></span> <span class='ocrx_word' id='word_1_243' title='bbox 611 3402 759 3481; x_wconf 86' lang='lat' dir='ltr'><strong>quendam</strong></span> <span class='ocrx_word' id='word_1_244' title='bbox 782 3403 863 3483; x_wconf 86' lang='lat' dir='ltr'><strong>regia</strong></span> <span class='ocrx_word' id='word_1_245' title='bbox 886 3404 1015 3465; x_wconf 80' lang='lat' dir='ltr'><strong>coniunx</strong></span> 
     </span>
    </p>

    <p class='ocr_par' dir='ltr' id='par_1_30' title="bbox 137 3485 851 3568">
     <span class='ocr_line' id='line_1_37' title="bbox 137 3485 851 3568; baseline 0.004 -20"><span class='ocrx_word' id='word_1_246' title='bbox 137 3485 213 3548; x_wconf 81' lang='lat' dir='ltr'><strong>Orbe</strong></span> <span class='ocrx_word' id='word_1_247' title='bbox 235 3486 411 3568; x_wconf 79' lang='lat' dir='ltr'><strong>interdixit3</strong></span> <span class='ocrx_word' id='word_1_248' title='bbox 433 3505 522 3567; x_wconf 89' lang='lat' dir='ltr'><strong>quam</strong></span> <span class='ocrx_word' id='word_1_249' title='bbox 545 3490 592 3550; x_wconf 84' lang='lat' dir='ltr'><strong>vix</strong></span> <span class='ocrx_word' id='word_1_250' title='bbox 615 3491 742 3553; x_wconf 83' lang='lat' dir='ltr'><strong>erratica</strong></span> <span class='ocrx_word' id='word_1_251' title='bbox 763 3489 851 3552; x_wconf 84' lang='grc'><strong>113133</strong></span> 
     </span>
    </p>

    <p class='ocr_par' dir='ltr' id='par_1_31' title="bbox 137 3572 970 3658">
     <span class='ocr_line' id='line_1_38' title="bbox 137 3572 970 3658; baseline 0.006 -22"><span class='ocrx_word' id='word_1_252' title='bbox 137 3572 293 3639; x_wconf 61' lang='lat' dir='ltr'><strong>&amp;nantem</strong></span> <span class='ocrx_word' id='word_1_253' title='bbox 314 3577 450 3658; x_wconf 83' lang='grc'><strong>3333313,</strong></span> <span class='ocrx_word' id='word_1_254' title='bbox 473 3583 538 3639; x_wconf 89' lang='lat' dir='ltr'><strong>tum</strong></span> <span class='ocrx_word' id='word_1_255' title='bbox 560 3594 629 3640; x_wconf 83' lang='lat' dir='ltr'><strong>cum</strong></span> <span class='ocrx_word' id='word_1_256' title='bbox 651 3578 724 3640; x_wconf 85' lang='grc'><strong>13313</strong></span> <span class='ocrx_word' id='word_1_257' title='bbox 746 3578 843 3642; x_wconf 88' lang='lat' dir='ltr'><strong>insula</strong></span> <span class='ocrx_word' id='word_1_258' title='bbox 865 3577 970 3641; x_wconf 84' lang='lat' dir='ltr'><strong>nabat.</strong></span> 
     </span>
    </p>
   </div>
   <div class='ocr_carea' id='block_1_3' title="bbox 804 3680 841 3735">
    <p class='ocr_par' dir='ltr' id='par_1_32' title="bbox 804 3680 841 3735">
     <span class='ocr_line' id='line_1_39' title="bbox 804 3680 841 3735; baseline 0 -23"><span class='ocrx_word' id='word_1_259' title='bbox 804 3680 841 3735; x_wconf 68' lang='grc'><strong>8*</strong></span> 
     </span>
    </p>
   </div>
   <div class='ocr_carea' id='block_1_4' title="bbox 0 0 1238 4042">
    <p class='ocr_par' dir='ltr' id='par_1_33' title="bbox 0 0 1238 4042">
     <span class='ocr_line' id='line_1_40' title="bbox 0 0 1238 4042; baseline 0 0"><span class='ocrx_word' id='word_1_260' title='bbox 0 0 1238 4042; x_wconf 95' lang='lat' dir='ltr'><strong> </strong></span> 
     </span>
    </p>
   </div>
  </div>
 </body>
</html>
