<?xml version="1.0" encoding="UTF-8"?>
<!DOCTYPE html PUBLIC "-//W3C//DTD XHTML 1.0 Transitional//EN"
    "http://www.w3.org/TR/xhtml1/DTD/xhtml1-transitional.dtd">
<html xmlns="http://www.w3.org/1999/xhtml" xml:lang="en" lang="en">
 <head>
  <title>
</title>
<meta http-equiv="Content-Type" content="text/html;charset=utf-8" />
  <meta name='ocr-system' content='tesseract 3.04.00' />
  <meta name='ocr-capabilities' content='ocr_page ocr_carea ocr_par ocr_line ocrx_word'/>
</head>
<body>
  <div class='ocr_page' id='page_1' title='image "./povidiusnaso00ehwagoog_0983.png"; bbox 0 0 2467 4042; ppageno 0'>
   <div class='ocr_carea' id='block_1_1' title="bbox 420 232 1069 297">
    <p class='ocr_par' dir='ltr' id='par_1_1' title="bbox 420 232 1069 297">
     <span class='ocr_line' id='line_1_1' title="bbox 420 232 1069 297; baseline 0.014 -9"><span class='ocrx_word' id='word_1_1' title='bbox 420 239 456 289; x_wconf 90' lang='lat'><strong>11.</strong></span> <span class='ocrx_word' id='word_1_2' title='bbox 475 240 710 291; x_wconf 70' lang='lat' dir='ltr'><strong>urmes-xm.</strong></span> <span class='ocrx_word' id='word_1_3' title='bbox 1007 232 1069 297; x_wconf 83' lang='lat'><strong>163</strong></span> 
     </span>
    </p>
   </div>
   <div class='ocr_carea' id='block_1_2' title="bbox 98 400 1070 3718">
    <p class='ocr_par' dir='ltr' id='par_1_2' title="bbox 101 400 1070 2060">
     <span class='ocr_line' id='line_1_2' title="bbox 194 400 939 479; baseline -0.001 -18"><span class='ocrx_word' id='word_1_4' title='bbox 194 400 350 461; x_wconf 82' lang='lat' dir='ltr'><strong>Diversum</strong></span> <span class='ocrx_word' id='word_1_5' title='bbox 374 401 507 479; x_wconf 90' lang='lat' dir='ltr'><strong>quamvis</strong></span> <span class='ocrx_word' id='word_1_6' title='bbox 530 402 657 478; x_wconf 91' lang='lat' dir='ltr'><strong>quisque</strong></span> <span class='ocrx_word' id='word_1_7' title='bbox 682 418 841 479; x_wconf 90' lang='lat' dir='ltr'><strong>sequamur</strong></span> <span class='ocrx_word' id='word_1_8' title='bbox 864 401 939 461; x_wconf 86' lang='lat' dir='ltr'><strong>iter:</strong></span> 
     </span>
     <span class='ocr_line' id='line_1_3' title="bbox 150 485 1069 569; baseline -0.002 -20"><span class='ocrx_word' id='word_1_9' title='bbox 150 487 285 559; x_wconf 85' lang='lat' dir='ltr'><strong>Quarum</strong></span> <span class='ocrx_word' id='word_1_10' title='bbox 313 496 343 549; x_wconf 91' lang='lat' dir='ltr'><strong>te</strong></span> <span class='ocrx_word' id='word_1_11' title='bbox 371 505 554 568; x_wconf 86' lang='lat' dir='ltr'><strong>memorem,</strong></span> <span class='ocrx_word' id='word_1_12' title='bbox 579 505 757 567; x_wconf 88' lang='lat' dir='ltr'><strong>quamquam</strong></span> <span class='ocrx_word' id='word_1_13' title='bbox 779 487 885 568; x_wconf 83' lang='lat' dir='ltr'><strong>procul</strong></span> <span class='ocrx_word' id='word_1_14' title='bbox 910 485 1069 569; x_wconf 87' lang='lat' dir='ltr'><strong>absumus,</strong></span> 
     </span>
     <span class='ocr_line' id='line_1_4' title="bbox 699 593 764 635; baseline 0 0"><span class='ocrx_word' id='word_1_15' title='bbox 699 593 764 635; x_wconf 89' lang='lat' dir='ltr'><strong>esse</strong></span> 
     </span>
     <span class='ocr_line' id='line_1_5' title="bbox 102 662 864 743; baseline -0.001 -19"><span class='ocrx_word' id='word_1_16' title='bbox 102 675 136 725; x_wconf 78' lang='lat'><strong>20</strong></span> <span class='ocrx_word' id='word_1_17' title='bbox 196 662 360 743; x_wconf 85' lang='lat' dir='ltr'><strong>Suspicor,</strong></span> <span class='ocrx_word' id='word_1_18' title='bbox 384 671 415 724; x_wconf 91' lang='lat' dir='ltr'><strong>et</strong></span> <span class='ocrx_word' id='word_1_19' title='bbox 437 681 523 724; x_wconf 87' lang='lat' dir='ltr'><strong>casus</strong></span> <span class='ocrx_word' id='word_1_20' title='bbox 547 662 621 724; x_wconf 90' lang='lat' dir='ltr'><strong>velle</strong></span> <span class='ocrx_word' id='word_1_21' title='bbox 644 662 741 724; x_wconf 86' lang='lat' dir='ltr'><strong>levare</strong></span> <span class='ocrx_word' id='word_1_22' title='bbox 765 681 864 723; x_wconf 92' lang='lat' dir='ltr'><strong>meos.</strong></span> 
     </span>
     <span class='ocr_line' id='line_1_6' title="bbox 150 749 952 831; baseline 0.002 -21"><span class='ocrx_word' id='word_1_23' title='bbox 150 749 191 811; x_wconf 88' lang='lat' dir='ltr'><strong>Te</strong></span> <span class='ocrx_word' id='word_1_24' title='bbox 215 751 291 812; x_wconf 79' lang='lat' dir='ltr'><strong>derce</strong></span> <span class='ocrx_word' id='word_1_25' title='bbox 314 751 483 830; x_wconf 87' lang='lat' dir='ltr'><strong>magnificas</strong></span> <span class='ocrx_word' id='word_1_26' title='bbox 506 751 592 811; x_wconf 76' lang='lat' dir='ltr'><strong>Asiae</strong></span> <span class='ocrx_word' id='word_1_27' title='bbox 614 752 821 831; x_wconf 83' lang='lat' dir='ltr'><strong>perspeximus</strong></span> <span class='ocrx_word' id='word_1_28' title='bbox 844 749 952 812; x_wconf 72' lang='lat' dir='ltr'><strong>turbes:</strong></span> 
     </span>
     <span class='ocr_line' id='line_1_7' title="bbox 194 836 892 899; baseline 0.001 -2"><span class='ocrx_word' id='word_1_29' title='bbox 194 836 345 899; x_wconf 81' lang='lat' dir='ltr'><strong>Trinacris</strong></span> <span class='ocrx_word' id='word_1_30' title='bbox 369 846 414 899; x_wconf 90' lang='lat' dir='ltr'><strong>est</strong></span> <span class='ocrx_word' id='word_1_31' title='bbox 437 839 532 899; x_wconf 72' lang='lat' dir='ltr'><strong>occulis</strong></span> <span class='ocrx_word' id='word_1_32' title='bbox 556 847 585 899; x_wconf 89' lang='lat' dir='ltr'><strong>te</strong></span> <span class='ocrx_word' id='word_1_33' title='bbox 609 839 684 899; x_wconf 92' lang='lat' dir='ltr'><strong>duce</strong></span> <span class='ocrx_word' id='word_1_34' title='bbox 708 847 777 899; x_wconf 86' lang='lat' dir='ltr'><strong>nuta</strong></span> <span class='ocrx_word' id='word_1_35' title='bbox 800 840 892 898; x_wconf 90' lang='lat' dir='ltr'><strong>meis.</strong></span> 
     </span>
     <span class='ocr_line' id='line_1_8' title="bbox 152 925 958 1005; baseline 0 -20"><span class='ocrx_word' id='word_1_36' title='bbox 152 925 282 987; x_wconf 88' lang='lat' dir='ltr'><strong>Vidimus</strong></span> <span class='ocrx_word' id='word_1_37' title='bbox 305 926 434 987; x_wconf 77' lang='lat' dir='ltr'><strong>Aetnaea</strong></span> <span class='ocrx_word' id='word_1_38' title='bbox 458 926 572 986; x_wconf 92' lang='lat' dir='ltr'><strong>caelum</strong></span> <span class='ocrx_word' id='word_1_39' title='bbox 595 926 802 1005; x_wconf 83' lang='lat' dir='ltr'><strong>splendescere</strong></span> <span class='ocrx_word' id='word_1_40' title='bbox 825 926 958 1005; x_wconf 87' lang='lat' dir='ltr'><strong>flamma,</strong></span> 
     </span>
     <span class='ocr_line' id='line_1_9' title="bbox 196 1013 936 1093; baseline -0.001 -20"><span class='ocrx_word' id='word_1_41' title='bbox 196 1013 375 1092; x_wconf 81' lang='lat' dir='ltr'><strong>subpositus</strong></span> <span class='ocrx_word' id='word_1_42' title='bbox 400 1017 493 1074; x_wconf 87' lang='lat' dir='ltr'><strong>munti</strong></span> <span class='ocrx_word' id='word_1_43' title='bbox 516 1032 604 1093; x_wconf 92' lang='lat' dir='ltr'><strong>quam</strong></span> <span class='ocrx_word' id='word_1_44' title='bbox 628 1016 792 1075; x_wconf 81' lang='lat' dir='ltr'><strong>numitore</strong></span> <span class='ocrx_word' id='word_1_45' title='bbox 816 1016 936 1092; x_wconf 84' lang='lat' dir='ltr'><strong>gigans:</strong></span> 
     </span>
     <span class='ocr_line' id='line_1_10' title="bbox 101 1101 911 1182; baseline -0.004 -19"><span class='ocrx_word' id='word_1_46' title='bbox 101 1113 134 1163; x_wconf 78' lang='lat'><strong>25</strong></span> <span class='ocrx_word' id='word_1_47' title='bbox 149 1101 365 1181; x_wconf 83' lang='lat' dir='ltr'><strong>Hennaeosque</strong></span> <span class='ocrx_word' id='word_1_48' title='bbox 388 1102 470 1162; x_wconf 91' lang='lat' dir='ltr'><strong>lacus</strong></span> <span class='ocrx_word' id='word_1_49' title='bbox 493 1110 524 1162; x_wconf 89' lang='lat' dir='ltr'><strong>et</strong></span> <span class='ocrx_word' id='word_1_50' title='bbox 547 1101 654 1162; x_wconf 91' lang='lat' dir='ltr'><strong>olentis</strong></span> <span class='ocrx_word' id='word_1_51' title='bbox 678 1110 780 1180; x_wconf 87' lang='lat' dir='ltr'><strong>stagna</strong></span> <span class='ocrx_word' id='word_1_52' title='bbox 802 1101 911 1182; x_wconf 82' lang='lat' dir='ltr'><strong>Palici,</strong></span> 
     </span>
     <span class='ocr_line' id='line_1_11' title="bbox 194 1189 944 1269; baseline -0.001 -19"><span class='ocrx_word' id='word_1_53' title='bbox 194 1189 317 1269; x_wconf 87' lang='lat' dir='ltr'><strong>Quaque</strong></span> <span class='ocrx_word' id='word_1_54' title='bbox 342 1192 404 1250; x_wconf 89' lang='lat' dir='ltr'><strong>suis</strong></span> <span class='ocrx_word' id='word_1_55' title='bbox 428 1189 546 1269; x_wconf 84' lang='lat' dir='ltr'><strong>Cyanen</strong></span> <span class='ocrx_word' id='word_1_56' title='bbox 570 1191 676 1250; x_wconf 89' lang='lat' dir='ltr'><strong>miscet</strong></span> <span class='ocrx_word' id='word_1_57' title='bbox 698 1189 819 1269; x_wconf 77' lang='lat' dir='ltr'><strong>Anapus</strong></span> <span class='ocrx_word' id='word_1_58' title='bbox 842 1191 944 1268; x_wconf 91' lang='lat' dir='ltr'><strong>aquis.</strong></span> 
     </span>
     <span class='ocr_line' id='line_1_12' title="bbox 148 1276 1003 1359; baseline 0 -22"><span class='ocrx_word' id='word_1_59' title='bbox 148 1276 210 1337; x_wconf 87' lang='lat' dir='ltr'><strong>Nec</strong></span> <span class='ocrx_word' id='word_1_60' title='bbox 237 1278 342 1357; x_wconf 89' lang='lat' dir='ltr'><strong>procul</strong></span> <span class='ocrx_word' id='word_1_61' title='bbox 365 1278 436 1338; x_wconf 91' lang='lat' dir='ltr'><strong>hinc</strong></span> <span class='ocrx_word' id='word_1_62' title='bbox 459 1276 587 1357; x_wconf 81' lang='lat' dir='ltr'><strong>nympha</strong></span> <span class='ocrx_word' id='word_1_63' title='bbox 610 1285 679 1359; x_wconf 86' lang='lat' dir='ltr'><strong>est,</strong></span> <span class='ocrx_word' id='word_1_64' title='bbox 707 1296 803 1359; x_wconf 85' lang='lat' dir='ltr'><strong>quae,</strong></span> <span class='ocrx_word' id='word_1_65' title='bbox 831 1277 901 1337; x_wconf 95' lang='lat' dir='ltr'><strong>dum</strong></span> <span class='ocrx_word' id='word_1_66' title='bbox 928 1278 1003 1355; x_wconf 86' lang='lat' dir='ltr'><strong>lugit</strong></span> 
     </span>
     <span class='ocr_line' id='line_1_13' title="bbox 515 1364 947 1447; baseline 0.019 -29"><span class='ocrx_word' id='word_1_67' title='bbox 515 1414 517 1418; x_wconf 81' lang='grc'>,</span> <span class='ocrx_word' id='word_1_68' title='bbox 698 1364 790 1425; x_wconf 84' lang='lat' dir='ltr'><strong>Elidis</strong></span> <span class='ocrx_word' id='word_1_69' title='bbox 814 1383 947 1447; x_wconf 82' lang='lat' dir='ltr'><strong>amnem,</strong></span> 
     </span>
     <span class='ocr_line' id='line_1_14' title="bbox 194 1452 1011 1531; baseline 0 -18"><span class='ocrx_word' id='word_1_70' title='bbox 194 1452 285 1513; x_wconf 85' lang='lat' dir='ltr'><strong>Tecta</strong></span> <span class='ocrx_word' id='word_1_71' title='bbox 309 1452 364 1513; x_wconf 91' lang='lat' dir='ltr'><strong>suh</strong></span> <span class='ocrx_word' id='word_1_72' title='bbox 388 1470 534 1531; x_wconf 87' lang='lat' dir='ltr'><strong>aequorea</strong></span> <span class='ocrx_word' id='word_1_73' title='bbox 557 1470 637 1513; x_wconf 93' lang='lat' dir='ltr'><strong>nunc</strong></span> <span class='ocrx_word' id='word_1_74' title='bbox 661 1471 779 1531; x_wconf 89' lang='lat' dir='ltr'><strong>quoque</strong></span> <span class='ocrx_word' id='word_1_75' title='bbox 803 1455 898 1513; x_wconf 88' lang='lat' dir='ltr'><strong>currit</strong></span> <span class='ocrx_word' id='word_1_76' title='bbox 920 1471 1011 1531; x_wconf 88' lang='lat' dir='ltr'><strong>aqua.</strong></span> 
     </span>
     <span class='ocr_line' id='line_1_15' title="bbox 150 1537 989 1621; baseline 0.004 -22"><span class='ocrx_word' id='word_1_77' title='bbox 150 1537 205 1600; x_wconf 89' lang='lat' dir='ltr'><strong>llic</strong></span> <span class='ocrx_word' id='word_1_78' title='bbox 228 1541 301 1600; x_wconf 92' lang='lat' dir='ltr'><strong>mihi</strong></span> <span class='ocrx_word' id='word_1_79' title='bbox 323 1539 449 1601; x_wconf 88' lang='lat' dir='ltr'><strong>labentis</strong></span> <span class='ocrx_word' id='word_1_80' title='bbox 472 1559 541 1621; x_wconf 88' lang='lat' dir='ltr'><strong>pars</strong></span> <span class='ocrx_word' id='word_1_81' title='bbox 565 1543 635 1601; x_wconf 90' lang='lat' dir='ltr'><strong>anni</strong></span> <span class='ocrx_word' id='word_1_82' title='bbox 657 1558 761 1620; x_wconf 90' lang='lat' dir='ltr'><strong>magna</strong></span> <span class='ocrx_word' id='word_1_83' title='bbox 784 1547 904 1620; x_wconf 89' lang='lat' dir='ltr'><strong>peracta</strong></span> <span class='ocrx_word' id='word_1_84' title='bbox 927 1549 989 1602; x_wconf 86' lang='lat' dir='ltr'><strong>est.</strong></span> 
     </span>
     <span class='ocr_line' id='line_1_16' title="bbox 102 1626 910 1708; baseline -0.002 -19"><span class='ocrx_word' id='word_1_85' title='bbox 102 1640 136 1689; x_wconf 84' lang='lat'><strong>30</strong></span> <span class='ocrx_word' id='word_1_86' title='bbox 194 1626 297 1689; x_wconf 85' lang='lat' dir='ltr'><strong>Eheu!</strong></span> <span class='ocrx_word' id='word_1_87' title='bbox 325 1646 414 1707; x_wconf 89' lang='lat' dir='ltr'><strong>quam</strong></span> <span class='ocrx_word' id='word_1_88' title='bbox 437 1628 536 1708; x_wconf 88' lang='lat' dir='ltr'><strong>dispar</strong></span> <span class='ocrx_word' id='word_1_89' title='bbox 560 1637 606 1690; x_wconf 92' lang='lat' dir='ltr'><strong>est</strong></span> <span class='ocrx_word' id='word_1_90' title='bbox 628 1627 712 1690; x_wconf 90' lang='lat' dir='ltr'><strong>locus</strong></span> <span class='ocrx_word' id='word_1_91' title='bbox 735 1628 784 1689; x_wconf 92' lang='lat' dir='ltr'><strong>ille</strong></span> <span class='ocrx_word' id='word_1_92' title='bbox 808 1626 910 1688; x_wconf 87' lang='lat' dir='ltr'><strong>Getisl</strong></span> 
     </span>
     <span class='ocr_line' id='line_1_17' title="bbox 149 1714 1070 1797; baseline -0.001 -21"><span class='ocrx_word' id='word_1_93' title='bbox 149 1714 187 1776; x_wconf 86' lang='lat' dir='ltr'><strong>Et</strong></span> <span class='ocrx_word' id='word_1_94' title='bbox 211 1723 300 1795; x_wconf 87' lang='lat' dir='ltr'><strong>quota</strong></span> <span class='ocrx_word' id='word_1_95' title='bbox 318 1734 388 1794; x_wconf 90' lang='lat' dir='ltr'><strong>pars</strong></span> <span class='ocrx_word' id='word_1_96' title='bbox 408 1715 480 1777; x_wconf 89' lang='lat' dir='ltr'><strong>haee</strong></span> <span class='ocrx_word' id='word_1_97' title='bbox 498 1724 569 1777; x_wconf 77' lang='lat' dir='ltr'><strong>suant</strong></span> <span class='ocrx_word' id='word_1_98' title='bbox 586 1735 711 1797; x_wconf 86' lang='lat' dir='ltr'><strong>rerum,</strong></span> <span class='ocrx_word' id='word_1_99' title='bbox 731 1734 804 1797; x_wconf 93' lang='lat' dir='ltr'><strong>quas</strong></span> <span class='ocrx_word' id='word_1_100' title='bbox 823 1715 949 1777; x_wconf 86' lang='lat' dir='ltr'><strong>vidimus</strong></span> <span class='ocrx_word' id='word_1_101' title='bbox 968 1714 1070 1796; x_wconf 87' lang='lat' dir='ltr'><strong>amhn,</strong></span> 
     </span>
     <span class='ocr_line' id='line_1_18' title="bbox 195 1802 773 1866; baseline 0.003 -2"><span class='ocrx_word' id='word_1_102' title='bbox 195 1802 237 1864; x_wconf 82' lang='lat' dir='ltr'><strong>&#39;l&#39;e</strong></span> <span class='ocrx_word' id='word_1_103' title='bbox 261 1803 333 1864; x_wconf 90' lang='lat' dir='ltr'><strong>mihi</strong></span> <span class='ocrx_word' id='word_1_104' title='bbox 355 1804 500 1865; x_wconf 91' lang='lat' dir='ltr'><strong>iucundas</strong></span> <span class='ocrx_word' id='word_1_105' title='bbox 523 1805 672 1865; x_wconf 83' lang='lat' dir='ltr'><strong>efficiente</strong></span> <span class='ocrx_word' id='word_1_106' title='bbox 695 1803 773 1866; x_wconf 85' lang='lat' dir='ltr'><strong>vias!</strong></span> 
     </span>
     <span class='ocr_line' id='line_1_19' title="bbox 151 1891 910 1975; baseline 0 -23"><span class='ocrx_word' id='word_1_107' title='bbox 151 1891 211 1953; x_wconf 90' lang='lat' dir='ltr'><strong>Seu</strong></span> <span class='ocrx_word' id='word_1_108' title='bbox 234 1899 298 1953; x_wconf 90' lang='lat' dir='ltr'><strong>rate</strong></span> <span class='ocrx_word' id='word_1_109' title='bbox 321 1893 472 1953; x_wconf 90' lang='lat' dir='ltr'><strong>caeruleas</strong></span> <span class='ocrx_word' id='word_1_110' title='bbox 495 1895 574 1970; x_wconf 92' lang='lat' dir='ltr'><strong>pieta</strong></span> <span class='ocrx_word' id='word_1_111' title='bbox 597 1892 776 1954; x_wconf 87' lang='lat' dir='ltr'><strong>sulcavimus</strong></span> <span class='ocrx_word' id='word_1_112' title='bbox 799 1891 910 1975; x_wconf 80' lang='lat' dir='ltr'><strong>undas,</strong></span> 
     </span>
     <span class='ocr_line' id='line_1_20' title="bbox 194 1977 785 2060; baseline 0.007 -21"><span class='ocrx_word' id='word_1_113' title='bbox 194 1977 306 2041; x_wconf 85' lang='lat' dir='ltr'><strong>Esseda</strong></span> <span class='ocrx_word' id='word_1_114' title='bbox 329 1999 384 2041; x_wconf 86' lang='lat' dir='ltr'><strong>nus</strong></span> <span class='ocrx_word' id='word_1_115' title='bbox 407 1980 475 2060; x_wconf 91' lang='lat' dir='ltr'><strong>agili</strong></span> <span class='ocrx_word' id='word_1_116' title='bbox 498 1982 559 2041; x_wconf 91' lang='lat' dir='ltr'><strong>sive</strong></span> <span class='ocrx_word' id='word_1_117' title='bbox 583 1980 679 2042; x_wconf 91' lang='lat' dir='ltr'><strong>tulere</strong></span> <span class='ocrx_word' id='word_1_118' title='bbox 702 1989 785 2043; x_wconf 89' lang='lat' dir='ltr'><strong>ruta:</strong></span> 
     </span>
    </p>

    <p class='ocr_par' dir='ltr' id='par_1_3' title="bbox 101 2067 1027 2327">
     <span class='ocr_line' id='line_1_21' title="bbox 101 2067 949 2149; baseline 0 -20"><span class='ocrx_word' id='word_1_119' title='bbox 101 2079 134 2130; x_wconf 85' lang='lat'><strong>35</strong></span> <span class='ocrx_word' id='word_1_120' title='bbox 150 2067 244 2147; x_wconf 87' lang='lat' dir='ltr'><strong>Saepe</strong></span> <span class='ocrx_word' id='word_1_121' title='bbox 268 2067 367 2129; x_wconf 87' lang='lat' dir='ltr'><strong>brevis</strong></span> <span class='ocrx_word' id='word_1_122' title='bbox 390 2068 477 2129; x_wconf 88' lang='lat' dir='ltr'><strong>nubis</strong></span> <span class='ocrx_word' id='word_1_123' title='bbox 500 2067 615 2129; x_wconf 89' lang='lat' dir='ltr'><strong>vicibus</strong></span> <span class='ocrx_word' id='word_1_124' title='bbox 638 2070 684 2128; x_wconf 90' lang='lat' dir='ltr'><strong>via</strong></span> <span class='ocrx_word' id='word_1_125' title='bbox 707 2071 768 2130; x_wconf 90' lang='lat' dir='ltr'><strong>visa</strong></span> <span class='ocrx_word' id='word_1_126' title='bbox 791 2068 949 2149; x_wconf 85' lang='lat' dir='ltr'><strong>loquendi:</strong></span> 
     </span>
     <span class='ocr_line' id='line_1_22' title="bbox 192 2155 952 2237; baseline 0 -21"><span class='ocrx_word' id='word_1_127' title='bbox 192 2155 363 2237; x_wconf 89' lang='lat' dir='ltr'><strong>Pluraque,</strong></span> <span class='ocrx_word' id='word_1_128' title='bbox 386 2158 414 2217; x_wconf 92' lang='lat' dir='ltr'><strong>si</strong></span> <span class='ocrx_word' id='word_1_129' title='bbox 435 2173 598 2236; x_wconf 83' lang='lat' dir='ltr'><strong>numeres,</strong></span> <span class='ocrx_word' id='word_1_130' title='bbox 622 2156 711 2218; x_wconf 87' lang='lat' dir='ltr'><strong>verba</strong></span> <span class='ocrx_word' id='word_1_131' title='bbox 733 2158 818 2218; x_wconf 82' lang='lat' dir='ltr'><strong>fuere</strong></span> <span class='ocrx_word' id='word_1_132' title='bbox 841 2157 952 2236; x_wconf 89' lang='lat' dir='ltr'><strong>gradu.</strong></span> 
     </span>
     <span class='ocr_line' id='line_1_23' title="bbox 150 2242 1027 2327; baseline 0 -23"><span class='ocrx_word' id='word_1_133' title='bbox 150 2242 243 2322; x_wconf 86' lang='lat' dir='ltr'><strong>Saepe</strong></span> <span class='ocrx_word' id='word_1_134' title='bbox 268 2244 331 2305; x_wconf 93' lang='lat' dir='ltr'><strong>dies</strong></span> <span class='ocrx_word' id='word_1_135' title='bbox 355 2262 492 2306; x_wconf 84' lang='lat' dir='ltr'><strong>sermone</strong></span> <span class='ocrx_word' id='word_1_136' title='bbox 515 2247 613 2305; x_wconf 89' lang='lat' dir='ltr'><strong>minor</strong></span> <span class='ocrx_word' id='word_1_137' title='bbox 636 2245 711 2327; x_wconf 79' lang='lat' dir='ltr'><strong>iuit5</strong></span> <span class='ocrx_word' id='word_1_138' title='bbox 733 2247 824 2323; x_wconf 93' lang='lat' dir='ltr'><strong>inque</strong></span> <span class='ocrx_word' id='word_1_139' title='bbox 847 2244 1027 2325; x_wconf 93' lang='lat' dir='ltr'><strong>loquendum</strong></span> 
     </span>
    </p>

    <p class='ocr_par' dir='ltr' id='par_1_4' title="bbox 98 2331 1069 3718">
     <span class='ocr_line' id='line_1_24' title="bbox 193 2331 834 2411; baseline 0.002 -19"><span class='ocrx_word' id='word_1_140' title='bbox 193 2331 289 2392; x_wconf 85' lang='lat' dir='ltr'><strong>&#39;larda</strong></span> <span class='ocrx_word' id='word_1_141' title='bbox 312 2350 366 2411; x_wconf 92' lang='lat' dir='ltr'><strong>per</strong></span> <span class='ocrx_word' id='word_1_142' title='bbox 389 2335 516 2393; x_wconf 91' lang='lat' dir='ltr'><strong>aestivos</strong></span> <span class='ocrx_word' id='word_1_143' title='bbox 540 2331 635 2393; x_wconf 88' lang='lat' dir='ltr'><strong>deluit</strong></span> <span class='ocrx_word' id='word_1_144' title='bbox 657 2331 730 2392; x_wconf 87' lang='lat' dir='ltr'><strong>hera</strong></span> <span class='ocrx_word' id='word_1_145' title='bbox 753 2333 834 2394; x_wconf 84' lang='lat' dir='ltr'><strong>dies.</strong></span> 
     </span>
     <span class='ocr_line' id='line_1_25' title="bbox 149 2416 1069 2503; baseline -0.005 -23"><span class='ocrx_word' id='word_1_146' title='bbox 149 2416 203 2481; x_wconf 81' lang='lat' dir='ltr'><strong>Est</strong></span> <span class='ocrx_word' id='word_1_147' title='bbox 226 2421 358 2501; x_wconf 88' lang='lat' dir='ltr'><strong>aliquid,</strong></span> <span class='ocrx_word' id='word_1_148' title='bbox 382 2439 469 2481; x_wconf 91' lang='lat' dir='ltr'><strong>casus</strong></span> <span class='ocrx_word' id='word_1_149' title='bbox 491 2423 604 2499; x_wconf 83' lang='lat' dir='ltr'><strong>pariter</strong></span> <span class='ocrx_word' id='word_1_150' title='bbox 627 2422 763 2482; x_wconf 88' lang='lat' dir='ltr'><strong>timuisse</strong></span> <span class='ocrx_word' id='word_1_151' title='bbox 785 2422 936 2503; x_wconf 80' lang='lat' dir='ltr'><strong>marinus,</strong></span> <span class='ocrx_word' id='word_1_152' title='bbox 1025 2432 1069 2486; x_wconf 81' lang='lat' dir='ltr'><strong>(rc)</strong></span> 
     </span>
     <span class='ocr_line' id='line_1_26' title="bbox 102 2507 935 2587; baseline 0.004 -20"><span class='ocrx_word' id='word_1_153' title='bbox 102 2520 137 2568; x_wconf 86' lang='grc' dir='ltr'><strong>4ο</strong></span> <span class='ocrx_word' id='word_1_154' title='bbox 196 2507 359 2587; x_wconf 84' lang='lat' dir='ltr'><strong>Iunctaque</strong></span> <span class='ocrx_word' id='word_1_155' title='bbox 382 2508 418 2569; x_wconf 94' lang='lat' dir='ltr'><strong>ad</strong></span> <span class='ocrx_word' id='word_1_156' title='bbox 442 2527 606 2587; x_wconf 86' lang='lat' dir='ltr'><strong>aequoreus</strong></span> <span class='ocrx_word' id='word_1_157' title='bbox 630 2518 695 2569; x_wconf 85' lang='lat' dir='ltr'><strong>ruta</strong></span> <span class='ocrx_word' id='word_1_158' title='bbox 718 2508 822 2570; x_wconf 92' lang='lat' dir='ltr'><strong>tulisse</strong></span> <span class='ocrx_word' id='word_1_159' title='bbox 845 2508 935 2570; x_wconf 87' lang='lat' dir='ltr'><strong>dens:</strong></span> 
     </span>
     <span class='ocr_line' id='line_1_27' title="bbox 148 2594 1002 2678; baseline 0.002 -22"><span class='ocrx_word' id='word_1_160' title='bbox 148 2594 187 2658; x_wconf 87' lang='lat' dir='ltr'><strong>Et</strong></span> <span class='ocrx_word' id='word_1_161' title='bbox 209 2596 296 2656; x_wconf 89' lang='lat' dir='ltr'><strong>modo</strong></span> <span class='ocrx_word' id='word_1_162' title='bbox 319 2614 369 2657; x_wconf 91' lang='lat' dir='ltr'><strong>res</strong></span> <span class='ocrx_word' id='word_1_163' title='bbox 392 2599 488 2675; x_wconf 85' lang='lat' dir='ltr'><strong>egisse</strong></span> <span class='ocrx_word' id='word_1_164' title='bbox 512 2596 622 2678; x_wconf 87' lang='lat' dir='ltr'><strong>simul,</strong></span> <span class='ocrx_word' id='word_1_165' title='bbox 646 2598 732 2657; x_wconf 88' lang='lat' dir='ltr'><strong>modu</strong></span> <span class='ocrx_word' id='word_1_166' title='bbox 755 2615 861 2658; x_wconf 90' lang='lat' dir='ltr'><strong>rursus</strong></span> <span class='ocrx_word' id='word_1_167' title='bbox 885 2596 921 2657; x_wconf 91' lang='lat' dir='ltr'><strong>ab</strong></span> <span class='ocrx_word' id='word_1_168' title='bbox 944 2595 1002 2658; x_wconf 89' lang='lat' dir='ltr'><strong>illis</strong></span> 
     </span>
     <span class='ocr_line' id='line_1_28' title="bbox 194 2683 935 2765; baseline 0.003 -21"><span class='ocrx_word' id='word_1_169' title='bbox 194 2683 327 2755; x_wconf 83' lang='lat' dir='ltr'><strong>Quorum</strong></span> <span class='ocrx_word' id='word_1_170' title='bbox 351 2703 411 2746; x_wconf 89' lang='lat' dir='ltr'><strong>nnn</strong></span> <span class='ocrx_word' id='word_1_171' title='bbox 433 2686 565 2765; x_wconf 89' lang='lat' dir='ltr'><strong>pudeat,</strong></span> <span class='ocrx_word' id='word_1_172' title='bbox 588 2702 677 2764; x_wconf 89' lang='lat' dir='ltr'><strong>posse</strong></span> <span class='ocrx_word' id='word_1_173' title='bbox 699 2687 813 2746; x_wconf 81' lang='lat' dir='ltr'><strong>referre</strong></span> <span class='ocrx_word' id='word_1_174' title='bbox 836 2688 935 2746; x_wconf 87' lang='lat' dir='ltr'><strong>iocos.</strong></span> 
     </span>
     <span class='ocr_line' id='line_1_29' title="bbox 147 2771 1068 2855; baseline 0.001 -21"><span class='ocrx_word' id='word_1_175' title='bbox 147 2771 227 2835; x_wconf 89' lang='lat' dir='ltr'><strong>llaec</strong></span> <span class='ocrx_word' id='word_1_176' title='bbox 250 2773 305 2834; x_wconf 87' lang='lat' dir='ltr'><strong>tibi</strong></span> <span class='ocrx_word' id='word_1_177' title='bbox 329 2792 397 2834; x_wconf 90' lang='lat' dir='ltr'><strong>cum</strong></span> <span class='ocrx_word' id='word_1_178' title='bbox 421 2773 569 2853; x_wconf 90' lang='lat' dir='ltr'><strong>subeant,</strong></span> <span class='ocrx_word' id='word_1_179' title='bbox 592 2773 686 2834; x_wconf 87' lang='lat' dir='ltr'><strong>absim</strong></span> <span class='ocrx_word' id='word_1_180' title='bbox 709 2773 799 2855; x_wconf 83' lang='lat' dir='ltr'><strong>licet,</strong></span> <span class='ocrx_word' id='word_1_181' title='bbox 823 2772 960 2835; x_wconf 90' lang='lat' dir='ltr'><strong>omnihus</strong></span> <span class='ocrx_word' id='word_1_182' title='bbox 982 2776 1068 2836; x_wconf 88' lang='lat' dir='ltr'><strong>annis</strong></span> 
     </span>
     <span class='ocr_line' id='line_1_30' title="bbox 192 2861 895 2943; baseline 0 -20"><span class='ocrx_word' id='word_1_183' title='bbox 192 2862 267 2923; x_wconf 79' lang='lat' dir='ltr'><strong>Ante</strong></span> <span class='ocrx_word' id='word_1_184' title='bbox 290 2870 359 2923; x_wconf 90' lang='lat' dir='ltr'><strong>tuns</strong></span> <span class='ocrx_word' id='word_1_185' title='bbox 382 2861 485 2923; x_wconf 86' lang='lat' dir='ltr'><strong>oeulos</strong></span> <span class='ocrx_word' id='word_1_186' title='bbox 498 2908 507 2943; x_wconf 87' lang='lat'>,</span> <span class='ocrx_word' id='word_1_187' title='bbox 530 2870 565 2922; x_wconf 93' lang='lat' dir='ltr'><strong>ut</strong></span> <span class='ocrx_word' id='word_1_188' title='bbox 588 2861 674 2923; x_wconf 86' lang='lat' dir='ltr'><strong>mado</strong></span> <span class='ocrx_word' id='word_1_189' title='bbox 699 2865 780 2923; x_wconf 86' lang='lat' dir='ltr'><strong>visus</strong></span> <span class='ocrx_word' id='word_1_190' title='bbox 793 2910 802 2942; x_wconf 90' lang='lat'><strong><em>,</em></strong></span> <span class='ocrx_word' id='word_1_191' title='bbox 826 2881 895 2924; x_wconf 89' lang='lat' dir='ltr'><strong>eru.</strong></span> 
     </span>
     <span class='ocr_line' id='line_1_31' title="bbox 98 2948 1019 3031; baseline 0 -22"><span class='ocrx_word' id='word_1_192' title='bbox 98 2961 133 3012; x_wconf 82' lang='lat'><strong>45</strong></span> <span class='ocrx_word' id='word_1_193' title='bbox 147 2948 214 3030; x_wconf 94' lang='lat' dir='ltr'><strong>lpse</strong></span> <span class='ocrx_word' id='word_1_194' title='bbox 237 2950 375 3028; x_wconf 88' lang='lat' dir='ltr'><strong>equidem</strong></span> <span class='ocrx_word' id='word_1_195' title='bbox 400 2959 481 3012; x_wconf 92' lang='lat' dir='ltr'><strong>certe</strong></span> <span class='ocrx_word' id='word_1_196' title='bbox 505 2967 573 3011; x_wconf 91' lang='lat' dir='ltr'><strong>cum</strong></span> <span class='ocrx_word' id='word_1_197' title='bbox 596 2953 652 3011; x_wconf 86' lang='lat' dir='ltr'><strong>sim</strong></span> <span class='ocrx_word' id='word_1_198' title='bbox 675 2949 732 3011; x_wconf 88' lang='lat' dir='ltr'><strong>suh</strong></span> <span class='ocrx_word' id='word_1_199' title='bbox 755 2951 875 3011; x_wconf 90' lang='lat' dir='ltr'><strong>cardine</strong></span> <span class='ocrx_word' id='word_1_200' title='bbox 899 2948 1019 3031; x_wconf 89' lang='lat' dir='ltr'><strong>mundi,</strong></span> 
     </span>
     <span class='ocr_line' id='line_1_32' title="bbox 193 3037 875 3117; baseline -0.001 -20"><span class='ocrx_word' id='word_1_201' title='bbox 193 3037 251 3109; x_wconf 87' lang='lat' dir='ltr'><strong>Qui</strong></span> <span class='ocrx_word' id='word_1_202' title='bbox 275 3056 392 3116; x_wconf 87' lang='lat' dir='ltr'><strong>semper</strong></span> <span class='ocrx_word' id='word_1_203' title='bbox 415 3038 535 3116; x_wconf 90' lang='lat' dir='ltr'><strong>liquidis</strong></span> <span class='ocrx_word' id='word_1_204' title='bbox 559 3037 646 3098; x_wconf 88' lang='lat' dir='ltr'><strong>altior</strong></span> <span class='ocrx_word' id='word_1_205' title='bbox 670 3046 750 3098; x_wconf 73' lang='lat' dir='ltr'><strong>extat</strong></span> <span class='ocrx_word' id='word_1_206' title='bbox 772 3040 875 3117; x_wconf 86' lang='lat' dir='ltr'><strong>aquis,</strong></span> 
     </span>
     <span class='ocr_line' id='line_1_33' title="bbox 148 3122 931 3204; baseline -0.003 -19"><span class='ocrx_word' id='word_1_207' title='bbox 148 3124 191 3185; x_wconf 79' lang='lat' dir='ltr'><strong>&#39;le</strong></span> <span class='ocrx_word' id='word_1_208' title='bbox 215 3134 313 3185; x_wconf 87' lang='lat' dir='ltr'><strong>tamen</strong></span> <span class='ocrx_word' id='word_1_209' title='bbox 336 3129 455 3186; x_wconf 91' lang='lat' dir='ltr'><strong>intueor</strong></span> <span class='ocrx_word' id='word_1_210' title='bbox 479 3142 538 3204; x_wconf 90' lang='lat' dir='ltr'><strong>quo</strong></span> <span class='ocrx_word' id='word_1_211' title='bbox 561 3122 624 3183; x_wconf 91' lang='lat' dir='ltr'><strong>solo</strong></span> <span class='ocrx_word' id='word_1_212' title='bbox 647 3133 768 3203; x_wconf 85' lang='lat' dir='ltr'><strong>pectore</strong></span> <span class='ocrx_word' id='word_1_213' title='bbox 791 3140 931 3204; x_wconf 86' lang='lat' dir='ltr'><strong>possum,</strong></span> 
     </span>
     <span class='ocr_line' id='line_1_34' title="bbox 193 3209 885 3290; baseline 0 -19"><span class='ocrx_word' id='word_1_214' title='bbox 193 3211 231 3272; x_wconf 84' lang='lat' dir='ltr'><strong>Et</strong></span> <span class='ocrx_word' id='word_1_215' title='bbox 254 3219 353 3273; x_wconf 86' lang='lat' dir='ltr'><strong>tecum</strong></span> <span class='ocrx_word' id='word_1_216' title='bbox 376 3212 472 3290; x_wconf 88' lang='lat' dir='ltr'><strong>gelido</strong></span> <span class='ocrx_word' id='word_1_217' title='bbox 496 3229 584 3290; x_wconf 90' lang='lat' dir='ltr'><strong>saepe</strong></span> <span class='ocrx_word' id='word_1_218' title='bbox 608 3209 664 3271; x_wconf 88' lang='lat' dir='ltr'><strong>suh</strong></span> <span class='ocrx_word' id='word_1_219' title='bbox 687 3229 740 3272; x_wconf 80' lang='lat' dir='ltr'><strong>axe</strong></span> <span class='ocrx_word' id='word_1_220' title='bbox 763 3210 885 3290; x_wconf 88' lang='lat' dir='ltr'><strong>loquor.</strong></span> 
     </span>
     <span class='ocr_line' id='line_1_35' title="bbox 148 3297 1025 3381; baseline -0.002 -20"><span class='ocrx_word' id='word_1_221' title='bbox 148 3300 202 3361; x_wconf 87' lang='lat' dir='ltr'><strong>llic</strong></span> <span class='ocrx_word' id='word_1_222' title='bbox 226 3318 281 3381; x_wconf 88' lang='lat' dir='ltr'><strong>es,</strong></span> <span class='ocrx_word' id='word_1_223' title='bbox 304 3308 334 3361; x_wconf 93' lang='lat' dir='ltr'><strong>et</strong></span> <span class='ocrx_word' id='word_1_224' title='bbox 355 3302 497 3380; x_wconf 88' lang='lat' dir='ltr'><strong>ignoras;</strong></span> <span class='ocrx_word' id='word_1_225' title='bbox 520 3307 550 3360; x_wconf 91' lang='lat' dir='ltr'><strong>et</strong></span> <span class='ocrx_word' id='word_1_226' title='bbox 573 3298 643 3359; x_wconf 87' lang='lat' dir='ltr'><strong>ades</strong></span> <span class='ocrx_word' id='word_1_227' title='bbox 666 3297 877 3360; x_wconf 88' lang='lat' dir='ltr'><strong>celeberrimus</strong></span> <span class='ocrx_word' id='word_1_228' title='bbox 901 3297 1025 3359; x_wconf 87' lang='lat' dir='ltr'><strong>absens:</strong></span> 
     </span>
     <span class='ocr_line' id='line_1_36' title="bbox 100 3384 925 3467; baseline -0.005 -16"><span class='ocrx_word' id='word_1_229' title='bbox 100 3401 134 3451; x_wconf 78' lang='lat' dir='ltr'><strong>au</strong></span> <span class='ocrx_word' id='word_1_230' title='bbox 193 3387 286 3467; x_wconf 90' lang='lat' dir='ltr'><strong>Inque</strong></span> <span class='ocrx_word' id='word_1_231' title='bbox 310 3388 397 3449; x_wconf 84' lang='lat' dir='ltr'><strong>Getas</strong></span> <span class='ocrx_word' id='word_1_232' title='bbox 421 3387 517 3448; x_wconf 89' lang='lat' dir='ltr'><strong>media</strong></span> <span class='ocrx_word' id='word_1_233' title='bbox 539 3389 640 3447; x_wconf 87' lang='lat' dir='ltr'><strong>iussus</strong></span> <span class='ocrx_word' id='word_1_234' title='bbox 663 3385 700 3448; x_wconf 89' lang='lat' dir='ltr'><strong>ab</strong></span> <span class='ocrx_word' id='word_1_235' title='bbox 723 3384 802 3447; x_wconf 90' lang='lat' dir='ltr'><strong>Urbe</strong></span> <span class='ocrx_word' id='word_1_236' title='bbox 825 3387 925 3447; x_wconf 87' lang='lat' dir='ltr'><strong>venis.</strong></span> 
     </span>
     <span class='ocr_line' id='line_1_37' title="bbox 147 3473 1035 3557; baseline -0.003 -20"><span class='ocrx_word' id='word_1_237' title='bbox 147 3476 248 3538; x_wconf 85' lang='lat' dir='ltr'><strong>Redde</strong></span> <span class='ocrx_word' id='word_1_238' title='bbox 272 3478 367 3538; x_wconf 84' lang='lat' dir='ltr'><strong>vicem</strong></span> <span class='ocrx_word' id='word_1_239' title='bbox 379 3523 389 3556; x_wconf 88' lang='lat'>,</span> <span class='ocrx_word' id='word_1_240' title='bbox 413 3484 465 3557; x_wconf 83' lang='lat' dir='ltr'><strong>et,</strong></span> <span class='ocrx_word' id='word_1_241' title='bbox 488 3477 633 3554; x_wconf 88' lang='lat' dir='ltr'><strong>quoniam</strong></span> <span class='ocrx_word' id='word_1_242' title='bbox 650 3477 732 3554; x_wconf 90' lang='lat' dir='ltr'><strong>regio</strong></span> <span class='ocrx_word' id='word_1_243' title='bbox 756 3473 871 3535; x_wconf 84' lang='lat' dir='ltr'><strong>felicior</strong></span> <span class='ocrx_word' id='word_1_244' title='bbox 892 3476 949 3536; x_wconf 89' lang='lat' dir='ltr'><strong>ista</strong></span> <span class='ocrx_word' id='word_1_245' title='bbox 972 3481 1035 3553; x_wconf 90' lang='lat' dir='ltr'><strong>est,</strong></span> 
     </span>
     <span class='ocr_line' id='line_1_38' title="bbox 191 3562 871 3645; baseline -0.003 -20"><span class='ocrx_word' id='word_1_246' title='bbox 191 3564 261 3626; x_wconf 88' lang='lat' dir='ltr'><strong>lstic</strong></span> <span class='ocrx_word' id='word_1_247' title='bbox 284 3583 332 3626; x_wconf 90' lang='lat' dir='ltr'><strong>me</strong></span> <span class='ocrx_word' id='word_1_248' title='bbox 355 3565 481 3627; x_wconf 86' lang='lat' dir='ltr'><strong>memori</strong></span> <span class='ocrx_word' id='word_1_249' title='bbox 503 3574 624 3645; x_wconf 83' lang='lat' dir='ltr'><strong>pectore</strong></span> <span class='ocrx_word' id='word_1_250' title='bbox 647 3581 765 3643; x_wconf 87' lang='lat' dir='ltr'><strong>semper</strong></span> <span class='ocrx_word' id='word_1_251' title='bbox 787 3562 871 3624; x_wconf 88' lang='lat' dir='ltr'><strong>habe.</strong></span> 
     </span>
     <span class='ocr_line' id='line_1_39' title="bbox 853 3662 906 3718; baseline 0 0"><span class='ocrx_word' id='word_1_252' title='bbox 853 3662 906 3718; x_wconf 83' lang='lat'><strong>11*</strong></span> 
     </span>
    </p>
   </div>
   <div class='ocr_carea' id='block_1_3' title="bbox 0 0 1238 4042">
    <p class='ocr_par' dir='ltr' id='par_1_5' title="bbox 0 0 1238 4042">
     <span class='ocr_line' id='line_1_40' title="bbox 0 0 1238 4042; baseline 0 0"><span class='ocrx_word' id='word_1_253' title='bbox 0 0 1238 4042; x_wconf 95' lang='lat' dir='ltr'><strong> </strong></span> 
     </span>
    </p>
   </div>
  </div>
 </body>
</html>
