2467 4042
156 285 217 352 182
513 287 654 349 ARTIS
676 287 815 349 ΑΜΑΤ.

239 438 352 500 Gnosis
366 439 397 499 in
412 437 523 513 ignotis
538 453 644 499 amens
658 439 780 500 errabat
794 440 925 514 harenis,

281 524 346 598 Qua
359 522 464 583 brevis
479 523 645 597 aequoreis
661 522 719 583 Dia
733 523 838 584 lenitur
851 525 950 600 aquis.

238 607 339 684 thue
354 613 419 666 erut
433 621 451 665 5
466 622 574 666 somno
589 606 692 667 tunica
708 608 809 667 velata
823 608 964 680 recincta,

176 702 227 754 535
281 690 368 751 Nuda
383 691 508 764 pedem,
533 705 661 751 croceas
676 691 836 766 inreligata
849 707 963 765 comas,

237 776 357 835 Thesea
372 774 527 835 crudelem
542 774 653 835 surdas
670 775 821 835 clamabat
836 776 876 836 ad
891 775 999 847 undas,

280 858 409 934 Indigno
427 865 548 918 teneras
564 858 661 918 imbre
674 859 792 934 rigante
807 875 913 934 genas.

238 942 406 1017 Clamabat,
430 941 585 1016 flebatque
599 941 697 1002 simul.
721 944 779 1003 sed
793 950 955 1019 utrumqm
970 942 1118 1007 decebat

279 1027 346 1088 Noa
362 1027 442 1086 lacta
456 1033 504 1087 est
517 1024 651 1086 lacrimis
665 1027 782 1102 turpior
795 1027 847 1087 illa
861 1028 937 1089 suis.

174 1121 225 1177 555
246 1112 372 1186 lamque
385 1111 493 1170 iterum
507 1110 640 1172 tundens
654 1110 833 1171 mollissima
852 1118 976 1187 pectora
991 1111 1107 1185 palmis

283 1194 435 1256 ‘Perfidus
451 1195 501 1254 ille
515 1194 599 1256 abiit.
623 1194 697 1270 quid
714 1194 787 1254 mihi
802 1195 886 1256 lieti’
908 1197 959 1257 ait

238 1279 330 1355 ‘Quid
344 1279 417 1338 mihi
432 1278 515 1338 deti’
537 1277 589 1338 ait.
611 1286 782 1341 sonuerunt
796 1280 937 1356 cymbala
950 1283 1014 1340 toto

280 1364 407 1437 littore,
431 1368 461 1422 et
474 1363 611 1423 adtonita
625 1369 773 1441 tympana
787 1364 877 1439 pulsa
891 1378 990 1424 manu.

239 1447 359 1508 Excidit
372 1446 423 1506 illa
436 1453 532 1521 metu,
554 1447 697 1522 rupitque
711 1446 881 1508 novissima
895 1446 999 1507 verba.

174 1543 227 1596 515
278 1532 383 1591 Nullus
400 1531 430 1591 ia
445 1529 577 1591 exanimi
592 1546 724 1606 corpore
739 1531 864 1606 sanguis
879 1536 953 1591 erat

238 1616 318 1676 11555
332 1614 557 1675 Mimallonides
572 1615 692 1691 sparsis
708 1614 738 1675 in
753 1621 838 1691 terga
852 1613 987 1690 capillisz

280 1699 361 1759 ilaue
378 1702 463 1760 loves
478 1700 588 1776 satyri,
610 1699 736 1775 praevia
750 1698 838 1760 turba
852 1697 917 1759 dein

240 1782 364 1858 Ebrius,
387 1798 474 1856 ecce,
499 1799 594 1845 senex
609 1784 713 1859 pando
728 1782 851 1845 Silenus
866 1783 962 1843 asello

280 1867 341 1927 Vix
357 1868 459 1939 sedet,
481 1874 512 1928 et
525 1883 652 1942 pressas
670 1869 805 1928 continet
818 1873 888 1927 ante
901 1864 1000 1926 iubas.

174 1953 314 2016 54511515
330 1952 469 2027 sequitur
482 1951 633 2026 bacchas,
655 1952 791 2012 bacchae
806 1950 984 2026 fugiuntque
998 1956 1185 2026 petuntque

281 2036 516 2112 Quadrupedem
532 2036 628 2096 lerata
645 2035 718 2096 dum
732 2037 831 2096 malus
846 2040 955 2111 urguet
968 2048 1078 2109 eques,

218 2178 221 2181 ,
239 2120 270 2180 ln
286 2128 378 2196 caput
391 2119 490 2182 aurito
508 2119 618 2180 cecidit
633 2120 780 2195 delapsus
796 2119 908 2180 asello=

281 2204 454 2265 clamarunt
468 2204 566 2282 satyri
582 2205 774 2280 ε55135535,
793 2219 901 2279 surge,
921 2203 1029 2278 pater!

240 2289 302 2348 lam
316 2290 394 2350 deus
408 2288 439 2348 in
455 2304 559 2362 curru,
583 2303 675 2363 quem
689 2304 838 2348 summum
852 2292 972 2349 texerat
986 2285 1065 2359 uvis,

172 2382 226 2437 555
276 2372 416 2449 Tigribus
431 2372 582 2433 adiunctis
597 2387 691 2433 aurea
707 2373 774 2432 lora
788 2369 889 2431 dabat

237 2457 275 2518 ht
289 2458 376 2518 color
389 2462 419 2518 51
430 2457 569 2518 Theseus
583 2462 613 2517 51
627 2472 692 2516 vox
707 2456 810 2516 abiere
824 2455 960 2531 puellam

280 2543 398 2616 Terque
413 2543 516 2615 lugam
532 2540 632 2616 petiit,
654 2546 762 2614 terque
775 2545 893 2601 retenta
906 2544 989 2599 metu
1003 2543 1060 2599 est

238 2625 375 2700 Horruit,
396 2632 428 2687 ut
442 2623 553 2687 sterilis
579 2625 672 2701 agitat
687 2640 764 2699 quas
777 2629 887 2684 ventus
902 2622 1023 2696 aristus,

244 2727 249 2740 ’
281 2710 321 2772 Ut
334 2709 411 2770 levis
426 2710 456 2768 in
471 2708 595 2769 madida
610 2724 708 2768 canna
723 2709 836 2784 palude
853 2706 960 2767 tremit.

177 2795 291 2859 tuscul
306 2794 384 2856 dens
399 2798 466 2867 ‘em
486 2793 596 2853 adsum
610 2792 664 2855 tibi
679 2809 752 2853 cura
769 2791 900 2852 tidelior’
915 2788 1028 2867 inquit=
1057 2846 1060 2852 ,

282 2879 377 2939 ‘Pone
391 2886 518 2939 metum:
540 2877 668 2949 Bacchi,
689 2876 836 2947 Gnosias,
857 2891 938 2936 uxor
953 2873 1023 2935 eris.

239 2964 351 3025 Munus
365 2962 447 3024 haba
462 2962 589 3022 caelum.
611 2963 697 3022 caelo
712 2958 893 3037 spectabere
908 2958 1003 3019 sidus.

282 3047 382 3123 Saepe
396 3054 482 3122 reget
497 3045 620 3109 dubiam
635 3045 746 3107 Cressa
761 3043 881 3105 Corona
894 3044 1012 3104 ratem!

239 3132 335 3208 Dixit,
358 3140 388 3193 et
403 3146 421 3192 5
434 3147 540 3206 curru,
564 3146 602 3190 ne
617 3129 711 3205 tigres
725 3129 776 3188 illa
790 3128 916 3202 timeret,

177 3226 227 3279 555
278 3215 396 3277 Desilit.
417 3215 550 3292 inposito
566 3214 661 3275 cessit
674 3214 790 3273 harena
803 3212 891 3289 pedi:

240 3300 481 3376 Implicitamque
495 3298 594 3359 sinu...
610 3313 711 3373 nequa
725 3296 804 3359 enim
821 3311 958 3372 pugnare
972 3294 1127 3356 valebat..

282 3385 424 3446 Abstulit.
446 3384 476 3442 in
494 3382 574 3443 155111
589 3382 751 3442 estomnia
768 3396 863 3456 posse
878 3380 949 3440 deo.

240 3469 314 3529 Pars
326 3469 527 3546 ‘Hymenaee’
540 3473 660 3540 canunt,
674 3481 744 3541 pars
755 3462 1020 3535 clamantEuhion,
1034 3462 1165 3526 ‘euboea

283 3550 335 3612 Sic
350 3557 461 3612 coeunt
476 3566 564 3610 sacro
580 3556 674 3623 nupta
690 3549 828 3623 deusque
843 3554 920 3607 toro.
