2467 4042
449 209 673 281 V,²08-281.
770 231 931 270 memmae
1023 216 1067 281 95

56 389 117 439 245
134 377 272 440 Exerces
294 376 419 460 odium
441 396 497 440 neo
519 379 621 459 iniqua
643 378 711 441 llnls
732 381 764 441 in
786 381 830 442 ira
854 389 917 444 est.

133 466 296 529 Detrectas
318 469 408 529 etiam
431 466 571 550 laudem,
592 468 750 547 fictamque
773 468 912 531 Medusae

134 556 252 635 Arguis
275 573 342 618 esse
364 573 492 619 necem.
520 552 668 618 ‘dabimus
691 556 745 617 tihi
766 559 889 637 pignera
912 561 991 622 veri.

132 643 258 706 Parcite
280 643 444 706 luminibus
457 640 478 706 l'
500 644 630 706 Perseus
653 647 694 707 sit
706 693 716 727 ,
738 663 850 726 oraque
873 649 952 728 regis
982 662 1005 702 t.
1019 661 1066 702 tvi.

135 732 201 794 Ore
225 732 384 796 Medusaeo
408 733 522 794 silicem
546 736 610 795 sine
633 736 777 814 sangulne
800 735 889 799 lecit.

55 831 115 883 250
183 819 336 884 Hactenus
359 822 517 902 aurigenae
540 824 680 884 comitem
702 822 835 885 Tritonia
858 824 942 887 iratrl

62 978 69 985 ‚
134 909 178 972 Se
202 910 307 973 dedit.
335 909 405 971 inde
429 928 498 973 cara
520 911 702 973 circumdata
726 909 805 973 nube
830 911 976 994 Seriphon

133 998 281 1080 Deserit,
304 1017 320 1060 a
344 998 447 1061 dextra
470 999 585 1079 Cythno
609 999 765 1080 Gyaroque
788 1001 920 1083 relictis,

136 1087 266 1166 Quaque
290 1105 382 1168 super
404 1095 529 1168 pontum
552 1091 598 1150 via
621 1091 682 1149 risa
705 1088 901 1173 brevissima,
923 1089 1039 1153 Thebas

133 1175 375 1256 virgineumque
397 1175 539 1238 Hehoona
561 1180 659 1258 petit.
688 1195 747 1257 quo
770 1187 870 1240 monte
893 1182 986 1259 potita

58 1275 117 1325 255
132 1263 280 1327 Constitit
292 1313 302 1346 ,
325 1272 357 1327 et
378 1263 481 1327 doctas
504 1268 548 1327 sic
571 1276 618 1327 est
640 1267 725 1328 allata
748 1283 886 1329 sorores:

137 1350 242 1415 ‘Fama
266 1355 335 1414 nori
358 1354 449 1415 loutis
471 1362 590 1416 nostras
613 1357 750 1435 pervenit
773 1355 808 1416 ad
832 1373 937 1440 aures,

136 1442 222 1505 Dura
243 1440 395 1504 Medusaei
418 1460 508 1522 quem
529 1446 680 1524 praepetis
702 1443 812 1523 ungula
834 1447 932 1525 rupit.

135 1531 166 1592 ls
191 1530 266 1592 mihi
289 1533 486 1593 causariae.
513 1531 593 1593 volui
615 1531 750 1594 mirahlle
774 1533 884 1594 lactum

137 1619 296 1682 Cernere.
324 1620 383 1680 ridi
406 1621 505 1700 ipsum
527 1629 662 1683 materno
686 1622 829 1701 sanguino
852 1617 964 1683 nasci!

63 1720 122 1769 too
136 1707 261 1789 Excipit
283 1706 392 1769 Uranie
417 1705 634 1789 ‘quaecumque
658 1719 704 1771 est
726 1728 815 1772 eausa
837 1709 954 1771 videndi

134 1795 202 1858 llas
223 1794 301 1877 tihi,
323 1796 411 1876 dira,
434 1796 561 1881 domos,
584 1801 681 1860 animo
705 1800 870 1879 gratissima
893 1807 1012 1861 nostro.

136 1885 218 1947 Vera
241 1892 339 1947 tamen
363 1886 439 1946 larua
459 1895 508 1948 est
520 1934 530 1968 ,
553 1895 583 1947 et
604 1886 736 1967 Pegasus
759 1887 848 1949 huius
867 1889 949 1967 origo

134 1968 255 2035 Fontis'
274 1982 306 2035 et
328 1973 363 2035 ad
386 1973 488 2036 latices
512 1974 635 2037 deduxit
657 1974 773 2037 Pallada
796 1993 914 2039 sacros.

136 2062 224 2134 Quae
247 2064 353 2123 mirata
371 2061 422 2124 diu
446 2064 537 2125 lactas
555 2064 639 2144 pedis
662 2064 772 2126 ictibus
794 2064 907 2147 undas,

67 2164 121 2212 aee
139 2150 290 2213 Silvarum
314 2151 397 2213 lucos
421 2152 624 2233 circumspicit
646 2156 836 2233 antiquarum
843 2200 854 2236 ,

136 2242 291 2319 Antraque
316 2247 346 2301 et
365 2242 533 2302 innumeris
556 2242 709 2304 distinctas
732 2241 856 2303 llorlhus
879 2240 1003 2305 herhas:

136 2327 315 2408 Felicesque
338 2337 423 2390 vocat
445 2331 558 2409 pariter
579 2329 739 2410 studioque
762 2330 887 2410 locoque

136 2415 365 2479 Mnemonidas.
393 2435 482 2498 mam
504 2420 548 2479 sic
571 2420 657 2481 allata
680 2427 726 2481 est
749 2437 808 2481 una
831 2436 985 2482 sororum:

138 2503 202 2587 ‘0,
224 2506 283 2567 nisi
305 2513 335 2568 te
359 2507 454 2569 virtus
473 2524 563 2586 opera
586 2508 622 2569 ad
646 2510 757 2569 maiora
779 2506 915 2590 tulisset,

67 2606 122 2657 ato
137 2594 175 2655 lu
197 2602 313 2674 partem
336 2603 460 2657 ventura
485 2595 568 2657 chori
590 2594 726 2658 Tritonia
748 2598 862 2679 nostri,

137 2680 215 2743 Vera
238 2684 357 2766 refers,
380 2687 545 2764 meritoque
568 2684 677 2766 prohas
701 2693 839 2765 artesque
862 2685 1039 2766 locumque:

138 2769 180 2832 tn
201 2779 315 2850 gratam
338 2780 473 2854 sortem,
495 2781 577 2835 tutae
600 2774 688 2836 modo
712 2776 829 2856 simus,
850 2772 1011 2836 habemus.

139 2858 199 2920 Sed
215 2891 258 2904 -
272 2861 396 2923 vetitum
414 2869 461 2922 est
479 2861 552 2923 adeo
567 2862 673 2924 sceleri
694 2862 767 2925 nihil
783 2895 822 2907 —
839 2866 936 2925 omnIa
951 2871 1065 2924 terrent

137 2946 294 3027 Virgineus
316 2957 455 3032 mentes,
478 2950 621 3030 dirusque
645 2959 712 3012 ante
736 2969 788 3013 ora
810 2950 963 3032 Pyreneus

77 3042 130 3093 275
139 3034 296 3119 Vertitur,
320 3047 350 3099 et
372 3038 504 3100 nondum
527 3047 588 3100 tota
611 3058 660 3101 me
682 3048 781 3102 mente
805 3042 923 3120 recepi.

139 3123 263 3187 Daulida
285 3125 424 3188 Threicio
447 3125 623 3207 Phoceaque
647 3128 739 3190 milite
763 3146 833 3190 rura

138 3213 338 3294 capessente
363 3215 468 3297 leros,
491 3217 659 3296 iniustaque
683 3234 774 3297 regna
797 3214 935 3278 tenebat.

139 3301 262 3383 ‘l'empla
284 3302 460 3383 petebamus
482 3304 645 3368 Parnasia:
667 3306 741 3367 vidit
763 3313 886 3389 euntes,

140 3389 308 3471 Nostraque
332 3391 427 3453 lallaci
450 3402 608 3456 veneratus
631 3396 752 3456 numina
775 3393 859 3456 uultu

71 3490 125 3542 2⁸0
140 3473 368 3542 “llnemonides
380 3476 403 3562 ,'
427 3489 568 3561 cognorat
591 3485 693 3565 enlm,
717 3477 883 3544 ‘consistite
897 3477 918 3564 ,'
941 3482 1015 3544 dixit

140 3562 214 3631 ‘Neo
227 3565 378 3653 dubitate,
391 3587 517 3653 precor,
531 3579 610 3632 tecto
625 3589 712 3651 grave
727 3570 810 3633 sidus
824 3578 855 3632 et
867 3566 1005 3633 lmhrem’
1021 3603 1061 3615 —-
