2467 4042
987 239 1081 300 XXIII

70 403 257 480 imperatoris
280 402 433 479 accipitur,
455 403 504 463 cui
525 403 558 461 in
575 421 665 463 curru
682 403 859 479 triumphali
877 405 993 481 effigies
1010 424 1077 481 pro·

70 492 182 552 vinciae
201 491 313 551 affabre
330 491 413 552 facta
431 491 586 567 supposita
598 491 666 567 fuit,
685 492 769 551 velut
787 492 916 569 legimus
931 493 1020 554 Trist.
1035 493 1079 552 IV

71 583 160 641 1143
191 579 328 641 Crinibus
354 582 449 654 fertur
477 578 638 640 (inmunia
658 583 772 655 passis,
804 582 846 640 Et
872 583 954 642 ducis
980 584 1080 642 incuti

68 672 121 730 cub
148 670 223 743 pede
253 672 364 729 maesta
394 669 479 735 sedo,
512 667 597 728 Pont.
626 667 657 726 Π
684 680 747 728 vm
776 671 831 743 39,
863 668 909 728 III
936 683 974 730 1v
1008 673 1078 731 107.

68 758 134 835 ipsa
165 760 268 816 tamen
298 757 391 816 verba
422 756 461 814 ad
496 755 676 815 locutionem
706 755 866 833 figuratam
898 761 1079 834 competunt,

69 864 160 924 quam
186 845 332 920 praebent
358 844 443 904 Fasti
471 843 487 902 Ι
516 847 577 905 701
611 845 735 918 ratpoto
765 848 873 905 catorio
898 847 1081 920 Iampridem

68 934 530 1008 sairocubpedebellaiocent
554 934 628 1008 645,
652 931 1003 1011 Trist.111x1148‚1v
1017 938 1077 994 112

69 1022 246 1084 damonibus
274 1020 435 1082 domania
459 1020 542 1082 Victa
569 1025 653 1095 potes
683 1023 757 1093 fleto
783 1024 966 1089 montuoso
989 1041 1079 1098 pmcn

68 1113 121 1172 ubi
144 1129 233 1187 quem
256 1107 417 1169 admodum
441 1107 590 1177 domares,
615 1108 727 1169 Caesar
748 1114 874 1183 utaque,
897 1114 1080 1184 acironense

71 1199 213 1261 Caesareo
240 1200 294 1259 sub
320 1201 588 1258 miserescunt
608 1200 830 1275 nuncupantur,
858 1199 952 1258 etiam
975 1198 1081 1259 Gaesa-

72 1305 154 1348 rcum
170 1288 276 1361 pedem
296 1285 490 1362 interpretari
512 1287 609 1361 possis
632 1286 669 1344 de
691 1285 800 1345 militia
823 1287 955 1362 Augusti
978 1292 1009 1347 ot
1032 1288 1080 1348 Ti-

70 1376 159 1450 berii,
188 1375 263 1433 adeo
286 1372 467 1449 Germanici,
496 1374 547 1451 qui
575 1374 656 1433 bello
679 1374 848 1434 Pannonico
876 1376 955 1435 dona
976 1377 1081 1435 trium-

70 1464 172 1540 pbalia
203 1461 321 1521 meruit.
376 1461 489 1520 Tiberii
521 1465 551 1521 et
580 1462 712 1538 Augusti
740 1463 830 1538 paulo
867 1466 937 1524 ante
973 1465 1079 1523 trium·

70 1553 164 1628 phnm
186 1567 309 1624 emaum
331 1553 378 1610 ius
400 1553 432 1609 iu
449 1552 610 1623 mononis
628 1552 848 1624 comumque
866 1555 901 1612 nt
919 1555 1006 1627 esset,
1031 1553 1080 1611 de·

70 1643 186 1701 cretum
209 1640 370 1699 secundum
389 1637 541 1696 Velleium
558 1638 589 1697 II
610 1641 682 1699 121.
736 1638 780 1699 ita
802 1640 872 1713 Ipse
889 1640 939 1700 vix
956 1641 1080 1700 habebit

72 1730 149 1788 unde
179 1728 315 1804 pendeat.
371 1726 572 1802 triumphasse
604 1726 758 1786 Tiberium
790 1730 920 1805 consini,
953 1731 985 1787 et
1012 1730 1080 1788 sub·

71 1818 168 1894 egisse
190 1816 311 1892 Illyrios
334 1815 465 1875 testatur
483 1814 615 1874 Velleius
634 1814 666 1873 II
685 1817 725 1875 39
746 1818 874 1875 et123:
897 1816 1081 1891 triumphum

70 1906 107 1964 de
134 1904 171 1964 iis
194 1906 294 1963 actum
320 1922 467 1982 nusquam
494 1904 619 1979 reperio.
673 1903 767 1978 Ipsius
796 1904 942 1980 triumphi
969 1906 1082 1965 recenti

71 1992 216 2053 memoria
238 1992 424 2068 auspicatum
447 1994 478 2051 et
500 1996 601 2066 aptum
618 1994 755 2065 precibus
773 1997 884 2066 ternpus
901 1993 993 2053 fuisse
1012 2012 1080 2053 con-

71 2084 247 2142 sentaneum
265 2083 325 2156 est3
349 2080 401 2140 sed
419 2099 495 2156 quae
510 2080 547 2140 de
561 2080 686 2140 devictis
700 2080 760 2139 illis
774 2081 914 2157 gentibus
933 2081 1081 2157 dicuntur,

70 2174 139 2230 acta
166 2172 253 2229 erant
278 2169 398 2228 biennio
425 2171 479 2228 aut
506 2168 634 2228 triennio
658 2170 741 2244 ante,
769 2172 871 2229 secuta
893 2172 960 2228 crat
981 2169 1081 2229 clades

71 2259 214 2334 Variana,
229 2256 347 2316 deinde
375 2256 523 2333 expeditio
546 2256 724 2317 Germanica
751 2256 886 2334 aliaeque
913 2275 962 2317 res
989 2275 1008 2317 a
1031 2258 1080 2317 Ti·

71 2347 156 2405 borio
174 2347 286 2423 gestae.
341 2363 377 2403 oa
391 2345 416 2404 si
429 2347 745 2421 commemorarentur,
768 2345 938 2421 triumphus
953 2345 1081 2422 demum,

72 2434 123 2510 qui
146 2433 257 2493 dilatus
280 2432 381 2492 fuerat
403 2436 527 2508 propter
549 2452 650 2492 rerum
672 2433 858 2509 iniquitates,
887 2437 999 2510 quanto
1024 2439 1082 2495 stc·

71 2523 172 2597 tissct‚
203 2521 336 2597 patebat
389 2523 531 2597 poterant
556 2526 638 2582 certe
666 2514 789 2582 eatenus
816 2522 937 2601 attingi,
970 2527 1004 2583 ut
1032 2524 1081 2583 Ti-

71 2610 148 2671 berii
170 2609 380 2670 convenienter
401 2628 530 2686 persona
546 2610 746 2688 induceretur,
769 2610 911 2689 adquam
924 2611 1000 2670 illud
1013 2614 1083 2687 Ipse

70 2699 241 2760 referretur.
297 2698 324 2759 si
354 2700 611 2761 verecundabatur
642 2703 732 2776 poeta
763 2718 873 2776 ponere
905 2700 984 2778 quod
1012 2700 1082 2760 Vel·

71 2788 148 2849 leius
171 2787 340 2854 edisseruit
357 2793 427 2862 post
449 2778 559 2850 cludent
576 2791 630 2850 uit
655 2789 734 2849 Varo
757 2794 903 2863 acceptam
921 2792 1001 2849 ocius
1012 2808 1083 2863 pro-

70 2880 214 2952 sperrimo
235 2894 335 2937 reum
353 2881 453 2937 eventu
476 2878 595 2938 eandem
618 2880 743 2937 mnsam
766 2877 958 2938 &moniam
981 2880 1083 2936 trium·

65 2966 161 3040 ptum
182 2967 289 3024 summi
311 2965 394 3024 ducis
416 2966 561 3026 adunare
583 2966 726 3033 debuisse,
754 2966 854 3041 potuit
877 2966 921 3025 ita
944 2965 1082 3040 scribere,

71 3055 107 3112 ut
124 3053 277 3125 placidum
298 3049 375 3109 illud
392 3069 433 3120 os,
450 3055 580 3127 pacifica
602 3053 715 3126 laurus,
737 3071 785 3112 vv.
809 3055 849 3112 81
876 3055 927 3127 82,
950 3053 1004 3111 illa
1026 3054 1083 3113 iae-

71 3143 138 3201 situ
158 3159 186 3199 r.
207 3142 248 3201 88
268 3138 520 3213 triumphantium
541 3138 580 3198 ad
597 3140 689 3199 istam
706 3140 783 3199 bene
796 3141 950 3216 gestorum
964 3144 1084 3214 praeter

71 3227 187 3288 bellum
209 3227 412 3286 Pannonicum
434 3245 580 3287 summam
603 3230 736 3303 spectare
749 3226 979 3302 intelligeretur.
1032 3228 1082 3287 sed

71 3315 161 3377 nimis
185 3333 322 3392 operose,
345 3313 446 3392 credo,
470 3334 522 3376 sex
544 3315 698 3377 versiculis
721 3317 820 3375 locum
838 3314 985 3392 quaesivi,
1009 3335 1083 3393 quos

71 3405 170 3484 quivis
193 3422 278 3466 casus
301 3402 506 3481 undecumque
528 3404 665 3481 abripere
688 3403 804 3481 potnit·

162 3495 190 3554 A
218 3493 425 3570 supplemento
451 3492 505 3553 illo
532 3512 580 3555 vv.
603 3493 634 3552 Π
662 3506 703 3553 111
729 3495 768 3554 15
801 3494 840 3552 16
874 3491 912 3551 ad
939 3492 971 3552 Π
994 3507 1017 3553 v
1041 3497 1081 3555 36

71 3582 207 3661 integrae
239 3582 367 3661 paginae
395 3586 510 3659 septem
543 3581 716 3660 decurrunt3
747 3599 802 3642 nec
833 3580 902 3641 inde
929 3580 968 3641 ad
995 3582 1084 3642 finem
