2467 4042
184 244 287 301 XXXX

184 432 211 473 v.
242 414 313 473 143.
368 429 421 472 are
448 415 511 471 erat
536 411 590 470 iar
615 410 809 485 interpretor:
837 410 912 469 illud
939 410 1018 487 quod
1045 417 1194 489 superest,

184 519 241 575 crs,
264 500 320 559 hoo
343 503 402 575 ost,
421 498 569 559 artificum
588 496 763 557 Curensium
785 498 879 573 lebor,
903 501 937 558 ut
956 502 1002 559 est
1021 499 1107 559 Pont.
1126 500 1194 559 IIII

183 601 196 646 1
224 590 280 664 29,
307 588 373 647 fuit.
428 591 506 648 artes
533 586 591 646 dici
618 587 715 646 solent
742 586 821 662 apud
848 587 970 662 Ictinos,
1004 586 1056 646 sed
1082 585 1192 662 τέχνη,

183 673 324 751 τέχνημα
348 676 449 753 graeci
464 672 589 751 'poetae
707 668 770 734 158
793 686 926 735 secure
948 686 1065 734 vrccn.
1119 675 1193 736 libri

184 768 281 825 secata
312 766 417 824 airum.
529 757 593 822 391
627 773 788 822 nosrrmo
821 775 986 822 mucrcn.
1040 762 1110 821 libri
1141 764 1193 824 ho·

182 853 269 926 spitio
291 853 432 919 terrerem,
456 868 531 929 quae
550 849 687 910 Herculis
710 852 793 909 uetus
811 867 992 928 quamquem
1010 849 1041 909 II
1061 852 1124 911 305
1144 851 1191 911 in-

182 939 311 1014 dicatur,
343 957 402 998 non
429 939 587 999 videbatur
614 937 772 997 convenire
799 938 1006 1015 appellationi,
1036 957 1111 1016 quae
1142 943 1193 999 ter

182 1026 268 1085 edest
289 1046 336 1087 vv.
353 1029 416 1087 388
432 1028 505 1086 394.
560 1044 595 1086 ao
616 1026 736 1086 videtur
757 1026 920 1100 hospitium
942 1026 1087 1092 tradItum
1109 1027 1189 1087 inter

183 1114 341 1175 Chironem
364 1118 396 1174 et
417 1114 577 1173 Herculem
600 1113 761 1173 secundum
784 1113 932 1174 TheocrIt.
956 1127 1006 1175 vll
1031 1116 1107 1188 149,
1135 1117 1192 1175 ubi

183 1203 272 1263 schol.
296 1203 382 1263 ποιεῖ
404 1199 440 1262 δὲ
463 1199 520 1262 τὸν
541 1197 685 1276 Χείρωνα
708 1197 1007 1275 ευναποδεχόμενον
1025 1202 1071 1281 τῷ
1089 1196 1191 1281 Φόλῳ

181 1287 239 1351 τὸν
261 1285 429 1365 Ἡρακλέα,
452 1294 483 1350 et
506 1289 646 1350 Philisti
669 1289 739 1348 Her.
762 1309 790 1364 p.
816 1291 893 1365 308,
917 1292 960 1351 20
983 1289 1075 1366 Kays.
1097 1287 1190 1363 θαμί-

181 1378 247 1440 Ζειν
278 1376 314 1438 δὲ
346 1375 397 1438 καὶ
428 1373 584 1452 Ἡρακλέα
614 1378 661 1456 τῷ
690 1373 838 1452 Χείρωνι,
871 1372 926 1438 ὅτε
958 1374 998 1453 μὴ
1031 1371 1191 1449 ἀπάγοιεν

181 1462 280 1526 αὐτὸν
304 1461 335 1526 οἱ
357 1459 458 1526 ἆθλοι.

270 1548 351 1615 LIB.
378 1548 425 1614 VI
452 1549 496 1613 40
525 1566 548 1612 c
575 1566 693 1614 nunno
723 1566 860 1613 nonius
891 1567 1005 1615 nurse
1033 1566 1191 1615 curnem.

183 1642 286 1702 obelus
318 1641 471 1718 ponendus
505 1646 584 1718 erat,
616 1641 642 1701 si
669 1642 876 1718 interpretatio
903 1643 988 1702 nullu
1015 1645 1191 1718 suppeteret

180 1731 301 1805 praeter
322 1733 478 1807 vulgarem
500 1733 531 1789 et
552 1733 688 1791 veterum
707 1730 958 1805 scholasticorum,
982 1748 1054 1807 ques
1073 1730 1189 1791 adseri·

182 1818 230 1893 psi
248 1818 281 1877 in
300 1818 345 1877 ed.
359 1818 453 1877 Reim.
505 1818 602 1895 quivis
620 1818 731 1877 mensis
745 1817 884 1892 Lucinae,
902 1837 978 1895 queo
996 1818 1077 1877 luces
1095 1819 1191 1897 dedit,

182 1905 272 1965 debet
295 1905 416 1982 aliquid,
439 1907 475 1965 ut
496 1925 524 1967 v.
550 1907 589 1965 79
614 1907 669 1982 est,
692 1924 800 1965 nomen
820 1906 904 1965 fecit:
928 1924 963 1965 cc
985 1906 1106 1966 nomine
1127 1925 1191 1967 non

181 1992 238 2053 nisi
261 1994 298 2053 eb
321 2012 381 2052 uno
404 1993 460 2052 dee
476 1989 553 2054 velit
571 1995 692 2062 trahere,
709 1997 791 2070 puto,
814 1994 966 2070 retrahere,
988 1997 1025 2053 ut
1042 1998 1088 2054 est
1107 1996 1191 2070 apud

182 2080 319 2141 Tacitum
336 2081 413 2140 Ann.
427 2082 501 2141 XIII
517 2084 734 2142 recollocare
751 2085 862 2142 aerarii
878 2085 997 2142 nomina
1014 2083 1190 2151 retrahebat,

182 2169 262 2244 apud
288 2169 462 2229 Terentium
489 2169 597 2231 Heaut.
627 2172 689 2230 678
724 2170 868 2230 retrahere
895 2168 1075 2245 (thephiram)
1098 2188 1192 2245 pecte

181 2260 279 2329 aiam;
302 2258 415 2317 trahere
436 2259 570 2318 decurras
592 2258 673 2332 opud
695 2256 866 2317 Ciceronem
888 2256 974 2319 Verr.
996 2257 1044 2316 ΠΙ
1067 2260 1130 2317 227
1157 2261 1192 2319 in

181 2344 267 2404 libris
290 2345 479 2421 quibusdem
502 2347 667 2406 contrahere
682 2349 839 2420 proraiam
863 2346 936 2405 setis
958 2346 1091 2421 vulgare.

184 2428 246 2492 178
278 2445 428 2493 menum
459 2446 551 2494 curn
585 2446 704 2495 ruens,
756 2433 831 2493 nihil
863 2434 963 2493 samus
994 2433 1050 2494 boc
1087 2453 1190 2495 versu.

183 2521 266 2580 tettae
288 2524 335 2581 est
358 2540 433 2598 quae
455 2525 525 2597 post
546 2540 639 2599 eques
664 2524 741 2597 173,
764 2539 865 2582 cerem
891 2522 966 2594 175,
993 2521 1037 2581 ito
1059 2539 1190 2583 comme·

182 2607 326 2667 merenda
348 2612 423 2685 eret,
445 2610 481 2670 ut
502 2609 589 2670 Pont.
611 2610 627 2668 I
648 2612 705 2670 x9
730 2610 812 2685 Quod
832 2627 922 2676 mare,
945 2611 1021 2684 para
1041 2610 1125 2669 tethrs
1147 2642 1188 2654 —

183 2725 225 2737 -
252 2698 328 2771 qaod
354 2699 456 2758 educat
477 2714 541 2774 aer,
570 2698 641 2757 Met.
669 2696 745 2756 VIII
769 2699 833 2758 830
860 2698 1078 2772 ruodpertus,
1110 2702 1191 2771 quod

183 2789 271 2862 terra,
294 2786 370 2858 qaod
391 2787 493 2846 αααααι
515 2801 573 2845 aer.
628 2803 664 2844 ec
687 2791 761 2854 arte,
784 2785 839 2846 hoc
857 2790 911 2862 est,
931 2784 1011 2861 olim,
1033 2787 1069 2843 ut
1086 2784 1101 2843 Ι
1121 2788 1189 2848 337

181 2869 259 2932 Arete
280 2874 347 2933 deos
368 2874 477 2933 hariae*
498 2874 572 2948 rell,
594 2872 623 2931 V
643 2875 704 2933 198
723 2876 881 2948 fortunatis
903 2879 968 2934 cate
990 2875 1082 2947 herese
1103 2877 1189 2951 airis,

181 2959 225 3018 VI
248 2962 310 3021 265
334 2978 408 3034 qaae
428 2978 506 3021 aare
531 2966 640 3029 maaet,
668 2966 734 3022 ante
760 2964 863 3036 sehse,
894 2979 930 3021 ea
960 2962 1054 3039 igitur
1081 2965 1189 3037 captas

181 3048 385 3125 undecumque
411 3048 491 3108 feras
518 3049 550 3108 in
576 3049 724 3125 leporario
751 3048 783 3109 et
815 3045 1025 3123 παραδείεου(
1054 3049 1190 3129 miseret,

181 3135 233 3195 ubi
255 3136 416 3195 alerentur.
527 3132 592 3197 316
620 3150 826 3210 srucrseun
850 3150 928 3197 nun.
981 3137 1052 3196 libri
1069 3136 1189 3199 Shala-

180 3241 235 3298 ραα
257 3228 327 3299 erat,
350 3224 499 3285 locutione
521 3225 701 3285 inconcmnu.
757 3227 848 3286 etiam
871 3226 983 3286 Seneca
1004 3225 1080 3300 Epp.
1095 3225 1190 3285 XIIII

180 3323 207 3370 11
236 3313 277 3372 23
300 3330 421 3389 paoem,
448 3330 532 3388 quera
551 3317 651 3389 primo
682 3315 755 3374 chres
781 3315 894 3374 calidas
920 3318 947 3374 et
971 3315 1086 3388 ferrers
1115 3319 1190 3375 testa

177 3402 313 3475 pereoaa't,
336 3400 411 3461 Octo
433 3401 470 3462 de
492 3421 515 3460 r.
539 3421 563 3461 r.
586 3413 695 3460 bxxw
717 3403 821 3479 focam,
842 3404 893 3463 ahi
915 3419 1029 3475 coquas,
1052 3402 1190 3475 ealfaeito

180 3488 249 3546 heae
267 3492 293 3546 et
310 3493 418 3548 testam.
464 3489 515 3548 sed
532 3489 625 3548 fiebat
642 3488 672 3547 id
690 3509 745 3564 per
763 3507 853 3566 crem,
876 3493 1052 3563 matronam,
1076 3489 1122 3548 uti
1141 3494 1190 3550 est

179 3592 227 3633 vv.
252 3575 314 3635 531
340 3579 413 3638 532.
525 3571 589 3636 349
608 3589 745 3638 namur
764 3590 861 3650 carn
878 3590 993 3638 rcere
1013 3589 1189 3638 CELEBRA-
