2467 4042
224 271 300 335 ενι.
322 271 441 349 [xvir]
465 270 685 331 nunnuan
706 271 798 334 ao-
813 272 883 335 155.
1006 272 1061 338 rat

172 423 364 503 ‘Tyndaridis
380 425 506 485 ooniux’
523 424 610 483 tertia
625 424 701 484 dixit
715 426 825 486 ‘eris’t

132 509 255 570 credere
269 509 321 569 vix
337 508 481 585 equidem
496 506 641 569 caelestia
657 524 786 585 corpora
804 527 931 587 possurn

85 602 122 652 tlt
167 592 296 654 Arbitrio
315 594 445 653 sormam
459 590 666 668 subposuisse
682 600 743 653 tuo.
851 590 853 595 ’

131 677 224 753 thue
238 677 353 738 sithoc
368 693 490 750 verum,
515 683 597 737 certe
612 692 684 750 pars
703 678 797 737 altera
816 677 886 738 acu
902 688 958 753 est,

168 761 269 821 ludioii
287 760 419 837 pretium
434 776 495 837 qua
510 760 580 820 data
596 759 684 820 dicor
699 776 769 836 ego.

131 845 188 904 Non
204 853 252 907 est
266 852 351 907 tanta
365 845 437 905 mihi
453 844 565 905 fiducia
583 846 739 920 eorporis,
761 851 794 904 ut
810 861 859 904 me

166 929 299 990 Maxima
315 937 394 990 teste
409 929 466 989 dea
486 928 568 989 dona
585 927 682 989 luisse
699 936 810 1004 putem.

86 1013 269 1075 tutamenta
285 1019 333 1073 est
348 1013 446 1073 oeulis
461 1011 616 1075 hominum
632 1028 700 1073 rnea
715 1013 811 1073 lorma
828 1014 960 1088 probari.

165 1098 330 1158 Laudatrix
345 1099 452 1157 Venus
468 1101 515 1157 εει
529 1095 682 1157 invidiosa
698 1096 780 1156 mihi.

131 1180 185 1242 Sed
200 1181 274 1242 nibil
288 1181 420 1242 infirmo.
445 1182 534 1241 iaveo
552 1196 677 1256 quoque
690 1180 833 1241 laudibus
848 1181 929 1243 istis:

79 1270 87 1285 ·
165 1265 238 1325 Narn
253 1281 324 1326 mea
338 1280 401 1325 vox
417 1280 527 1341 quare,
551 1265 636 1340 quod
652 1265 749 1340 cupit,
770 1280 843 1325 esse
858 1275 968 1343 neget?

132 1348 185 1409 llee
200 1357 230 1410 tu
247 1364 414 1423 suscense,
436 1348 561 1409 ninnium
578 1347 651 1407 mihi
669 1348 803 1409 creditus
820 1365 920 1425 aegre.

87 1440 124 1494 tto
166 1434 264 1494 Tarda
279 1435 360 1494 solet
373 1430 494 1507 magnis
508 1432 601 1492 rebus
616 1432 720 1493 inesse
735 1432 824 1493 tides.

130 1516 220 1578 Prima
235 1534 306 1578 rnea
322 1524 370 1577 est
384 1517 475 1592 igitur
488 1516 602 1576 Veneri
619 1516 776 1593 placuisse
791 1519 948 1594 voluptasz

165 1601 320 1675 Proxima5
345 1617 393 1661 rne
410 1599 508 1661 visam
523 1601 660 1677 praemia
675 1616 794 1661 summa
809 1600 870 1677 tibi,

130 1684 183 1746 lloo
197 1693 225 1746 ιε
240 1684 409 1758 Palladios,
432 1699 490 1744 neo
504 1690 533 1743 te
548 1684 674 1746 lunonis
688 1685 824 1747 honores

166 1769 285 1830 Auditis
301 1770 437 1829 Helenae
453 1767 674 1844 praeposuisse
689 1768 790 1829 bonis.

87 1851 202 1928 {alno
217 1868 275 1929 ego
292 1869 361 1914 sum
376 1851 488 1927 virtus,
511 1868 569 1928 ego
586 1869 654 1914 sum
672 1852 724 1913 tibi
742 1852 845 1913 nobile
858 1862 1006 1930 regnum?

165 1937 273 1997 Ferrea
288 1936 363 2012 sim,
386 1936 414 1998 si
428 1953 490 1997 non
505 1935 565 1997 hoo
580 1952 638 2015 ego
656 1942 763 2012 peetus
780 1953 888 1998 arnern.

131 2019 247 2096 Ferrea,
270 2022 365 2083 orede
378 2020 467 2095 mihi,
490 2036 551 2083 non
569 2037 649 2081 sum.
671 2021 729 2082 sed
747 2037 849 2081 amare
863 2038 1003 2099 repugno

165 2106 263 2181 illurn,
286 2121 377 2182 quern
393 2104 459 2166 deri
474 2104 526 2164 vix
540 2111 615 2181 puto
632 2120 728 2181 posse
743 2121 854 2167 meum.

132 2187 200 2263 ouo
213 2189 350 2251 bibulum
366 2204 462 2251 curvo
476 2189 679 2265 proscindere
694 2190 763 2250 litus
779 2197 888 2265 aratro,
975 2221 977 2224 >

89 2281 124 2333 tto
166 2271 320 2350 Spemque
334 2273 425 2351 sequi
439 2289 548 2347 ooner,
573 2290 666 2348 quam
682 2275 769 2334 locus
783 2274 852 2350 ipse
867 2281 978 2350 negato

132 2355 194 2417 Sunt
208 2359 294 2418 rudis
310 2358 498 2419 adveneris
513 2357 642 2433 lurtum,
665 2358 808 2434 nullaque
824 2357 976 2418 fidelem...

165 2442 198 2502 Di
212 2441 284 2503 mihi
304 2450 375 2503 sunt
392 2448 519 2503 testes...
535 2441 665 2502 lusimus
681 2449 745 2502 arte
761 2442 868 2502 virum.

131 2524 206 2586 lione
221 2542 362 2602 quoque,
383 2525 467 2603 quod
484 2525 575 2586 tacito
589 2526 703 2587 nrando
720 2542 788 2587 mea
804 2527 899 2587 verba
914 2526 1024 2598 libello,

165 2608 307 2685 Fungitur
323 2610 427 2675 ollloio
446 2609 543 2670 littera
558 2616 666 2671 nostra
680 2627 773 2672 novo.

89 2700 122 2751 its
131 2691 253 2770 Felices,
277 2693 389 2770 quibus
404 2710 480 2755 usus
496 2693 599 2755 adest!
623 2710 681 2770 ego
696 2695 802 2756 nescia
815 2710 916 2755 rerum

166 2777 324 2839 Difficilem
340 2779 450 2854 eulpae
465 2777 610 2853 suspicor
625 2793 696 2841 esse
711 2776 801 2840 viarn.

131 2860 193 2938 lpse
205 2862 286 2922 malo
301 2868 400 2923 metus
416 2868 472 2922 est.
495 2861 555 2921 iarn
570 2877 651 2923 nuno
666 2864 853 2937 confundor,
873 2870 903 2923 et
917 2879 1024 2924 ornnes

165 2945 196 3008 ln
212 2946 325 3007 nostris
340 2945 449 3007 ooulos
466 2945 597 3008 vultibus
612 2963 686 3008 esse
699 2962 780 3008 reor.
853 3002 862 3021 ,

130 3028 184 3090 Νεε
197 3045 267 3091 reor
283 3031 344 3091 hoo
362 3030 452 3092 laiso.
474 3029 559 3090 sensi
577 3031 655 3091 mala
671 3048 825 3092 murmura
842 3031 933 3107 vulgi,

88 3118 121 3170 tto
162 3111 198 3173 Et
212 3114 361 3190 quasdam
377 3112 715 3176 vocesretlulitdetbra
730 3115 813 3176 mihi.

131 3198 164 3256 lt
179 3205 209 3258 tu
226 3198 401 3273 dissimula,
423 3196 482 3260 nisi
501 3197 528 3258 si
544 3197 695 3260 desistere
709 3201 817 3261 mavis.
837 3252 840 3257 .

166 3280 225 3342 Sed
241 3299 295 3344 our
309 3282 467 3343 desistast
488 3281 682 3343 dissimulare
698 3290 796 3359 potes.

132 3365 221 3438 tude,
244 3367 300 3428 sed
317 3368 445 3427 occulte.
469 3365 579 3441 maior,
604 3383 664 3427 non
680 3368 827 3441 maxima,
851 3368 940 3430 nobie

165 3448 217 3510 llst
232 3450 303 3511 data
318 3449 457 3525 libertaS,
482 3450 565 3526 quod
581 3449 738 3513 Menelaus
755 3453 850 3512 abest.

88 3538 120 3590 lto
130 3530 175 3592 tlte
189 3534 310 3610 quidem
325 3534 432 3607 procul
449 3540 510 3599 est.
534 3532 621 3594 itare
636 3541 779 3609 cogente,
801 3535 971 3611 prolectuss
