2467 4042
173 195 217 263 82
346 214 449 250 emuna
582 193 762 250 murm.

262 361 410 441 Nigraque
434 358 578 421 caeruleis
600 361 708 421 variari
731 377 857 440 corpora
878 362 990 440 guttisz
1019 391 1023 402 «

263 449 297 512 ln
319 456 484 530 pectusque
507 446 585 510 cadit
606 465 743 529 pronus,
765 451 983 528 commissaque
1004 450 1038 509 in
1060 467 1168 510 unum

197 550 248 600 tau
262 536 406 600 Paulatim
428 538 517 598 tereti
539 544 701 598 tenuantur
723 540 859 598 acumine
882 554 989 598 mura.

262 624 404 688 Bracchia
425 626 484 686 iam
505 631 641 686 restant.
669 642 745 703 quae
758 632 893 705 restant,
917 624 1058 687 bracchia
1076 624 1203 708 tendit,

264 714 303 776 Et
324 713 454 775 lacrimis
476 730 531 792 per
554 711 650 773 adbuc
673 712 801 774 bumana
823 713 987 775 liuentibus
1010 731 1064 775 ora

265 799 414 884 ‘Accede,
437 820 455 861 o
478 802 631 882 coniunx,
652 800 784 883 accede,
805 803 973 862 miserrima
985 798 1006 883 ‚'
1029 801 1111 863 dixit

264 886 411 969 ‘Dumque
435 888 545 968 aliquid
566 897 708 968 superest
730 887 768 949 de
790 906 860 970 me,
882 907 929 951 me
952 899 1065 970 tange,

1008 995 1199 1057 minum&

199 1081 249 1130 585
264 1068 395 1147 Accipe,
418 1066 490 1127 dum
512 1084 617 1128 manus
640 1076 708 1148 est,
731 1065 803 1127 dum
825 1084 885 1127 non
906 1075 1005 1128 totum
1028 1079 1162 1147 occupat

1053 1148 1197 1234 anguis?

264 1245 317 1306 llie
341 1244 461 1324 quidem
483 1242 546 1305 vult
567 1243 655 1324 plura
676 1242 781 1325 loqui,
803 1242 857 1304 sed
878 1243 980 1323 lingua
1001 1253 1133 1323 repente

265 1333 298 1394 ln
320 1339 420 1412 partes
443 1340 490 1393 est
511 1332 580 1393 fissa
603 1331 699 1393 duas:
721 1348 778 1392 nec
799 1331 890 1392 verba
912 1331 1049 1411 loquenti

266 1421 448 1501 Sufficiunt,
471 1421 670 1499 quotiensque
692 1419 807 1498 aliquos
828 1428 914 1500 parat
936 1419 1027 1481 edere
1047 1430 1195 1500 questus,

266 1509 390 1571 Sibilat:
412 1509 489 1569 hanc
511 1507 554 1568 illi
575 1525 680 1569 vocem
701 1516 807 1569 natura
829 1507 967 1587 reliquit.
1074 1519 1097 1561 ¹-
1112 1520 1193 1561 Μ.

200 1611 250 1661 teu
264 1597 349 1659 Nuda
371 1615 462 1660 manu
484 1597 595 1658 ieriens
619 1595 763 1657 exclamat
783 1606 905 1675 pectora
924 1598 1056 1659 coniunx

266 1683 408 1766 ‘Gadme,
430 1703 539 1766 mane,
561 1692 652 1763 teque
664 1731 674 1765 ‚
700 1683 826 1764 infelix,
848 1684 896 1746 bis
923 1702 1001 1746 exue
1028 1683 1192 1747 monstris!

267 1774 397 1854 Cadme,
420 1772 491 1853 quid
513 1768 601 1833 hoc?
624 1771 676 1833 ubi
697 1767 783 1852 pes?
805 1771 856 1833 ubi
877 1781 948 1834 sunt
964 1776 1124 1854 umorique

1024 1880 1190 1942 manusque

269 1952 308 2014 Et
330 1951 412 2014 color
435 1960 466 2013 et
488 1951 633 2011 iacicset
655 1949 726 2011 dum
748 1949 876 2033 loquor,
898 1946 1028 2011 omnia?
1050 1968 1107 2012 cur
1130 1969 1188 2011 non

267 2040 312 2103 blo
335 2058 477 2120 quoque,
500 2037 665 2119 caelestes,
687 2040 719 2099 in
741 2037 866 2099 eandem
892 2040 1007 2100 vertitis
1036 2034 1189 2118 anguem?

202 2141 252 2191 tes
267 2130 407 2191 Dixerat.
435 2127 485 2189 ille
508 2145 579 2188 suae
601 2125 751 2188 lambebat
767 2128 901 2205 coniugis
923 2144 993 2207 ora,

266 2217 359 2296 lnque
382 2217 466 2277 sinus
489 2233 596 2297 caros,
614 2214 707 2276 veluti
728 2225 944 2296 cognosceret,
966 2215 1046 2297 ibat,
1162 2271 1166 2278 ,

269 2305 308 2367 Εῑ
329 2303 417 2366 dabat
435 2303 609 2385 amplexus,
632 2311 808 2382 assuetaque
830 2301 905 2364 colia
926 2303 1066 2383 petebat.

268 2394 409 2472 Quisquis
423 2392 507 2454 adest
520 2423 563 2436 -
577 2391 700 2453 alermi
719 2392 843 2452 comites
857 2421 900 2434 —
914 2401 1066 2455 terretur:
1088 2403 1119 2454 at
1140 2392 1185 2453 iila

267 2481 394 2544 Lubrica
417 2479 583 2561 permulcet
605 2481 720 2542 cristati
742 2478 817 2541 oolla
838 2479 993 2560 draconis3

202 2583 254 2633 suo
267 2570 307 2631 Et
328 2568 427 2632 subito
450 2568 509 2630 duo
532 2577 604 2630 sunt
624 2570 786 2650 iunctoque
809 2567 957 2630 volumine
980 2579 1124 2651 serpunt,

267 2658 368 2720 Donec
389 2659 422 2719 iu
443 2658 572 2738 appositi
592 2658 724 2719 nemoris
747 2654 866 2717 subiere
889 2656 1034 2718 latebras.

267 2746 354 2811 Nunc
377 2762 496 2825 queque
520 2764 576 2807 nec
598 2746 718 2824 lugiunt
740 2744 889 2806 bominem
901 2792 911 2825 ,
934 2762 990 2806 nec
1013 2745 1136 2808 vulnere

1051 2834 1168 2896 laedunt

269 2924 405 3004 Quidque
433 2925 517 3004 prius
545 2924 658 2985 interint
670 2970 680 3004 ,
701 2921 809 3002 placidi
838 2924 999 2983 meminere
1027 2883 1182 2986 dmconeal

314 3012 374 3075 Sed
396 3022 495 3073 tamen
517 3010 661 3073 ambobus
680 3028 782 3072 versae
805 3010 913 3072 solacia
935 3011 1048 3072 formae

203 3113 254 3163 cos
268 3101 372 3180 biaqna
393 3105 487 3179 nepos
510 3100 630 3181 iuerat,
654 3116 743 3178 quem
764 3098 909 3160 debellata
932 3098 1048 3160 colebat

269 3188 374 3270 india,
396 3206 485 3267 quem
507 3189 612 3268 positis
636 3186 805 3249 celebrabat
826 3186 934 3249 Achaia
956 3187 1093 3267 templis.

271 3276 358 3339 Solus
381 3275 557 3338 Abantiades
581 3274 617 3337 ab
642 3276 755 3355 origine
779 3287 879 3338 cretus
903 3275 1005 3337 eadem

270 3366 402 3427 dormias
425 3374 584 3444 superest,
607 3365 660 3443 qni
682 3363 839 3426 moenibus
861 3374 961 3425 arceat
982 3364 1068 3426 urbis

269 3452 444 3534 Argolicae,
466 3462 630 3531 contraque
653 3451 742 3514 deum
765 3454 841 3514 ierat
863 3470 964 3533 arma,
987 3471 1139 3535 genusque

205 3553 256 3601 tto
271 3540 336 3601 Non
358 3548 444 3622 putet
465 3558 531 3602 esse
554 3539 652 3601 lovis.
680 3542 876 3619 nequeenim
898 3540 974 3601 lovis
988 3558 1056 3603 csse
1070 3543 1180 3622 putabat
