2467 4042
307 251 335 321 l,
359 246 558 311 755-772.
597 249 639 321 il,
663 247 796 310 1-49.
1005 247 1065 309 189

160 406 241 465 Arte
253 417 321 463 mea
337 408 430 478 capta
444 408 501 462 est.
525 408 589 461 arte
602 402 736 460 tenenda
749 416 818 461 mea
831 411 889 461 est.

112 490 185 549 Nec
200 486 300 547 minor
312 493 361 547 est
377 486 489 558 virtus,
513 500 605 561 quam
622 500 785 561 quaerere,
809 491 897 560 parta
910 494 995 546 tuen.

164 573 264 633 Casus
280 571 360 630 inest
372 571 445 629 iilic.
467 569 527 629 hoc
541 569 599 629 crit
613 570 686 629 anis
703 585 793 644 opus.

65 670 105 721 15
118 657 214 718 Nunc
228 655 314 730 mihi,
336 653 507 730 siquando,
530 669 607 729 puer
621 661 652 714 et
666 652 830 730 cytherea,
849 654 959 723 favete,

162 741 251 800 Nunc
264 739 366 799 Erato.
389 753 462 799 nam
476 745 508 798 tu
522 753 635 797 nomen
650 738 764 797 amoris
778 736 885 797 babes.

116 825 236 899 Magna
249 839 341 899 paro,
365 837 446 897 quas
460 822 561 898 possit
573 826 671 883 Amor
684 837 842 882 remanere
858 837 913 897 per
928 830 1017 890 artes,

161 909 288 981 Dicere,
309 913 371 966 tam
386 913 477 966 vasto
492 921 648 982 pervagus
663 906 739 967 orbe
755 921 839 981 puer.

117 993 157 1052 m
169 991 250 1052 levis
265 998 328 1064 est,
350 999 382 1052 et
395 990 488 1051 habet
500 988 655 1066 genuinas,
678 989 790 1066 quibus
805 990 924 1061 avolet,
943 990 1022 1049 aias:

66 1089 108 1140 ao
166 1075 298 1136 Difficile
316 1083 365 1136 est
377 1075 438 1134 iliis
452 1074 631 1150 inposuisse
644 1074 780 1134 modum.

121 1161 260 1236 Hospitis
274 1157 389 1235 effugio
405 1166 634 1235 praestruxerat
648 1158 751 1219 omnia
763 1158 880 1218 bunos:

160 1245 323 1305 Audacem
339 1244 442 1320 pinnis
455 1243 592 1320 repperit
606 1243 656 1303 iile
669 1243 759 1302 viam.

118 1328 278 1389 Daedalus
294 1336 328 1389 ut
342 1327 454 1388 clausit
467 1335 651 1403 conceptum
666 1326 792 1387 erimine
806 1326 911 1386 matris

161 1411 423 1487 Semibovemque
437 1411 536 1472 virum
549 1410 788 1488 semivirumque
805 1410 926 1483 bovem,

67 1508 107 1559 ab
121 1495 184 1558 ‘Sit
198 1496 309 1556 modus
324 1495 417 1556 exitio
423 1500 445 1569 ,’
469 1496 545 1556 dixit
558 1495 739 1555 ‘iustissime
753 1495 870 1555 Minos:

160 1580 306 1656 Accipiat
320 1580 440 1640 cineres
454 1587 535 1641 terra
548 1587 677 1656 patema
691 1594 788 1641 meos.

117 1665 155 1725 in
170 1665 318 1738 quoniam
332 1664 363 1724 in
378 1664 490 1740 patria,
510 1664 580 1726 fatis
595 1663 728 1738 agitatus
745 1663 868 1739 iniquis,

159 1749 277 1809 Vivere
290 1763 352 1808 non
368 1748 469 1823 potui,
492 1747 534 1807 da
547 1747 622 1807 mibi
637 1762 733 1823 posse
747 1745 833 1807 mori.

118 1833 164 1893 Da
178 1833 311 1893 reditum
325 1846 439 1908 puero,
459 1831 543 1892 senis
561 1838 610 1892 est
623 1830 652 1892 si
665 1832 762 1906 gratia
775 1830 860 1892 viiisz

70 1926 111 1979 ee
165 1915 276 1976 Sinon
292 1915 340 1975 vis
356 1931 452 1992 puero
467 1931 609 1991 parcere,
632 1931 725 1990 parce
740 1917 829 1977 seni’

118 2001 244 2061 iiixerat
256 2000 344 2060 haec.
382 1998 446 2060 Sed
460 2007 492 2060 et
503 2000 581 2061 baec
596 2007 627 2060 et
640 2002 734 2061 multo
751 2003 839 2077 plura
852 2000 962 2061 licebat

156 2083 280 2144 Dicere.
302 2098 466 2159 regressus
481 2100 545 2144 non
559 2084 653 2144 dabat
666 2084 717 2145 iiie
730 2085 807 2146 viro.

118 2168 206 2241 Quod
228 2168 320 2229 simul
335 2173 370 2228 ut
384 2167 497 2243 sensit,
518 2172 627 2243 ιιιιιῐιο,
650 2184 747 2242 nunc,
768 2169 965 2239 obaedaic‚’
989 2170 1061 2228 dixit

158 2252 333 2327 Materiam,
355 2252 476 2327 quasis
490 2251 687 2328 ingeniosus,
708 2253 815 2314 habes.

69 2347 108 2401 35
118 2335 263 2398 Possidet
276 2343 308 2395 et
319 2343 433 2410 terras,
457 2342 487 2396 et
499 2337 642 2413 possidet
656 2352 792 2413 aequora
805 2338 922 2397 Minos=

158 2421 223 2479 Nec
235 2421 326 2481 teitus
340 2426 480 2492 nostrae,
503 2435 562 2480 nec
575 2428 659 2497 patet
672 2422 756 2481 unda
769 2423 869 2497 fugae.

117 2505 225 2565 Restat
239 2504 297 2565 iter
311 2504 399 2565 caeli.
422 2505 509 2565 caelo
523 2505 740 2581 temptabimus
755 2506 808 2565 ire.

158 2588 207 2648 Da
220 2590 343 2648 veniam
358 2595 485 2664 coepto,
507 2589 622 2665 iupiter
636 2591 711 2664 alte,
730 2606 815 2651 meo:

116 2674 184 2734 Non
199 2687 259 2748 ego
275 2672 415 2732 sidereas
430 2672 552 2735 adiecto
569 2681 694 2748 tangere
708 2675 817 2735 sedes:

71 2768 107 2820 40
161 2756 229 2832 Qua
242 2756 356 2832 ingiam
372 2756 541 2833 dominum,
564 2758 662 2832 nulla,
684 2758 744 2818 nisi
759 2759 832 2832 ista,
855 2757 905 2817 via
919 2768 975 2818 est.

114 2840 174 2902 Per
190 2840 289 2918 Styga
306 2841 396 2902 detur
409 2841 481 2915 iter,
503 2840 629 2921 Stygias
646 2843 872 2903 transnabimus
886 2842 996 2903 undas.

159 2923 227 2985 Sint
240 2925 314 2984 mibi
328 2933 457 2986 naturae
470 2926 537 2986 iura
550 2926 698 2989 novanda
711 2931 843 2988 meac...’

115 3008 273 3085 ingenium
293 3011 375 3069 mala
392 3025 489 3086 saepe
502 3018 638 3072 movent
671 3010 746 3086 Quis
761 3011 900 3072 crederet
913 3027 1057 3084 umquam

155 3095 268 3154 Aerias
284 3093 438 3154 bominem
452 3109 581 3171 carpere
596 3111 693 3171 posse
708 3094 797 3156 vias?

71 3190 104 3239 45
115 3176 291 3253 Remigium
305 3179 465 3240 volucrum
479 3180 616 3255 disponit
628 3180 658 3239 in
675 3181 783 3241 ordine
797 3181 916 3257 pinnas,

155 3260 193 3321 Et
209 3263 279 3322 ieve
293 3278 350 3339 per
364 3263 417 3322 tini
431 3263 555 3324 vincula
568 3264 662 3325 nectit
676 3280 765 3340 opus,

112 3346 239 3421 Imaque
254 3361 330 3421 pars
345 3347 425 3407 ceris
439 3347 638 3424 adstringitur
652 3348 723 3424 igne
738 3351 857 3421 solutis,

156 3429 339 3507 ignitusque
353 3447 453 3492 novae
468 3432 528 3493 iam
542 3431 633 3493 labor
646 3434 719 3495 artis
734 3442 808 3501 erat

109 3494 274 3574 Tractabat
288 3530 452 3592 ceramque
466 3532 544 3594 puer
556 3519 731 3594 pinnasque
738 3498 904 3586 renidens.
