2467 4042
393 200 579 276 nram
606 200 730 276 aaa.

124 356 181 420 issa
198 354 323 432 quidem
340 360 446 415 nostro
463 353 592 417 subiecit
607 354 743 415 eburnea
757 356 838 416 cotto

167 439 334 512 Bracchia,
360 438 499 499 Sithonia
513 438 694 498 candidiora
708 439 794 514 nire,

124 524 304 599 Osculaque
319 523 449 584 inseruit
461 524 573 599 cupide
589 523 734 583 luctantia
747 522 875 599 tinguis,

76 621 115 673 to
169 609 338 671 Lascivum
354 608 462 669 femori
479 606 706 683 supposuitque
721 608 834 681 iemur,

120 694 161 756 Et
177 693 250 753 mihi
265 692 432 753 blanditias
447 691 537 764 dixit,
561 691 783 767 dominumque
798 692 934 766 vocavit,

165 779 206 838 Et
221 793 302 852 quae
320 784 482 852 praeterea
497 776 622 850 publica
641 775 735 836 verba
749 776 863 836 iuvant.

121 865 218 924 Tacta
232 870 336 922 tamen
353 861 447 921 veluti
462 860 565 935 gelida
581 876 651 920 mea
665 859 801 921 membra
816 860 930 933 cicuta,

167 945 284 1021 Segnia
299 946 495 1021 propositum
510 944 676 1005 destituere
691 960 801 1004 mcum.

77 1043 111 1094 ts
122 1033 266 1092 Truncus
281 1028 367 1090 iners
382 1029 479 1102 iacui,
500 1029 625 1103 specics
639 1035 668 1088 ct
681 1028 787 1090 inutile
803 1029 941 1104 pondus,

163 1115 204 1174 Et
218 1130 280 1175 non
301 1119 459 1189 exactum,
483 1128 597 1188 corpus
612 1130 652 1172 an
666 1113 773 1173 umbra
790 1113 896 1175 iorem.

120 1199 210 1274 Quae
223 1198 297 1258 mihi
313 1205 442 1258 venturu
456 1203 519 1270 est,
542 1197 697 1272 siquidem
712 1205 856 1271 ventura,
879 1208 1022 1261 senectus

164 1281 240 1343 Cum
256 1282 339 1343 desit
352 1281 486 1343 numeris
502 1281 571 1357 ipsa
585 1281 709 1341 iuuenta
724 1280 810 1342 suist

117 1368 161 1427 At
184 1367 282 1441 pudet
296 1382 456 1426 annorum.
488 1381 543 1426 cur
558 1381 607 1426 mc
622 1365 827 1440 iuvenemque
843 1367 1004 1444 virumque

72 1461 111 1513 πο
164 1451 230 1511 Nec
243 1452 389 1510 iuvenem
404 1465 462 1511 nec
476 1466 525 1511 mc
539 1450 637 1511 sensit
652 1450 751 1510 amica
765 1450 884 1511 virumt

118 1534 172 1596 Sic
188 1533 330 1595 flammas
347 1532 466 1595 aditura
482 1534 549 1609 pias
564 1542 691 1595 aeterna
706 1534 855 1597 sacerdos

161 1617 284 1694 Surgit,
307 1625 372 1679 eta
389 1634 461 1678 caro
478 1620 571 1678 tratre
587 1618 723 1679 verenda
739 1634 837 1678 soror.

116 1705 158 1766 at
172 1719 274 1780 nuper
287 1702 336 1762 bis
354 1701 437 1761 flava
452 1701 573 1776 chtide,
594 1711 640 1763 ter
654 1703 786 1763 candida
800 1702 901 1777 Pitho,

157 1789 220 1848 Ter
233 1786 327 1847 Libas
344 1786 448 1847 officio
466 1785 642 1846 continuata
657 1802 725 1847 meo
742 1782 799 1847 est.⁴

71 1883 107 1934 ‘25
117 1872 255 1947 Exigere
273 1870 396 1931 anobis
413 1877 544 1946 angusta
558 1877 648 1930 nocte
664 1870 844 1945 Corinnam,

157 1956 210 2016 Me
226 1955 350 2016 memini
372 1971 518 2016 numeros
534 1954 722 2017 sustinuisse
736 1971 858 2015 novem.

113 2040 195 2102 Num
210 2055 280 2099 mea
296 2039 476 2100 Thessalico
495 2041 641 2114 languent
656 2040 769 2100 devota
786 2055 905 2101 veneno

159 2124 319 2200 Corpora?
340 2140 414 2185 num
428 2122 542 2184 misero
558 2139 681 2183 carmen
697 2131 726 2184 et
739 2123 837 2184 herba
852 2133 983 2185 nocenti

114 2207 241 2284 Sagave
257 2207 410 2284 poenicea
424 2207 531 2270 defixit
545 2208 670 2268 nomina
684 2224 769 2283 cera,

71 2300 106 2354 to
162 2293 200 2353 Et
213 2293 348 2352 medium
363 2291 464 2353 tenuis
479 2293 509 2351 in
526 2292 611 2354 iecur
626 2292 689 2368 egit
702 2299 798 2353 acust

114 2376 259 2438 Carmine
272 2376 360 2436 laesa
374 2391 462 2437 ceres
479 2376 613 2438 sterilem
630 2377 768 2438 vanescit
782 2375 814 2436 in
829 2377 970 2439 herbam:

158 2459 314 2520 Deficiunt
327 2460 406 2521 laesi
420 2461 554 2520 carmina
571 2460 663 2521 tontis
678 2477 793 2535 aquae:

112 2543 240 2605 ilicibus
256 2543 402 2618 glandes,
426 2550 609 2619 cantataque
623 2544 735 2605 vitibus
749 2560 809 2607 uva

156 2627 296 2703 Decidit,
319 2635 349 2688 et
363 2628 447 2689 nullo
463 2644 555 2704 poma
569 2636 712 2689 movente
727 2626 834 2689 fluunt.
855 2660 857 2665 ,

73 2720 104 2774 ie
117 2711 200 2787 Quid
216 2718 300 2773 vetat
314 2718 344 2773 et
359 2728 473 2772 nervos
489 2713 625 2788 magicas
644 2719 767 2789 torpere
783 2728 838 2789 per
854 2723 958 2775 artest

154 2795 298 2856 Forsitan
314 2796 476 2872 impatiens
492 2797 533 2858 sit
546 2797 627 2858 tatus
640 2797 712 2857 inde
728 2813 837 2858 meum.

112 2879 183 2941 huc
196 2879 301 2956 pudor
314 2879 458 2942 accessit.
486 2881 557 2940 iacti
574 2881 676 2957 pudor
692 2881 760 2957 ipse
777 2881 916 2943 nocebat.

153 2964 211 3023 i¹ie
232 2963 288 3023 tuit
302 2963 366 3024 vitii
382 2979 479 3024 causa
492 2964 632 3026 secunda
645 2966 715 3026 mei.

109 3067 152 3109 ar
166 3046 291 3122 quatem
305 3046 368 3107 uidi
380 3054 497 3110 tantum
513 3049 661 3125 tetigique
676 3050 824 3125 puellam,

76 3143 103 3195 tt)
157 3129 211 3192 sic
227 3130 318 3191 etiarn
333 3131 438 3193 tunica
452 3134 584 3210 tangitur
597 3133 651 3194 iila
665 3150 731 3195 sua.

109 3216 195 3276 {ttius
209 3214 252 3275 ad
266 3222 378 3277 tactum
392 3215 497 3294 Pylius
513 3218 715 3287 iuvenescere
732 3218 848 3296 possit,

150 3298 367 3376 tribunosque
382 3301 471 3362 annis
491 3302 599 3362 tortior
612 3319 686 3363 esse
703 3301 778 3363 sois.

109 3385 195 3445 Haec
210 3383 286 3444 mihi
302 3384 481 3460 contigerat.
509 3387 568 3447 sed
585 3387 631 3446 vir
645 3402 707 3447 non
725 3387 851 3464 contigit
866 3388 917 3451 itti.

150 3468 239 3544 Quas
255 3485 337 3530 nunc
355 3470 528 3546 concipiam
545 3487 602 3548 per
617 3487 699 3532 nova
713 3479 787 3532 vota
800 3479 932 3548 precest
