2467 4042
431 231 483 284 ul.
503 233 652 282 sat-610.
979 225 1044 290 349

156 392 393 471 ·Caelestemque
416 392 530 453 homini
553 391 750 453 concubuisse
773 390 883 471 pudet,
906 423 939 435 -

64 492 114 543 otc
128 480 207 542 drslt
229 483 308 542 enim
331 498 437 560 magno
460 487 597 560 correpta
620 479 759 559 cupidine
782 480 878 559 regis,

50 594 55 604 ‘
164 560 323 647 llaecaque
345 571 377 628 15
400 568 456 629 1505
478 586 539 630 555
562 585 622 628 505
646 569 702 629 luit
723 567 773 628 illa
795 569 859 627 viro
882 597 916 609 -

83 707 93 724 .
127 656 220 718 Nocte
242 657 362 717 domum
385 674 474 735 parva
497 654 583 717 solita
606 664 652 716 est
674 657 786 716 intrare
809 655 956 716 fenestra:

171 743 254 805 Unde
277 744 460 805 Fenestellae
484 746 602 804 nomina
625 751 711 823 porta
733 750 832 804 tenet.

128 832 212 894 Nunc
234 831 349 911 pudet,
372 839 404 892 et
425 831 521 893 voltus
543 832 688 892 velamine
711 830 787 892 celat
809 837 939 911 amatos,

63 932 115 982 500
172 919 291 999 Oraque
314 927 385 980 sunt
407 919 500 981 multa
522 921 602 997 regia
626 926 705 980 tecta
727 927 811 996 toga.

128 1007 171 1069 dn
194 1011 288 1087 magis
311 1017 357 1069 est
378 1025 504 1082 oerum,
526 1015 594 1086 post
617 1006 695 1067 Tulli
718 1006 823 1067 funera
845 1003 961 1086 plebem

171 1096 330 1158 Confusam
352 1095 459 1174 placidi
482 1104 578 1156 morte
601 1096 693 1156 luisse
717 1096 813 1156 senis:

126 1183 187 1245 Nec
210 1183 316 1245 modus
339 1183 418 1244 ullus
441 1192 505 1244 erat
517 1230 526 1263 ,
549 1181 705 1244 crescebat
726 1184 853 1261 imagine
876 1181 992 1262 155155,

170 1271 270 1332 donec
293 1273 489 1349 cumpositis
512 1270 670 1332 occuluere
693 1268 796 1349 togis?

63 1369 114 1421 505
129 1358 229 1420 Tertia
253 1375 342 1418 causa
364 1359 437 1418 mihi
459 1360 553 1435 spatio
576 1361 688 1419 maiore
711 1358 842 1419 canenda
866 1367 929 1438 est;

170 1444 231 1507 Nos
254 1452 352 1506 tamen
376 1444 519 1506 adductos
541 1446 623 1505 intus
646 1463 766 1524 agemus
789 1462 900 1524 equos.

128 1532 223 1595 Tullia
246 1535 406 1612 coniugio,
430 1532 552 1593 sceleris
574 1532 735 1614 mercede,
758 1542 878 1612 peracto

171 1621 225 1683 llis
248 1620 334 1682 solita
358 1629 403 1682 est
425 1620 513 1682 dictis
536 1620 710 1682 extimulare
733 1623 847 1681 virum:

129 1706 224 1780 ‘Quid
247 1712 329 1771 iuvat
351 1727 416 1770 esse
439 1726 526 1788 pares
538 1755 548 1788 ,
571 1717 601 1770 te
624 1716 743 1770 nostrae
767 1708 857 1769 caede
881 1711 1011 1790 sororis,

61 1810 113 1861 500
171 1797 277 1877 Meque
300 1799 346 1858 tui
369 1797 491 1876 fratris,
514 1800 540 1857 si
562 1798 610 1876 pia
633 1799 693 1858 vita
715 1794 837 1876 placet?

126 1886 231 1947 Vivere
255 1884 419 1946 debuerant
441 1892 472 1945 ct
494 1887 540 1945 vir
562 1902 647 1946 meus
670 1894 701 1946 et
723 1893 774 1946 tua
797 1886 944 1966 coniunx,

172 1974 204 2036 si
226 1973 342 2035 nullum
364 1976 467 2034 ausuri
487 1975 584 2034 maius
607 1990 726 2034 eramus
749 1990 843 2051 opus.

127 2060 165 2124 Et
187 2070 277 2142 caput
299 2070 329 2123 ct
351 2078 476 2141 regnum
499 2062 574 2122 facio
598 2060 694 2122 dotale
717 2058 866 2140 parentis!

172 2149 205 2211 Si
226 2151 272 2210 rir
294 2147 349 2230 es,
372 2151 404 2229 i,
428 2148 521 2210 dictas
545 2151 628 2227 exige
652 2149 730 2210 dotis
753 2167 841 2227 opes.
951 2146 954 2155 “

60 2248 112 2300 505
127 2237 218 2316 Regia
239 2255 290 2298 res
313 2235 410 2298 scelus
433 2235 501 2298 est!
533 2254 638 2298 socero
661 2254 733 2316 cape
756 2255 846 2316 regna
869 2244 991 2317 necato,

171 2324 210 2386 Et
233 2331 350 2387 nostras
371 2326 467 2404 patrio
491 2326 634 2404 sanguine
657 2327 761 2403 tingue
782 2319 920 2385 manusl'

128 2412 248 2474 Talibus
270 2415 430 2473 instinctus
453 2413 526 2473 solio
548 2414 682 2492 privatus
704 2415 736 2473 in
759 2412 818 2473 alto

171 2500 316 2562 Sederat.
358 2500 516 2562 attonitum
538 2499 641 2579 volgus
664 2501 700 2562 ad
723 2518 804 2561 arma
826 2502 906 2562 ruit:

125 2588 202 2649 Hinc
225 2606 337 2668 cruor,
359 2587 430 2649 binc
453 2587 581 2668 caedes,
603 2588 780 2668 infirmaque
799 2591 927 2649 vincitur
946 2596 1041 2649 aetas:

57 2688 112 2738 000
173 2676 296 2754 Sceptra
319 2693 411 2755 gener
434 2692 538 2736 socero
561 2683 644 2755 rapta
668 2675 823 2756 Superbus
846 2675 950 2738 habet.

124 2764 199 2845 lpse·
215 2763 270 2825 sub
293 2763 456 2844 Esquiliis,
480 2763 531 2825 ubi
555 2773 618 2826 erat
641 2783 695 2826 sua
717 2767 798 2844 regia
810 2811 819 2846 ,
843 2782 948 2826 caesus

170 2852 306 2915 Concidit
328 2855 359 2914 15
382 2851 456 2913 dura
479 2852 725 2931 sanguinulentus
748 2853 855 2914 burno.

124 2941 223 3021 Filia,
243 2949 384 3020 carpento
408 2942 520 3018 patrios
541 2942 653 3002 initura
675 2949 816 3020 penates,

168 3027 232 3090 lbat
253 3047 308 3107 per
330 3028 442 3090 medias
465 3027 523 3089 alta
545 3029 688 3107 feroxque
712 3031 790 3089 vias.

55 3126 109 3178 605
125 3116 241 3194 Corpus
264 3125 297 3177 ut
320 3119 455 3197 aspexit,
478 3114 607 3177 lacrimis
630 3117 731 3193 auriga
754 3115 884 3194 profusis

169 3203 309 3264 Restitit.
350 3203 430 3264 bunc
453 3203 505 3264 tali
527 3205 651 3282 corripit
673 3202 722 3263 illa
745 3221 836 3263 sono:

123 3287 229 3352 ‘Vadis
241 3335 250 3372 ‚
274 3308 311 3351 an
334 3299 471 3370 expectas
493 3294 623 3371 pretium
646 3292 765 3369 pietatis
788 3288 946 3352 amarum?

168 3379 254 3458 Duc,
277 3380 420 3458 inquam,
442 3382 549 3441 invitas
571 3384 635 3458 ipsa
658 3397 713 3457 per
736 3396 787 3439 ora
810 3373 925 3440 rotasl'

122 3469 211 3531 Certa
234 3466 308 3527 ddes
331 3466 421 3528 facti.
463 3467 560 3529 dictus
584 3467 753 3528 Sceleratus
776 3466 812 3528 ab
834 3466 883 3528 illa

52 3569 107 3619 610
165 3555 278 3637 Vicus,
302 3563 332 3617 et
354 3563 474 3617 aeterna
496 3573 546 3617 res
569 3573 603 3616 ea
626 3573 729 3634 pressa
751 3563 838 3616 nota.
