2467 4042
439 195 485 248 vr.
505 197 655 248 e11-os1.
985 192 1048 259 351

132 356 180 418 Sic
203 358 300 435 agitur
323 373 450 417 censura
472 363 502 416 et
525 357 568 417 sie
592 355 726 435 exempla
747 365 907 438 parantur,

175 443 248 505 Cum
274 443 402 524 vindex,
424 443 497 505 alios
520 443 599 522 quod
622 453 746 525 monet,
769 447 833 524 ipse
856 445 944 507 16616.

322 579 372 644 12.
395 576 458 644 ΟΝ
505 580 554 644 13.
577 577 728 645 DEID·
736 579 769 646 N

38 720 42 725 ·
131 705 216 767 Nuiia
239 715 308 767 nota
330 712 378 766 est
399 705 536 768 veniente
559 705 606 767 die
618 751 629 787 ,
658 723 747 785 qnam
770 707 869 769 dicere
891 709 1006 786 possis.

34 872 35 875 Ἴ
40 772 118 857 ι666
174 793 277 855 idibus
298 791 410 853 invicto
433 802 504 855 sunt
526 793 591 855 data
615 794 724 874 templa
745 793 824 857 lori.

34 888 43 907 ⁹
131 881 200 944 Et
191 900 249 943 ram
273 880 478 960 Quinquatrus
499 881 606 943 iubeor
629 899 751 944 narrare
774 884 921 945 minores.

175 969 262 1031 Nune
280 968 350 1030 ades
372 967 412 1029 01
445 971 580 1048 coeptis,
602 969 677 1031 flava
699 969 851 1051 Minerva,
874 973 966 1032 meis.

132 1053 208 1119 ‘Cur
231 1074 322 1135 vagus
344 1055 456 1118 incedit
478 1065 539 1118 tota
563 1056 674 1119 tibicen
696 1060 728 1119 in
751 1056 861 1120 Urbe?

175 1144 253 1216 Quid
275 1142 334 1207 sibi
355 1161 521 1224 personae,
545 1145 616 1224 quid
640 1145 716 1207 stola
737 1145 824 1225 longa
846 1142 992 1208 volunti'

32 1230 36 1265 ἰ
64 1244 117 1296 666
132 1231 182 1293 Sic
205 1249 282 1310 ego.
323 1232 366 1292 sic
389 1233 485 1310 posita
508 1231 642 1295 Tritonia
665 1234 786 1312 cuspide
810 1234 900 1297 dixit:

31 1314 40 1353 θ’
176 1319 292 1380 Ρο661ιιι
314 1319 427 1379 aduam
450 1318 555 1379 doctae
577 1319 668 1381 verba
690 1321 803 1382 reierre
827 1320 916 1383 deae!

31 1408 34 1441 ’
132 1403 345 1486 ‘Temporibus
368 1412 503 1465 veterum
525 1404 657 1469 tibicinis
680 1425 753 1469 usus
776 1426 898 1470 avorum

33 1490 40 1501 ‘
175 1494 299 1573 Magnus
322 1500 353 1553 et
374 1495 405 1554 in
428 1510 535 1572 magno
558 1511 676 1574 semper
699 1495 812 1556 honore
834 1497 909 1558 init.

30 1586 32 1621 i
133 1581 275 1645 Ganmbat
296 1581 395 1661 fanis,
418 1580 554 1643 cantabat
576 1581 648 1643 tibia
670 1581 766 1663 indis,

63 1684 118 1736 666
177 1667 319 1732 Cantabat
341 1670 462 1730 maestis
486 1668 558 1730 tibia
574 1669 754 1732 duneribus:

132 1757 233 1820 Dulcis
256 1764 322 1818 erat
342 1755 481 1817 mercede
503 1756 607 1818 labor.
652 1764 830 1837 tempusque
852 1767 1006 1842 secutum,

177 1844 263 1917 Quod
286 1843 384 1907 subito
408 1842 512 1905 Graiae
535 1845 687 1923 frangeret
709 1848 781 1906 artis
805 1864 897 1928 opus3

28 1938 30 1974 i
132 1933 214 1995 Adde
238 1931 317 2011 quod
340 1930 465 2013 aedilis,
488 1949 626 2012 pompam
649 1935 699 2012 qui
723 1934 836 1995 iuueris
859 1937 955 2016 irent,

176 2021 314 2083 Artifices
337 2019 416 2081 solos
438 2022 567 2082 iusserat
589 2038 656 2082 6666
678 2021 800 2083 decem.

61 2123 117 2176 666
132 2108 228 2170 Eniiio
250 2115 366 2170 mutant
388 2106 521 2189 Urbem,
543 2107 696 2188 Tiburque
719 2109 880 2172 recedunt.

176 2195 305 2258 Exilium
327 2195 456 2276 quodam
478 2204 611 2277 tempore
635 2195 729 2259 Tibur
752 2207 832 2258 erat.

134 2285 293 2357 Quaeritur
315 2285 347 2344 io
369 2300 476 2344 scaena
498 2302 568 2345 cava
591 2284 685 2365 tibia,
708 2286 862 2364 quaeritur
884 2286 962 2365 aris;

177 2372 265 2434 Ducit
287 2388 443 2450 supremos
465 2373 570 2435 naenia
591 2372 673 2432 nulia
695 2380 795 2434 toros.

134 2459 283 2521 Servierat
305 2457 447 2540 quidam,
469 2458 654 2538 quantolibet
676 2460 780 2523 ordine
803 2460 927 2540 dignus,

58 2563 118 2616 666
178 2546 310 2627 Tibure,
333 2544 386 2607 sed
408 2546 496 2625 longo
519 2555 653 2625 tempore
675 2547 751 2609 liber
773 2556 855 2612 crat.

134 2636 215 2698 Rure
239 2635 329 2713 dapes
351 2641 436 2712 parat
456 2633 506 2696 1116
529 2652 606 2716 suo,
630 2634 806 2716 turbamque
829 2653 966 2698 canoram

177 2723 348 2785 convocate
379 2721 416 2782 ad
439 2722 531 2784 festas
553 2725 692 2785 conuenit
713 2724 763 2784 1116
785 2724 892 2804 dapes.

132 2810 198 2873 Nox
220 2818 285 2872 erat
296 2856 307 2891 ,
329 2817 361 2871 et
383 2811 458 2871 riuis
481 2810 619 2889 oculique
642 2814 790 2890 animique
813 2810 969 2893 natabant,

176 2899 250 2961 Cum
273 2900 510 2977 praecomposito
533 2900 657 2963 nuntios
680 2917 732 2960 ore
755 2903 853 2980 venit,

57 2999 118 3053 67⁶
133 2987 229 3134 atqup
251 2989 314 3069 ita,
337 2981 438 3136 “quirid
460 3003 559 3048 cessas
582 2989 715 3048 convivia
737 2987 851 3049 solvere
865 2982 910 3099 i:
933 2986 1007 3049 dixit

226 3081 312 3135 notor
334 3075 383 3137 rin
404 3076 480 3138 iotae
503 3076 561 3137 iam
585 3077 666 3136 venit
687 3092 759 3137 ecce
781 3083 866 3137 tuae.

132 3161 195 3224 Nec
219 3179 323 3243 mora,
346 3164 485 3225 convivae
508 3161 603 3224 valido
627 3161 784 3225 titubantia
805 3165 874 3225 vino

176 3250 308 3312 Membra
330 3259 470 3313 mouent:
496 3250 580 3313 dubii
602 3257 740 3330 stantque
762 3250 921 3330 labantque
942 3250 1050 3331 pedes.
1149 3248 1151 3253 ’

132 3338 170 3401 At
192 3338 330 3402 domnus
352 3334 524 3403 “discedite
538 3333 574 3400 !’'
598 3341 656 3421 ait,
684 3340 876 3419 plaustroque
900 3347 1050 3400 morantes

56 3440 118 3492 666
179 3427 328 3489 Sustulit:
359 3429 390 3488 in
411 3427 545 3507 plaustro
568 3429 685 3508 scirpea
707 3427 765 3489 lata
788 3429 861 3489 init.

131 3514 272 3578 Adiciunt
294 3532 414 3578 somnus
436 3523 555 3594 tempus
577 3523 736 3594 motusque
759 3532 951 3595 merumque,
