2467 4042
981 246 1083 303 XXXV

75 416 156 494 quod
178 416 251 474 olim
273 414 384 475 conieci
401 414 539 474 imbueris
554 414 720 488 propiora,
742 430 803 472 non
820 415 921 488 potest
939 412 1002 472 sine
1020 432 1082 473 am·

76 505 203 582 bagibus
222 500 430 580 etymologicis
445 500 530 574 effici,
549 501 585 559 ut
600 497 747 578 significet
760 519 835 578 quas
849 500 971 562 Tacitus
984 502 1082 560 tn'bus

76 593 150 654 locis
172 595 294 652 inermes
309 588 584 664 praecalidi.
639 589 796 666 vulgatum
818 592 912 650 ornate
928 592 1084 664 prwiocia

77 682 137 743 saio
164 699 184 740 a
208 679 274 740 viro
302 677 409 738 eximio
436 680 591 753 acceptum
614 675 651 735 de
672 679 821 751 republica
842 679 875 736 la
896 682 1013 737 sanotae
1029 695 1084 751 po-

73 770 193 845 pallpac
214 767 343 827 Romani
371 768 527 826 arbitrium
553 765 713 840 tarsicia,
740 764 820 840 quod
842 764 997 842 Augustus
1020 767 1084 841 ipse

76 858 109 917 in
134 857 326 917 monumento
353 853 512 931 Ancyrano
540 851 578 911 de
605 869 638 912 se
664 853 823 928 professus.
878 853 915 913 de
947 854 1085 913 vocabuli

73 947 227 1021 provincia
247 942 432 1019 proprietate
454 959 514 1001 non
536 940 633 1000 ausim
654 940 799 1000 iudicare:
829 939 968 1002 Ovidium
991 941 1084 1001 credi·

77 1033 171 1092 darim
193 1031 383 1108 potissimum
410 1029 446 1089 de
473 1047 590 1088 summa
611 1029 747 1104 potentia
769 1028 865 1088 denno
887 1029 1016 1089 feliciter
1038 1048 1086 1089 aa·

77 1123 164 1198 cepta
185 1118 428 1196 praedicaturum
449 1117 551 1177 fuisse.
605 1116 685 1192 apud
702 1117 830 1177 Dionem
852 1120 932 1177 certe
955 1117 992 1177 de
1014 1136 1084 1194 pro·

76 1209 241 1269 vincianam
268 1206 414 1267 divisione
440 1208 504 1265 tam
526 1205 617 1281 plana
639 1223 674 1265 ac
696 1204 817 1266 diserta·
830 1205 942 1266 mentio
965 1208 1024 1282 est,
1050 1209 1086 1265 ut

77 1297 140 1356 leni
162 1294 366 1355 emendatione
389 1294 427 1353 ad
454 1310 520 1352 eam
545 1291 643 1352 redire
669 1293 766 1354 liceat.
821 1295 887 1354 crib
913 1297 961 1354 est
982 1297 1084 1362 moab,

79 1386 143 1445 ortis
164 1385 266 1443 corb.
320 1384 408 1442 bactri
430 1381 534 1456 scripsi
556 1398 611 1457 pro
635 1398 680 1455 eo,
703 1381 782 1457 quod
805 1384 852 1442 est
874 1387 967 1442 oestro
988 1382 1020 1441 in
1038 1401 1085 1442 co·

79 1472 195 1532 dicibus
217 1469 429 1530 vetustissimis
452 1469 617 1529 Petariano
640 1471 672 1528 et
694 1468 862 1544 Ursiniano,
885 1488 1011 1545 quorum
1034 1470 1086 1530 ille

80 1559 229 1637 syllabam
246 1575 283 1618 aa
300 1558 447 1632 adrasum,
465 1557 543 1617 alter
559 1557 711 1634 integram
729 1576 748 1616 a
765 1558 863 1634 prima
879 1575 979 1631 manu,
997 1575 1088 1633 super

80 1649 190 1724 scripto
214 1664 232 1705 a
255 1645 384 1706 secunde
405 1662 456 1721 ro,
479 1644 619 1705 habebat.
673 1646 752 1705 orbis
778 1663 852 1705 orcae
878 1645 1012 1721 proxime
1040 1647 1087 1705 est

79 1758 106 1798 v.
123 1738 196 1810 616,
219 1737 343 1795 uallatis
365 1751 438 1794 aare
459 1732 539 1808 apud
562 1732 680 1792 Livium
703 1732 735 1791 H
753 1736 805 1793 49.
859 1734 1016 1810 genetivus
1040 1737 1087 1795 est

79 1824 178 1901 qualis
201 1823 281 1898 apud
293 1821 414 1881 Livium
427 1820 514 1881 XXII
528 1821 571 1880 40
590 1822 741 1881 combam
754 1823 828 1882 anai
835 1823 949 1895 prioris
961 1822 1006 1880 M.
1021 1819 1087 1881 All·

80 1914 160 1987 lium,
183 1908 355 1970 Ciceronem
377 1908 414 1969 de
436 1926 519 1985 pror.
543 1925 622 1968 cons.
643 1911 662 1967 2
683 1906 703 1983 ἓ
722 1912 743 1969 4
761 1911 940 1984 prouectas,
963 1927 1089 1983 quaram

80 2001 257 2060 Macedonio
275 2028 318 2039 ·-
336 2002 465 2058 cecam
513 1999 670 2071 procincto
691 2015 746 2073 pro
764 1999 851 2073 parte
868 1996 1088 2073 provinciamm

81 2087 250 2148 offensionis
272 2086 349 2146 nihil
371 2085 471 2146 habet.

169 2168 622 2235 LIB.11103unruvrnuus.
667 2172 737 2232 libri
749 2177 827 2233 meto
838 2173 976 2247 prada.

83 2259 146 2324 195
160 2273 364 2323 valeramus
378 2273 493 2321 ARMIS.
546 2261 590 2320 ita
604 2261 675 2321 libri
682 2261 805 2321 meliore
818 2278 878 2321 nno
893 2263 1015 2337 excepto
1025 2279 1087 2320 om·

80 2369 142 2411 nes.
194 2367 317 2410 versum
344 2351 518 2427 sequentem
540 2349 674 2426 spurium
696 2349 806 2426 habeo,
833 2348 912 2424 quod
934 2347 1027 2408 eladis
1050 2350 1089 2409 ad

81 2437 253 2498 Cremeram
275 2440 413 2512 acceptae
431 2438 665 2497 memoriarum
689 2437 816 2497 Alliensi
838 2437 995 2497 coniuncta
1011 2436 1088 2497 adeo

81 2529 254 2587 constanter
275 2524 394 2600 prodita
417 2527 478 2600 est,
506 2530 541 2584 ut
563 2524 704 2586 Ovidium
725 2526 825 2602 ipsum
847 2524 862 2583 Ι
887 2527 927 2585 59
956 2525 1020 2585 eius
1043 2544 1089 2585 re·

82 2616 185 2692 spectu
212 2612 365 2689 scripsisse
389 2613 568 2673 credendum
590 2615 638 2674 sit.
694 2613 730 2674 de
753 2614 835 2673 exitu
857 2612 1019 2673 Fabiorum
1041 2613 1090 2673 hio

81 2704 132 2781 agi
150 2703 243 2763 etiam
264 2721 292 2763 v.
313 2702 376 2761 235
400 2700 530 2762 indicare
553 2702 684 2763 ridetur:
707 2705 814 2779 coepta
835 2703 937 2761 tamen
955 2704 1003 2762 est
1020 2720 1089 2761 nar·

81 2792 158 2852 ratio
186 2791 224 2852 ab
252 2790 368 2851 actione
396 2790 545 2850 consulari
572 2791 604 2850 in
632 2796 751 2866 senatu,
784 2808 874 2866 quam
899 2790 996 2866 pridie
1026 2790 1090 2850 eius

81 2879 141 2939 diei
162 2879 255 2939 fuisse
278 2879 446 2940 constabat:
469 2878 539 2938 inde
562 2896 626 2938 ar,
643 2881 704 2940 197
725 2879 763 2938 ad
781 2897 808 2938 a.
822 2879 850 2938 d.
864 2877 920 2937 XV
939 2878 987 2936 Kl’
1001 2878 1091 2939 Mart.

81 2968 227 3044 pergitur,
245 2966 294 3025 cui
310 2966 356 3024 rei
372 2983 433 3024 non
451 2966 552 3025 obstat
566 2986 593 3026 v.
609 2968 683 3041 245,
702 2984 770 3025 cum
784 2984 861 3043 quae
875 2965 974 3025 sidera
987 2963 1091 3025 Idibus

81 3055 188 3131 latent,
208 3071 269 3112 non
290 3055 456 3128 appareant
477 3056 563 3113 nocte
585 3054 729 3129 sequenti,
752 3053 811 3112 nisi
826 3053 922 3112 altero
937 3052 985 3112 die
997 3053 1089 3112 inter·

81 3142 167 3201 iacto.
222 3144 292 3200 ante
314 3159 342 3200 v.
368 3141 430 3199 197
454 3158 526 3199 vero
548 3141 753 3215 reponendum
774 3140 999 3200 indicavi198:
1023 3158 1092 3199 aum

82 3248 150 3289 cum
163 3227 305 3289 librarius
323 3228 474 3286 momento
489 3226 648 3303 omisisset,
670 3226 825 3288 subiunxit
838 3226 981 3303 proximo,
1004 3228 1092 3287 binos

83 3318 273 3377 hexametros
297 3318 329 3375 et
351 3317 554 3390 pentametros
577 3316 741 3391 copularit;
764 3333 824 3390 qua
846 3314 960 3374 incana
982 3316 1092 3392 saepis·

82 3406 155 3466 sime
177 3406 210 3464 in
231 3403 331 3464 codice
349 3402 572 3480 Hamburgensi
590 3403 790 3478 Ponticorum,
815 3402 924 3463 omisso
941 3406 1092 3479 pentame-

80 3498 129 3554 tro
147 3494 163 3552 Ι
181 3506 208 3553 11
228 3495 279 3569 12,
298 3494 349 3567 36,
372 3488 506 3567 v11120,
528 3491 560 3550 II
577 3504 629 3551 v11
647 3494 700 3567 42,
723 3492 786 3552 sino
800 3509 890 3551 cauea
903 3491 919 3550 I
932 3504 958 3551 11
977 3494 1019 3552 86
1038 3492 1093 3552 ali·

81 3581 223 3660 quamdiu
245 3580 427 3658 pentametri
449 3583 671 3658 promoventur,
693 3580 861 3641 hexametri
878 3579 1094 3656 subducuntur,

847 3678 882 3734 θ*
