2467 4042
1010 10 1227 114 η

182 247 248 313 162
592 246 643 297 ax
660 245 779 299 rouro

313 410 455 472 Eiusdem
479 413 556 472 sacri
579 410 676 472 cultor
698 418 826 492 uterque
850 430 969 474 snmus.

221 514 254 565 oo
268 500 312 561 ad
336 509 432 560 vatem
455 508 537 560 rates
560 501 675 560 orantia
697 498 817 560 brachia
840 500 948 582 tendo,

313 588 407 649 Terra
431 590 470 648 sit
492 587 587 648 exitiis
610 594 646 648 ut
667 595 718 648 tua
741 587 798 648 fida
822 590 913 650 meis.

268 676 333 737 Non
357 694 412 753 ego
437 675 526 736 caede
549 667 716 735 nocens'in
739 677 828 737 Ponti
851 676 938 736 litora
961 680 1051 758 veui,

312 764 437 824 Mixtave
460 771 531 823 sunt
553 770 656 823 nostra
679 763 743 823 dira
767 781 878 825 venena
902 782 1010 825 manu:

268 852 330 913 Neo
353 869 420 912 mea
443 851 576 912 subiecta
599 853 734 912 convicta
757 860 803 913 est
825 870 940 930 gemma
963 851 1073 914 tabella

221 953 254 1003 'to
312 940 484 1001 Mendacem
507 939 574 999 linis
597 942 776 1018 imposuisse
800 949 918 1000 notam.

268 1028 329 1089 Nec
352 1029 533 1108 quicquam,
556 1027 636 1106 quod
659 1028 723 1106 lege
746 1036 831 1088 vetor
854 1029 1066 1110 committere,
1094 1032 1175 1094 feci:

312 1115 366 1177 Est
388 1124 487 1177 tamen
511 1114 558 1175 his
581 1119 698 1193 gravior
720 1133 798 1176 noxa
820 1115 937 1176 fatenda
960 1116 1052 1177 mihi.

267 1203 345 1265 Neve
361 1223 464 1284 roges,
478 1221 554 1282 quae
569 1205 623 1263 sit.
651 1203 770 1265 stultam
785 1221 873 1283 quam
888 1205 1064 1282 scripsimus
1077 1207 1196 1291 Artem,

311 1292 457 1353 Innocuos
480 1290 566 1352 uobis
589 1291 663 1353 haec
686 1300 764 1352 vetat
787 1309 854 1352 esse
876 1309 998 1353 manus.

221 1392 254 1443 tt
268 1380 382 1459 Ecquid
406 1388 560 1459 praeterea
582 1382 752 1460 peccarim,
776 1398 920 1459 quaerere
943 1380 1023 1461 noli,
1155 1399 1197 1451 (to)

315 1468 353 1529 Ut
374 1469 462 1529 lateat
485 1468 546 1529 sola
569 1468 655 1546 culpa
678 1467 742 1528 sub,
757 1467 829 1529 Arte
852 1486 935 1529 mea.

267 1556 416 1634 Quidquid
439 1556 469 1616 id
493 1565 561 1634 cst,
583 1555 687 1617 habuit
709 1555 890 1617 moderatam
913 1555 1040 1618 vindicis
1064 1560 1166 1644 iram,

312 1644 370 1716 Qui
392 1646 451 1704 nisi
474 1644 600 1704 natalem
623 1644 665 1704 nii
688 1643 760 1704 mihi
783 1643 910 1722 dempsit
932 1645 1079 1708 humum.

267 1732 328 1794 Hac
352 1734 491 1811 quoniam
514 1749 624 1810 careo,
647 1740 698 1793 tua
720 1749 801 1792 nunc
824 1733 931 1793 vicinia
954 1743 1113 1818 praestet,

219 1833 253 1883 80
311 1819 408 1882 inviso
432 1821 543 1901 possim
566 1827 651 1881 tutus
674 1828 708 1881 ut
731 1837 796 1880 esse
819 1819 901 1880 loco.

661 2011 704 2085 X.

265 2170 380 2250 Ecquid
404 2169 441 2232 ab
464 2173 626 2249 impressae
650 2173 806 2251 cognoscis
829 2173 956 2251 imagine
979 2190 1071 2237 cerae

310 2259 389 2321 ilaec
413 2259 468 2320 tibi
490 2259 637 2320 Nasonem
661 2258 794 2321 scrihere
816 2258 928 2341 verba,
950 2260 1084 2325 Macer?

266 2348 463 2425 Arrctorisque
487 2350 534 2408 sui
557 2349 582 2408 si
606 2364 666 2407 non
689 2354 736 2408 est
758 2348 864 2410 anulus
887 2348 993 2428 index,

310 2436 471 2515 cognitane
495 2443 542 2496 est
564 2444 667 2496 nostra
688 2435 786 2496 littera
810 2436 885 2496 iacta
909 2433 1028 2497 mauu?

235 2525 309 2586 dnn
334 2525 387 2585 tibi
410 2526 544 2586 notitiam
567 2541 649 2584 mora
672 2517 814 2602 te'mporis
838 2527 927 2603 eripit
948 2525 1083 2608 horum,

310 2612 371 2673 Nec
394 2620 535 2692 repetunt
558 2612 637 2672 ocuti
660 2613 743 2691 signa
765 2620 880 2674 vetusta
904 2609 974 2675 tui?

268 2700 315 2762 Sis
338 2701 407 2761 iicet
430 2700 540 2760 obiitus
564 2702 675 2778 pariter
698 2718 889 2780 gemmaeque
912 2718 1109 2789 manusque,
1219 2737 1220 2742 κ

310 2788 461 2849 Exciderit
482 2797 597 2849 tantum
622 2806 659 2849 ne
682 2788 737 2849 tibi
760 2807 831 2849 cura
855 2791 929 2850 mei.

266 2876 360 2948 Quam
383 2885 416 2937 tu
439 2875 485 2936 vel
507 2876 587 2955 longi
610 2875 702 2938 debes
725 2876 909 2938 convictibus
932 2879 1014 2958 aeri,

219 2977 252 3027 10
310 2964 362 3025 Vei
385 2982 450 3024 mea
473 2964 553 3044 quod
577 2967 705 3026 coniunx
728 2982 788 3025 non
811 2964 906 3026 aliena
928 2965 1001 3046 tihi,
1216 2987 1217 3056 p

265 3052 317 3113 Vei
340 3052 468 3133 studiis,
491 3052 600 3131 quibus
624 3071 676 3133 es,
699 3070 787 3132 quam
810 3071 884 3134 nos,
909 3055 1080 3133 sapientius
1108 3078 1195 3141 usne,

309 3140 406 3220 thue
430 3141 516 3202 decet
529 3187 538 3221 ,
561 3141 641 3201 nuda
664 3140 760 3201 sactus
784 3159 816 3201 cs
839 3141 910 3203 Arte
934 3158 1069 3206 nocens.

266 3228 311 3290 Tu
335 3231 416 3290 canis
439 3237 561 3290 aeterno
585 3228 729 3308 quidquid
751 3228 881 3291 restabat
903 3228 1052 3312 Homero,

309 3318 352 3378 Nc
376 3325 496 3378 careant
518 3335 634 3378 summa
656 3316 762 3378 Troica
784 3316 861 3378 bella
883 3336 989 3379 manu.

219 3417 251 3465 15
265 3405 343 3466 Naso
365 3424 471 3483 parum
493 3405 650 3485 prudens,
673 3414 766 3466 artem
790 3405 860 3467 dum
883 3404 974 3467 tradit
995 3412 1128 3476 amandi
1135 3461 1147 3496 ‚

310 3492 466 3554 Doctrinae
490 3495 620 3571 pretium
643 3496 728 3554 triste
750 3496 891 3573 magister
914 3493 1021 3558 habet.

267 3578 344 3638 Sunt
366 3590 462 3639 tamen
486 3583 565 3640 inter
589 3599 622 3641 se
645 3583 812 3642 communia
835 3600 918 3644 sacra
940 3586 1059 3666 poetis,
1155 3600 1192 3654 (st
