2467 4042
186 234 228 299 58
344 251 483 289 mereins
598 231 777 288 METAMM.

209 410 261 461 435
275 396 323 460 Nil
345 396 433 460 habet
454 400 511 460 ista
533 400 601 461 sui.
630 407 730 460 tecum
752 401 914 481 venitque,
936 409 1129 483 manetque;

273 486 386 549 Tecum
409 486 563 569 discedet,
586 488 612 548 si
635 496 667 548 tu
686 486 839 549 discedere
862 492 975 568 possis.

273 574 339 637 Non
361 574 446 637 illum
469 573 609 656 Cereris,
632 593 691 636 non
714 575 798 636 illum
821 593 893 637 cura
916 579 1019 656 quietis

272 663 452 725 Abstrahere
473 662 544 725 inde
564 671 686 744 potest:
708 663 760 725 sed
783 682 874 743 opaca
896 664 979 726 lusus
1000 668 1030 726 in
1052 665 1171 727 herba

275 751 396 832 Spectat
418 750 567 831 inexpleto
590 751 762 814 mendacem
783 750 895 813 lumine
918 753 1057 835 sormam,

208 852 261 903 440
274 840 392 921 Perque
415 839 517 902 oculos
538 842 617 920 perit
640 842 704 920 ipse
726 858 819 902 suos.
841 840 1018 922 paulumque
1040 841 1194 925 levatus,

273 928 318 990 Ad
341 931 567 991 circumstantes
590 928 716 991 tendens
737 946 792 991 sua
813 926 952 990 bracchia
974 930 1078 1012 silvas,

275 1013 396 1097 ‘Ecquis
408 1064 419 1098 ‚
440 1019 470 1081 io
493 1017 604 1098 silvae,
627 1012 789 1078 crudeliuo'
812 1019 910 1096 inquit
932 1013 1073 1081 ‘amaritl

275 1105 364 1167 Scitis
387 1107 466 1166 enim
489 1113 521 1166 et
541 1104 643 1167 multis
666 1103 778 1167 latebra
800 1113 967 1186 opportuna
989 1108 1109 1169 fuistis.

272 1193 428 1275 Ecquem,
451 1212 519 1255 cum
537 1201 653 1255 restrae
676 1201 721 1254 tot
744 1202 867 1273 agantur
890 1195 1130 1279 saecularitate,

208 1281 333 1353 455051
355 1284 398 1343 sic
422 1279 571 1364 tabuerit,
594 1280 682 1361 longo
700 1283 876 1344 meministis
897 1284 929 1344 in
952 1280 1049 1345 aevo?

274 1369 313 1430 lit
334 1369 431 1450 placet
453 1378 484 1431 et
505 1369 612 1432 rideo:
635 1369 688 1432 sed
711 1370 790 1450 quod
808 1369 952 1450 uideoque
975 1371 1161 1456 placetque,

274 1458 340 1518 Non
363 1466 461 1521 tamen
483 1459 620 1520 invenio:
643 1462 744 1520 tantus
760 1465 843 1521 tenet
865 1476 951 1520 error
973 1469 1145 1523 amantem.

276 1546 402 1626 Quoque
424 1549 517 1627 magis
540 1545 676 1628 doleam,
698 1564 755 1608 nec
777 1564 832 1609 nos
846 1565 927 1608 mare
941 1559 1059 1628 separat
1073 1552 1188 1628 ingens
1194 1598 1205 1632 ‚

275 1634 337 1696 Nec
359 1637 404 1696 ria
416 1683 426 1717 ,
449 1653 505 1697 nec
528 1645 645 1697 montes
657 1681 667 1717 ‚
689 1653 746 1696 nec
768 1634 876 1696 clausis
899 1639 1016 1697 moenia
1037 1640 1159 1717 portis:

209 1733 261 1786 450
275 1722 389 1803 Exigua
410 1723 603 1804 prohibemur
626 1741 722 1803 aqua.
752 1725 835 1803 cupit
856 1726 920 1804 ipse
943 1727 1058 1787 tenerit

275 1810 349 1873 Nam
372 1813 509 1891 quotiens
531 1811 651 1892 liquidis
674 1814 861 1892 porreximus
884 1811 984 1874 oscula
1007 1812 1158 1897 lymphis,

274 1899 330 1961 Hic
352 1902 462 1962 totiens
485 1899 521 1962 ad
544 1918 592 1961 me
614 1902 756 1980 resupino
779 1901 885 1961 nititur
903 1918 973 1961 ore.

274 1988 366 2050 Posse
392 1996 480 2069 putes
507 1991 611 2069 tangi:
638 1991 794 2050 minimum
821 1995 893 2070 est,
920 1987 999 2068 quod
1029 1990 1200 2053 amantibus

921 2075 1035 2138 obstat.

276 2165 416 2245 Quisquis
439 2183 472 2227 eo
484 2213 495 2247 ‚
516 2166 575 2227 huc
598 2163 667 2227 exii
691 2163 761 2245 quid
784 2183 832 2226 me
843 2212 853 2246 ,
871 2183 947 2244 puer
968 2166 1057 2227 unice
1068 2212 1080 2248 ‚
1105 2166 1199 2251 fallis,

209 2264 260 2314 455
276 2252 377 2326 Quove
395 2256 507 2334 petitus
530 2251 624 2315 abis?
647 2261 729 2316 corte
752 2271 808 2316 nec
830 2254 925 2314 iorma
946 2271 1003 2315 nec
1025 2262 1110 2315 aetas

275 2341 329 2403 Est
338 2360 403 2403 mea
410 2389 420 2424 ,
430 2359 519 2422 quam
529 2342 642 2423 fugias,
656 2350 686 2403 et
695 2349 831 2404 amarunt
841 2359 888 2401 me
899 2359 1017 2421 quoque
1031 2344 1196 2424 nymphae.

277 2430 367 2510 Spem
389 2431 462 2491 milri
484 2433 694 2511 nescioquam
716 2429 799 2491 uultu
821 2431 971 2510 promittis
994 2432 1110 2515 amico,

276 2517 410 2598 Cumque
433 2537 488 2598 ego
510 2522 632 2599 porrexi
653 2517 708 2580 tibi
729 2517 889 2599 bracchia,
910 2519 1038 2598 porrigis
1061 2518 1162 2585 ultro:

278 2606 353 2668 Cum
375 2609 450 2688 risi,
473 2606 609 2670 arrides:
631 2606 766 2669 lacrimas
791 2624 908 2686 quoquc
932 2624 1019 2686 saepe
1042 2611 1140 2669 notari

210 2706 262 2757 450
276 2695 322 2757 lile
345 2695 516 2757 lacrimante
540 2704 625 2758 tuas:
647 2703 722 2757 nutu
746 2712 865 2775 quoque
888 2696 971 2774 signa
993 2696 1137 2759 remittis:

275 2783 314 2846 Et
326 2830 336 2866 ‚
359 2792 503 2864 quantum
525 2791 608 2846 motu
632 2784 754 2845 formosi
776 2784 913 2863 suspicor
935 2785 1014 2865 oris,

276 2870 372 2934 Verba
394 2874 513 2953 refers,
536 2890 624 2933 aures
647 2889 707 2933 non
729 2873 931 2951 pervenientia
955 2880 1071 2933 nostras
1094 2903 1135 2915 —

276 2960 336 3023 iste
360 2978 414 3040 ego
438 2959 526 3022 sumi
551 2961 653 3041 sensi3
676 2977 732 3021 nec
754 2976 802 3021 me
824 2977 889 3021 mea
912 2959 986 3021 lallit
1006 2962 1118 3038 imago.

276 3047 354 3110 Uror
377 3066 476 3110 amore
499 3051 581 3130 mei,
604 3049 735 3109 dammas
754 3065 916 3128 moveoque
939 3049 1080 3127 seroque.

206 3147 262 3198 tto
277 3137 355 3209 Quid
368 3133 499 3199 faciam?
512 3154 618 3218 roger,
632 3155 708 3198 anne
717 3132 846 3216 rogem?
859 3136 931 3216 quid
940 3135 1045 3197 deinde
1059 3134 1192 3216 rogato?

278 3225 362 3297 Quod
386 3230 474 3306 cupio
497 3243 615 3287 mecum
634 3233 702 3287 est:
725 3226 844 3304 inopem
866 3243 914 3286 me
937 3226 1021 3304 copia
1043 3225 1130 3287 iecit.

278 3312 302 3375 0
326 3316 439 3375 udnam
462 3332 478 3375 a
501 3321 604 3378 nostm
628 3312 768 3375 secedere
793 3330 918 3392 corpore
939 3311 1075 3393 posseml

278 3399 384 3464 Votum
401 3404 433 3464 in
457 3409 571 3464 amante
594 3419 726 3483 norum,
748 3399 854 3462 vellem
876 3400 956 3480 quod
979 3418 1124 3485 mamus,

997 3489 1126 3552 abesset!
1147 3525 1186 3538 ·—

278 3576 397 3657 lamque
420 3577 505 3640 dolor
527 3581 605 3640 vires
629 3577 750 3659 adimit,
773 3596 829 3639 nec
851 3587 984 3659 tempora
1006 3581 1081 3641 ritae
