2467 4042
369 333 373 340 ,
404 261 461 335 m,
483 258 685 324 555-555.

106 415 137 474 Α
154 412 257 474 doctis
271 413 405 489 pretium
419 414 522 474 scelus
537 420 586 474 est
601 429 729 487 sperare
742 411 853 489 poetis.

149 497 201 557 1115
219 498 380 558 misemmt
406 498 509 558 scelus
525 497 586 558 hoc
601 498 686 557 55115
702 498 804 573 555115
820 497 912 557 timet.

110 581 309 643 Dissimulate
325 589 441 655 tamen,
465 596 522 641 nec
539 582 637 656 prima
650 582 749 641 trente
764 595 895 654 rapaces

150 665 234 731 Este.
259 681 360 726 novus
375 665 445 725 viso
461 680 553 724 casse
567 665 691 726 resistet
705 682 822 725 amans.

45 758 96 811 555
107 746 171 809 Sed
185 764 290 824 neque
304 755 412 809 vector
423 764 551 824 equum,
576 750 630 825 qui
644 765 743 824 nuper
758 748 855 810 sensit
865 748 1012 827 habenas,

151 831 356 907 comparibus
375 833 469 893 155515
485 833 696 908 artificemque
710 840 804 908 reget,

106 916 169 976 Nec
184 916 305 976 stabitis
321 916 441 977 animos
457 918 546 977 annis
560 916 754 992 viridemque
769 918 921 977 iuventam

147 1000 188 1061 Ut
204 1000 327 1076 capias,
349 1001 432 1061 idem
448 1001 534 1062 times
550 1000 774 1075 agendus-erit.

105 1083 162 1143 Hic
177 1084 265 1144 rudis
281 1090 312 1145 et
327 1085 437 1145 castris
451 1100 532 1144 nunc
550 1085 680 1159 primum
695 1092 785 1145 natus
800 1084 932 1160 Amoris,

42 1177 95 1233 5511
149 1167 206 1241 Qui
222 1168 319 1242 tetigit
333 1167 483 1229 thalamos
498 1170 614 1244 praeda
630 1169 754 1230 novetia
767 1176 848 1240 tuos,

103 1252 146 1311 Te
161 1252 264 1312 solam
280 1252 374 1324 norit,
397 1252 450 1312 tibi
466 1268 590 1328 semper
602 1253 759 1313 inhaereat
774 1253 838 1313 uni:

147 1336 307 1411 Cingenda
322 1342 370 1396 est
384 1336 452 1396 attis
467 1336 613 1412 saepibus
628 1337 688 1397 ista
702 1352 804 1411 seges.

104 1418 217 1494 affuge
231 1420 369 1479 rivalem.
391 1420 513 1495 vinces,
536 1421 608 1481 dum
625 1421 693 1480 sola
708 1421 836 1480 tenebis.

145 1504 216 1563 Non
230 1504 311 1564 bene
327 1518 395 1563 cum
410 1504 503 1564 sociis
518 1519 614 1578 regna
631 1506 800 1579 Venusque
816 1511 946 1564 manent

40 1588 157 1651 5551115
172 1594 266 1647 55155
280 1587 368 1647 mites
383 1588 497 1648 sensim
514 1594 544 1647 et
561 1588 716 1662 sapienter
730 1587 853 1661 amabit,

144 1671 306 1745 Multaque
321 1671 409 1730 tironi
425 1687 486 1733 non
501 1671 647 1747 patienda
662 1672 746 1730 15551.

102 1755 166 1814 Nee
182 1754 303 1829 franget
317 1761 439 1829 555155,
461 1770 519 1814 555
534 1755 637 1815 555515
653 1754 775 1829 ignibus
789 1760 864 1826 5551,

143 1838 211 1898 Nec
228 1836 372 1897 dominae
387 1845 508 1898 teneras
524 1838 649 1913 adpetet
665 1854 768 1914 ungue
782 1854 888 1913 genas,

103 1921 167 1981 Nec
182 1922 305 1981 scindet
320 1920 479 1981 tunicasve
494 1938 567 1981 5555
583 1922 744 1983 tunicasve
759 1921 886 1998 5551155,

37 2013 91 2068 575
142 2004 208 2064 Ν55
222 2012 329 2079 555155
343 2002 438 2065 1155511
453 2021 548 2066 55555
563 2005 692 2081 capillus
707 2005 772 2066 erit.

101 2089 166 2149 Ista
182 2088 293 2148 decent
309 2104 422 2162 pueros
436 2097 536 2149 aetate
553 2097 584 2150 et
597 2105 702 2149 amore
718 2092 862 2149 55155155.

143 2172 204 2231 Η15
217 2174 283 2231 1555
298 2174 468 2247 composita
482 2174 609 2233 vulnera
625 2180 725 2234 mente
740 2174 826 2234 ieret.

100 2254 230 2331 Ignibus
244 2255 307 2316 heu
323 2257 412 2316 tentis
430 2264 546 2329 uretur,
569 2264 602 2317 ut
615 2256 720 2316 umida
735 2258 832 2332 15555,

144 2340 187 2401 Ut
200 2340 292 2401 modo
307 2340 459 2400 montanis
474 2341 554 2401 sitva
570 2341 671 2401 recisa
686 2341 774 2415 iugis.

35 2423 284 2488 51505511551515
299 2440 385 2485 amor
401 2431 457 2485 est.
479 2424 584 2499 gravis
600 2431 630 2484 et
645 2424 806 2485 secundior
819 2425 878 2486 1115.

144 2507 231 2581 Quae
246 2508 377 2582 tugiunt,
399 2508 492 2568 551551
507 2509 622 2584 carpite
638 2524 729 2583 poma
745 2525 843 2569 manu.

100 2589 213 2652 Omnia
226 2592 393 2652 tradantur.
417 2599 521 2667 portas
538 2594 746 2654 reseravimus
761 2593 856 2653 hosti:

139 2676 182 2735 Et
196 2675 235 2734 sit
249 2676 280 2734 in
296 2676 391 2736 infida
406 2676 579 2751 proditione
594 2677 683 2737 fides.

99 2759 193 2835 Quod
208 2759 298 2819 datur
311 2775 352 2819 ex
366 2759 462 2836 155111,
485 2761 608 2835 longum
623 2763 702 2820 mate
716 2760 809 2822 nutrit
824 2776 971 2821 amaremr

35 2852 87 2908 555
141 2841 305 2903 Miscenda
319 2851 367 2905 est
380 2845 467 2904 155115
482 2860 552 2904 5555
566 2846 691 2920 5555155
707 2846 794 2906 15515.

97 2930 183 2988 Α515
198 2927 281 2987 15555
297 2926 408 3002 iaceat,
432 2929 578 2989 ‘crudetis
593 2928 684 2989 ianua
692 2933 712 2987 t’
735 2930 824 3002 dicat,

141 3012 301 3086 Muttaque
316 3011 494 3087 summisse,
516 3012 609 3072 multa
624 3013 771 3074 minanter
786 3019 865 3089 agat.

97 3095 208 3157 Dulcia
222 3111 286 3157 555
302 3096 435 3156 terimus.
458 3112 534 3158 suco
548 3112 732 3158 renovemur
748 3113 862 3158 amaro.

142 3179 246 3254 Saepe
262 3180 341 3256 perit
355 3180 455 3241 ventis
472 3180 581 3241 obruta
596 3182 706 3241 cumba
719 3181 795 3242 suis.

34 3271 84 3327 585
94 3264 166 3324 Hoc
181 3271 241 3337 551,
265 3279 381 3325 uxores
396 3264 481 3340 quod
496 3280 558 3326 nan
573 3263 704 3339 patiatur
717 3266 828 3326 amarit

141 3347 336 3409 Conveniunt
348 3347 431 3423 11155,
454 3363 524 3408 cum
538 3349 679 3421 volucre,
698 3348 766 3409 viri.

97 3430 191 3493 Adde
205 3431 320 3506 iorem,
342 3438 373 3493 et
386 3433 462 3493 duro
478 3433 561 3493 dicat
572 3432 626 3494 tibi
641 3432 751 3494 ianitor
765 3448 819 3494 555

141 3515 222 3577 ‘Non
238 3517 352 3592 potas,
375 3518 534 3579 cxctusum
548 3523 578 3577 te
592 3532 717 3594 quoque
733 3523 836 3592 tanget
850 3522 949 3578 amor!
