2467 4042
167 234 211 299 42
590 231 762 283 'rnrsrruu

209 412 242 462 25
257 398 336 478 Ergo
359 414 414 476 ego
437 414 502 457 snm
527 394 637 457 dubius
659 397 759 476 vitae,
780 402 814 456 tu
838 394 962 456 forsitan
985 397 1053 457 istic

257 485 421 549 Iucundum
445 486 542 545 nostri
565 486 666 545 nescia
689 477 806 562 tempus
830 480 918 563 agis?

256 574 322 636 Non
346 575 430 654 agis3
453 572 599 634 adfirmo.
636 572 731 651 liquet
752 571 831 651 hoc,
855 574 1028 653 carissima,
1051 572 1165 655 nobis,

257 662 387 741 Tempus
410 662 457 740 agi
479 662 544 722 sine
568 679 615 722 mo
639 678 699 722 non
723 662 781 722 nisi
803 662 890 721 triste
913 660 984 723 tibi.

257 751 290 812 Si
312 759 411 812 tamen
434 749 557 829 inplevit
580 766 645 810 mee
668 766 755 828 sors,
780 766 855 828 quos
879 748 1003 829 debuit,
1026 767 1146 834 annos,

210 853 243 902 30
258 839 297 900 Et
319 838 392 899 milri
415 837 531 899 vivendi
555 843 613 898 tam
638 838 697 898 cito
721 838 788 897 bnis
812 835 913 917 adest,

258 927 406 998 Quantum
430 934 494 987 erat
506 972 515 1007 ,
539 943 556 986 o
579 927 679 1005 magni
691 971 700 1005 ,
722 927 869 986 morituro
891 942 1037 1006 parcere,
1060 926 1146 1010 dlvi,

255 1015 295 1076 Ut
317 1014 420 1075 saltem
443 1016 538 1093 patria
561 1012 783 1075 contumularer
806 1010 923 1075 humo?

258 1102 309 1164 Vel
332 1120 427 1181 poena
450 1104 480 1163 in
504 1112 622 1182 tempus
646 1104 751 1163 mortis
774 1101 862 1163 dilata
886 1102 1008 1184 luisset,

256 1190 308 1251 Vel
330 1193 532 1270 praecepisset
554 1208 636 1251 mors
658 1199 817 1270 properata
839 1190 956 1270 lugam.

209 1291 242 1341 35
257 1279 375 1357 integer
397 1279 473 1339 hanc
495 1281 580 1358 potui
603 1297 699 1358 nuper
721 1278 797 1339 bene
821 1278 946 1339 reddere
969 1278 1086 1360 lucem3

257 1366 333 1427 Exul
356 1373 390 1427 ul
412 1366 601 1448 occiderem,
625 1384 705 1428 nunc
729 1366 801 1427 mihi
824 1368 883 1427 vita
906 1367 971 1427 data
995 1377 1056 1429 est.

256 1456 329 1516 Tam
351 1453 456 1533 procul
478 1456 588 1533 ignotis
610 1455 703 1532 igitur
725 1456 888 1515 moriemur
911 1456 941 1515 in
965 1457 1043 1537 oris,

256 1543 295 1604 Et
317 1543 389 1604 fient
412 1545 476 1621 ipso
499 1545 596 1603 tristia
617 1542 678 1602 lata
700 1541 784 1624 loco;

256 1631 317 1692 Nec
340 1649 405 1692 mea
428 1639 570 1692 consueto
593 1630 787 1710 languescent
810 1648 934 1709 corpora
957 1631 1051 1711 lecto,

207 1733 242 1781 40
257 1720 429 1799 Depositum
452 1736 508 1779 nec
531 1736 578 1779 me
602 1721 654 1799 qui
676 1719 766 1798 lleat,
789 1719 867 1780 ullus
890 1720 966 1800 erit3

256 1808 317 1868 Nec
340 1807 475 1868 dominae
499 1805 629 1867 lacrimis
651 1808 683 1868 in
706 1815 808 1868 nostra
831 1806 1005 1868 cadentibus
1028 1825 1082 1869 ora

255 1896 405 1957 Accedent
426 1897 540 1956 animae
564 1904 698 1973 tempora
720 1914 809 1974 parva
832 1913 934 1976 meae;

255 1983 316 2044 Nec
339 1984 474 2044 mandata
497 1982 594 2063 dabo,
618 2000 674 2044 nec
697 2002 766 2045 cum
789 1983 916 2045 clamore
940 2001 1080 2062 supremo

255 2072 402 2133 babentes
425 2070 528 2132 oculos
551 2071 659 2133 condet
681 2074 774 2133 amica
797 2090 919 2152 manus,

207 2173 241 2223 45
256 2160 315 2221 Sed
339 2163 403 2221 sine
427 2159 582 2221 funeribus
605 2168 694 2238 caput
717 2159 796 2240 hoc,
822 2163 887 2222 sino
910 2160 1023 2222 honore
1047 2164 1190 2244 sepulcri

254 2248 475 2328 indeploratum
497 2247 622 2309 barbara
645 2258 725 2310 terra
748 2248 845 2329 tegetl

256 2337 394 2419 Ecquid,
417 2336 469 2398 nbi
491 2336 644 2418 audieris,
667 2344 729 2398 tota
751 2335 911 2398 turbabere
935 2346 1050 2417 mente,

256 2425 294 2486 Et
317 2426 406 2486 series
428 2425 531 2505 pavida
554 2433 675 2504 pectora
698 2425 757 2486 fida
779 2421 894 2487 manu?

254 2513 391 2594 Ecquid,
419 2515 450 2574 in
473 2513 527 2575 bas
550 2514 661 2575 lrustra
684 2512 810 2576 tendens
838 2520 888 2575 tua
915 2513 1035 2576 brachia
1058 2524 1187 2602 partes,

207 2613 241 2664 50
256 2601 400 2663 Clamabis
423 2604 526 2663 miseri
548 2620 657 2663 nomen
681 2603 768 2663 inane
791 2599 875 2664 virt?
1010 2656 1019 2670 .

255 2688 348 2750 Parce
371 2699 470 2751 tamen
494 2689 624 2751 lacerare
647 2708 738 2771 genas
751 2692 767 2772 ,'
784 2708 840 2752 nec
863 2689 964 2751 scinde
988 2690 1132 2770 capillos:

253 2777 319 2839 Non
343 2777 398 2838 tibi
420 2797 501 2840 nunc
523 2780 676 2860 primum,
699 2778 749 2839 lur
773 2797 859 2859 mea,
883 2789 985 2858 raptus
1008 2797 1078 2841 ero.

255 2866 329 2927 Cum
351 2869 477 2946 patriam
501 2868 607 2948 amisi,
631 2876 703 2928 tunc
727 2885 774 2928 me
798 2868 922 2946 periisse
945 2875 1066 2946 putato.

254 2954 293 3016 Et
314 2957 398 3034 prior
421 2963 452 3017 et
474 2957 591 3034 gravior
614 2973 695 3018 mors
718 2956 775 3016 luit
796 2955 846 3016 illa
868 2954 958 3017 mibi.

207 3056 239 3104 55
255 3043 339 3104 Nunc
353 3090 362 3124 ,
395 3045 421 3103 si
453 3044 529 3104 torte
562 3050 647 3123 potes
661 3090 669 3123 ,
692 3075 732 3087 -
766 3043 818 3104 sed
846 3061 906 3104 non
933 3051 1036 3125 potes,
1066 3049 1185 3126 optima

634 3134 763 3194 coniunx
781 3163 823 3175 —

254 3219 360 3279 Finitis
384 3219 479 3298 gaude
502 3227 546 3281 tot
569 3221 642 3282 mihi
665 3229 760 3281 morte
783 3219 884 3281 malis.

255 3307 340 3378 Quod
363 3314 471 3389 potes,
496 3315 623 3370 extenua
646 3309 715 3369 lorti
739 3308 813 3369 mala
837 3308 926 3370 corde
951 3307 1091 3390 terendo,

254 3395 297 3456 Ad
322 3413 397 3475 quae
421 3397 616 3475 iampridem
641 3414 700 3457 non
724 3396 799 3457 rude
821 3404 927 3476 pectus
950 3396 1059 3458 habes.

254 3483 350 3561 Atque
373 3485 485 3544 utinam
509 3493 633 3563 pereant
656 3487 769 3546 animae
797 3504 865 3546 cum
889 3503 1015 3565 corpore
1037 3494 1178 3567 nostrae,

206 3582 239 3630 60
254 3568 440 3649 Eliugiatque
465 3572 565 3632 avidos
587 3589 657 3650 pars
680 3573 754 3633 mihi
776 3572 857 3634 nulla
880 3591 986 3652 rogos.
