<?xml version="1.0" encoding="UTF-8"?>
<!DOCTYPE html PUBLIC "-//W3C//DTD XHTML 1.0 Transitional//EN"
    "http://www.w3.org/TR/xhtml1/DTD/xhtml1-transitional.dtd">
<html xmlns="http://www.w3.org/1999/xhtml" xml:lang="en" lang="en">
 <head>
  <title>
</title>
<meta http-equiv="Content-Type" content="text/html;charset=utf-8" />
  <meta name='ocr-system' content='tesseract 3.04.00' />
  <meta name='ocr-capabilities' content='ocr_page ocr_carea ocr_par ocr_line ocrx_word'/>
</head>
<body>
  <div class='ocr_page' id='page_1' title='image "./povidiusnaso00ehwagoog_0149.png"; bbox 0 0 2467 4042; ppageno 0'>
   <div class='ocr_carea' id='block_1_1' title="bbox 138 245 1065 321">
    <p class='ocr_par' dir='ltr' id='par_1_1' title="bbox 138 245 1065 321">
     <span class='ocr_line' id='line_1_1' title="bbox 138 245 1065 321; baseline 0.002 -9"><span class='ocrx_word' id='word_1_1' title='bbox 138 251 205 312; x_wconf 88' lang='lat'><em>1111.</em></span> <span class='ocrx_word' id='word_1_2' title='bbox 227 249 419 312; x_wconf 82' lang='lat' dir='ltr'><strong>PHAEDRA</strong></span> <span class='ocrx_word' id='word_1_3' title='bbox 442 245 566 321; x_wconf 64' lang='lat' dir='ltr'><strong>liuto.</strong></span> <span class='ocrx_word' id='word_1_4' title='bbox 594 249 631 307; x_wconf 93' lang='lat' dir='ltr'><strong>V.</strong></span> <span class='ocrx_word' id='word_1_5' title='bbox 653 247 806 310; x_wconf 85' lang='grc' dir='ltr'>ΟΕΝΟΝΕ</span> <span class='ocrx_word' id='word_1_6' title='bbox 830 248 899 312; x_wconf 86' lang='lat'><strong>1-</strong></span> <span class='ocrx_word' id='word_1_7' title='bbox 912 247 962 312; x_wconf 82' lang='lat'><strong>73.</strong></span> <span class='ocrx_word' id='word_1_8' title='bbox 1025 248 1065 315; x_wconf 70' lang='lat' dir='ltr'><strong>ii</strong></span> 
     </span>
    </p>
   </div>
   <div class='ocr_carea' id='block_1_2' title="bbox 83 399 998 3595">
    <p class='ocr_par' dir='ltr' id='par_1_2' title="bbox 83 399 998 3595">
     <span class='ocr_line' id='line_1_2' title="bbox 166 399 835 467; baseline -0.004 -2"><span class='ocrx_word' id='word_1_9' title='bbox 166 404 264 467; x_wconf 80' lang='lat' dir='ltr'><strong>Venit</strong></span> <span class='ocrx_word' id='word_1_10' title='bbox 278 403 309 463; x_wconf 92' lang='lat' dir='ltr'><strong>in</strong></span> <span class='ocrx_word' id='word_1_11' title='bbox 324 402 481 463; x_wconf 80' lang='lat' dir='ltr'>arbitrium</span> <span class='ocrx_word' id='word_1_12' title='bbox 495 401 579 463; x_wconf 91' lang='lat' dir='ltr'><strong>nuda</strong></span> <span class='ocrx_word' id='word_1_13' title='bbox 590 399 729 463; x_wconf 88' lang='lat' dir='ltr'><strong>Minerva</strong></span> <span class='ocrx_word' id='word_1_14' title='bbox 741 409 835 464; x_wconf 86' lang='lat' dir='ltr'><strong>tuum.</strong></span> 
     </span>
     <span class='ocr_line' id='line_1_3' title="bbox 122 486 886 563; baseline -0.003 -13"><span class='ocrx_word' id='word_1_15' title='bbox 122 489 254 550; x_wconf 82' lang='lat' dir='ltr'><strong>Attoniti</strong></span> <span class='ocrx_word' id='word_1_16' title='bbox 269 488 406 548; x_wconf 89' lang='lat' dir='ltr'><strong>micuere</strong></span> <span class='ocrx_word' id='word_1_17' title='bbox 421 486 523 559; x_wconf 87' lang='lat' dir='ltr'><strong>sinus,</strong></span> <span class='ocrx_word' id='word_1_18' title='bbox 545 487 729 562; x_wconf 83' lang='lat' dir='ltr'><strong>gelidusque</strong></span> <span class='ocrx_word' id='word_1_19' title='bbox 744 488 886 563; x_wconf 78' lang='lat' dir='ltr'><strong>cucurrit,</strong></span> 
     </span>
     <span class='ocr_line' id='line_1_4' title="bbox 166 571 858 647; baseline -0.006 -13"><span class='ocrx_word' id='word_1_20' title='bbox 166 574 209 634; x_wconf 89' lang='lat' dir='ltr'><strong>Ut</strong></span> <span class='ocrx_word' id='word_1_21' title='bbox 223 572 298 632; x_wconf 89' lang='lat' dir='ltr'><strong>mihi</strong></span> <span class='ocrx_word' id='word_1_22' title='bbox 312 571 458 646; x_wconf 86' lang='lat' dir='ltr'><strong>narrasti,</strong></span> <span class='ocrx_word' id='word_1_23' title='bbox 482 572 559 631; x_wconf 90' lang='lat' dir='ltr'><strong>dura</strong></span> <span class='ocrx_word' id='word_1_24' title='bbox 574 587 631 647; x_wconf 87' lang='lat' dir='ltr'><strong>per</strong></span> <span class='ocrx_word' id='word_1_25' title='bbox 646 587 721 632; x_wconf 90' lang='lat' dir='ltr'><strong>ossa</strong></span> <span class='ocrx_word' id='word_1_26' title='bbox 735 577 858 632; x_wconf 89' lang='lat' dir='ltr'><strong>tremor.</strong></span> 
     </span>
     <span class='ocr_line' id='line_1_5' title="bbox 126 654 995 731; baseline -0.006 -12"><span class='ocrx_word' id='word_1_27' title='bbox 126 657 306 719; x_wconf 87' lang='lat' dir='ltr'><strong>Consului...</strong></span> <span class='ocrx_word' id='word_1_28' title='bbox 324 671 427 731; x_wconf 90' lang='lat' dir='ltr'><strong>neque</strong></span> <span class='ocrx_word' id='word_1_29' title='bbox 442 655 523 715; x_wconf 90' lang='lat' dir='ltr'><strong>enim</strong></span> <span class='ocrx_word' id='word_1_30' title='bbox 537 654 658 716; x_wconf 88' lang='lat' dir='ltr'><strong>modice</strong></span> <span class='ocrx_word' id='word_1_31' title='bbox 672 655 839 716; x_wconf 89' lang='lat' dir='ltr'><strong>terrebar...</strong></span> <span class='ocrx_word' id='word_1_32' title='bbox 856 671 995 731; x_wconf 85' lang='lat' dir='ltr'><strong>anusque</strong></span> 
     </span>
     <span class='ocr_line' id='line_1_6' title="bbox 83 739 915 818; baseline -0.01 -13"><span class='ocrx_word' id='word_1_33' title='bbox 83 753 118 806; x_wconf 79' lang='lat' dir='ltr'><strong>so</strong></span> <span class='ocrx_word' id='word_1_34' title='bbox 170 742 425 818; x_wconf 79' lang='lat' dir='ltr'>Longaevosque</span> <span class='ocrx_word' id='word_1_35' title='bbox 443 748 546 800; x_wconf 88' lang='lat' dir='ltr'><strong>senes.</strong></span> <span class='ocrx_word' id='word_1_36' title='bbox 580 739 716 801; x_wconf 87' lang='lat' dir='ltr'><strong>constitit</strong></span> <span class='ocrx_word' id='word_1_37' title='bbox 730 756 803 801; x_wconf 88' lang='lat' dir='ltr'><strong>esse</strong></span> <span class='ocrx_word' id='word_1_38' title='bbox 816 740 915 802; x_wconf 84' lang='lat' dir='ltr'><strong>nefas.</strong></span> 
     </span>
     <span class='ocr_line' id='line_1_7' title="bbox 125 822 954 901; baseline -0.005 -14"><span class='ocrx_word' id='word_1_39' title='bbox 125 826 226 887; x_wconf 82' lang='lat' dir='ltr'><strong>caesa</strong></span> <span class='ocrx_word' id='word_1_40' title='bbox 240 825 345 898; x_wconf 89' lang='lat' dir='ltr'><strong>abies,</strong></span> <span class='ocrx_word' id='word_1_41' title='bbox 369 830 536 900; x_wconf 76' lang='lat' dir='ltr'><strong>sectaeque</strong></span> <span class='ocrx_word' id='word_1_42' title='bbox 550 822 664 884; x_wconf 86' lang='lat' dir='ltr'><strong>trabes.</strong></span> <span class='ocrx_word' id='word_1_43' title='bbox 687 829 717 883; x_wconf 90' lang='lat' dir='ltr'><strong>et</strong></span> <span class='ocrx_word' id='word_1_44' title='bbox 732 825 834 886; x_wconf 90' lang='lat' dir='ltr'><strong>classe</strong></span> <span class='ocrx_word' id='word_1_45' title='bbox 848 832 954 901; x_wconf 86' lang='lat' dir='ltr'><strong>parata</strong></span> 
     </span>
     <span class='ocr_line' id='line_1_8' title="bbox 169 908 767 984; baseline -0.008 -13"><span class='ocrx_word' id='word_1_46' title='bbox 169 911 300 971; x_wconf 83' lang='lat' dir='ltr'><strong>Caerula</strong></span> <span class='ocrx_word' id='word_1_47' title='bbox 314 914 434 970; x_wconf 88' lang='lat' dir='ltr'><strong>ceratas</strong></span> <span class='ocrx_word' id='word_1_48' title='bbox 449 908 561 984; x_wconf 84' lang='lat' dir='ltr'><strong>accipit</strong></span> <span class='ocrx_word' id='word_1_49' title='bbox 573 909 659 968; x_wconf 90' lang='lat' dir='ltr'><strong>unda</strong></span> <span class='ocrx_word' id='word_1_50' title='bbox 676 914 767 969; x_wconf 86' lang='lat' dir='ltr'><strong>rates.</strong></span> 
     </span>
     <span class='ocr_line' id='line_1_9' title="bbox 126 990 875 1069; baseline -0.008 -15"><span class='ocrx_word' id='word_1_51' title='bbox 126 994 222 1055; x_wconf 80' lang='lat' dir='ltr'><strong>Flesti</strong></span> <span class='ocrx_word' id='word_1_52' title='bbox 236 990 434 1054; x_wconf 80' lang='lat' dir='ltr'><strong>discedens.;.</strong></span> <span class='ocrx_word' id='word_1_53' title='bbox 447 992 509 1054; x_wconf 93' lang='lat' dir='ltr'><strong>hoc</strong></span> <span class='ocrx_word' id='word_1_54' title='bbox 523 992 624 1053; x_wconf 90' lang='lat' dir='ltr'><strong>saltim</strong></span> <span class='ocrx_word' id='word_1_55' title='bbox 638 1007 733 1069; x_wconf 89' lang='lat' dir='ltr'><strong>parce</strong></span> <span class='ocrx_word' id='word_1_56' title='bbox 747 1008 875 1069; x_wconf 73' lang='lat' dir='ltr'><strong>negare:</strong></span> 
     </span>
     <span class='ocr_line' id='line_1_10' title="bbox 90 1075 899 1153; baseline -0.007 -14"><span class='ocrx_word' id='word_1_57' title='bbox 90 1112 128 1121; x_wconf 92' lang='lat'>—</span> <span class='ocrx_word' id='word_1_58' title='bbox 168 1077 337 1138; x_wconf 88' lang='lat' dir='ltr'><strong>Praeterito</strong></span> <span class='ocrx_word' id='word_1_59' title='bbox 352 1077 452 1151; x_wconf 84' lang='lat' dir='ltr'><strong>magis</strong></span> <span class='ocrx_word' id='word_1_60' title='bbox 468 1085 517 1138; x_wconf 88' lang='lat' dir='ltr'><strong>est</strong></span> <span class='ocrx_word' id='word_1_61' title='bbox 529 1076 587 1136; x_wconf 91' lang='lat' dir='ltr'><strong>iste</strong></span> <span class='ocrx_word' id='word_1_62' title='bbox 602 1075 768 1153; x_wconf 89' lang='lat' dir='ltr'><strong>pudendus</strong></span> <span class='ocrx_word' id='word_1_63' title='bbox 784 1092 899 1137; x_wconf 84' lang='lat' dir='ltr'><strong>amor...</strong></span> 
     </span>
     <span class='ocr_line' id='line_1_11' title="bbox 89 1158 850 1236; baseline -0.007 -14"><span class='ocrx_word' id='word_1_64' title='bbox 89 1163 164 1223; x_wconf 71' lang='lat' dir='ltr'><strong>—llt</strong></span> <span class='ocrx_word' id='word_1_65' title='bbox 178 1161 277 1236; x_wconf 87' lang='lat' dir='ltr'><strong>llesti,</strong></span> <span class='ocrx_word' id='word_1_66' title='bbox 297 1167 328 1221; x_wconf 90' lang='lat' dir='ltr'><strong>et</strong></span> <span class='ocrx_word' id='word_1_67' title='bbox 342 1167 467 1222; x_wconf 91' lang='lat' dir='ltr'><strong>nostros</strong></span> <span class='ocrx_word' id='word_1_68' title='bbox 479 1159 583 1221; x_wconf 86' lang='lat' dir='ltr'><strong>vidisti</strong></span> <span class='ocrx_word' id='word_1_69' title='bbox 597 1158 701 1221; x_wconf 88' lang='lat' dir='ltr'><strong>flentis</strong></span> <span class='ocrx_word' id='word_1_70' title='bbox 717 1161 850 1222; x_wconf 78' lang='lat' dir='ltr'><strong>ocellos=</strong></span> 
     </span>
     <span class='ocr_line' id='line_1_12' title="bbox 89 1245 910 1322; baseline -0.013 -10"><span class='ocrx_word' id='word_1_71' title='bbox 89 1257 122 1312; x_wconf 80' lang='lat' dir='ltr'><strong>lo</strong></span> <span class='ocrx_word' id='word_1_72' title='bbox 171 1245 355 1307; x_wconf 86' lang='lat' dir='ltr'><strong>Miscuimus</strong></span> <span class='ocrx_word' id='word_1_73' title='bbox 370 1245 513 1305; x_wconf 83' lang='lat' dir='ltr'><strong>lacrimas</strong></span> <span class='ocrx_word' id='word_1_74' title='bbox 528 1250 665 1305; x_wconf 89' lang='lat' dir='ltr'><strong>maestus</strong></span> <span class='ocrx_word' id='word_1_75' title='bbox 680 1251 810 1322; x_wconf 89' lang='lat' dir='ltr'><strong>uterque</strong></span> <span class='ocrx_word' id='word_1_76' title='bbox 824 1259 910 1306; x_wconf 88' lang='lat' dir='ltr'><strong>suas.</strong></span> 
     </span>
     <span class='ocr_line' id='line_1_13' title="bbox 129 1327 825 1406; baseline 0 -16"><span class='ocrx_word' id='word_1_77' title='bbox 129 1331 196 1392; x_wconf 87' lang='lat' dir='ltr'><strong>Non</strong></span> <span class='ocrx_word' id='word_1_78' title='bbox 210 1331 257 1391; x_wconf 89' lang='lat' dir='ltr'><strong>sic</strong></span> <span class='ocrx_word' id='word_1_79' title='bbox 272 1329 427 1406; x_wconf 83' lang='lat' dir='ltr'><strong>adpositis</strong></span> <span class='ocrx_word' id='word_1_80' title='bbox 443 1328 574 1390; x_wconf 87' lang='lat' dir='ltr'><strong>vincitur</strong></span> <span class='ocrx_word' id='word_1_81' title='bbox 588 1327 700 1390; x_wconf 89' lang='lat' dir='ltr'><strong>vitibus</strong></span> <span class='ocrx_word' id='word_1_82' title='bbox 716 1330 825 1405; x_wconf 77' lang='lat' dir='ltr'><strong>ulmuS,</strong></span> 
     </span>
     <span class='ocr_line' id='line_1_14' title="bbox 170 1411 809 1475; baseline -0.005 0"><span class='ocrx_word' id='word_1_83' title='bbox 170 1415 211 1475; x_wconf 88' lang='lat' dir='ltr'><strong>Ut</strong></span> <span class='ocrx_word' id='word_1_84' title='bbox 225 1421 278 1474; x_wconf 88' lang='lat' dir='ltr'><strong>tua</strong></span> <span class='ocrx_word' id='word_1_85' title='bbox 292 1420 365 1475; x_wconf 90' lang='lat' dir='ltr'><strong>sunt</strong></span> <span class='ocrx_word' id='word_1_86' title='bbox 379 1413 460 1473; x_wconf 90' lang='lat' dir='ltr'><strong>collo</strong></span> <span class='ocrx_word' id='word_1_87' title='bbox 475 1411 620 1474; x_wconf 86' lang='lat' dir='ltr'><strong>bracchia</strong></span> <span class='ocrx_word' id='word_1_88' title='bbox 633 1428 715 1473; x_wconf 85' lang='lat' dir='ltr'><strong>nexa</strong></span> <span class='ocrx_word' id='word_1_89' title='bbox 729 1428 809 1474; x_wconf 88' lang='lat' dir='ltr'><strong>meo.</strong></span> 
     </span>
     <span class='ocr_line' id='line_1_15' title="bbox 131 1496 905 1574; baseline -0.004 -15"><span class='ocrx_word' id='word_1_90' title='bbox 131 1502 174 1559; x_wconf 82' lang='lat' dir='ltr'><strong>A!</strong></span> <span class='ocrx_word' id='word_1_91' title='bbox 200 1499 360 1574; x_wconf 88' lang='lat' dir='ltr'><strong>quotiens,</strong></span> <span class='ocrx_word' id='word_1_92' title='bbox 381 1514 451 1559; x_wconf 91' lang='lat' dir='ltr'><strong>cum</strong></span> <span class='ocrx_word' id='word_1_93' title='bbox 467 1503 496 1557; x_wconf 90' lang='lat' dir='ltr'><strong>te</strong></span> <span class='ocrx_word' id='word_1_94' title='bbox 510 1504 603 1557; x_wconf 88' lang='lat' dir='ltr'><strong>vento</strong></span> <span class='ocrx_word' id='word_1_95' title='bbox 620 1512 784 1572; x_wconf 83' lang='lat' dir='ltr'><strong>quererere</strong></span> <span class='ocrx_word' id='word_1_96' title='bbox 799 1496 905 1571; x_wconf 87' lang='lat' dir='ltr'><strong>teneri,</strong></span> 
     </span>
     <span class='ocr_line' id='line_1_16' title="bbox 91 1581 812 1646; baseline -0.007 0"><span class='ocrx_word' id='word_1_97' title='bbox 91 1594 124 1646; x_wconf 79' lang='lat'><strong>⁵⁰</strong></span> <span class='ocrx_word' id='word_1_98' title='bbox 174 1582 324 1643; x_wconf 88' lang='lat' dir='ltr'><strong>Riserunt</strong></span> <span class='ocrx_word' id='word_1_99' title='bbox 339 1582 479 1642; x_wconf 77' lang='lat' dir='ltr'><strong>comites,</strong></span> <span class='ocrx_word' id='word_1_100' title='bbox 499 1581 550 1641; x_wconf 89' lang='lat' dir='ltr'><strong>ille</strong></span> <span class='ocrx_word' id='word_1_101' title='bbox 565 1581 723 1643; x_wconf 89' lang='lat' dir='ltr'><strong>secundus</strong></span> <span class='ocrx_word' id='word_1_102' title='bbox 738 1589 812 1642; x_wconf 88' lang='lat' dir='ltr'><strong>erat.</strong></span> 
     </span>
     <span class='ocr_line' id='line_1_17' title="bbox 132 1664 846 1742; baseline 0 -15"><span class='ocrx_word' id='word_1_103' title='bbox 132 1666 245 1728; x_wconf 87' lang='lat' dir='ltr'><strong>Oscula</strong></span> <span class='ocrx_word' id='word_1_104' title='bbox 261 1666 409 1727; x_wconf 88' lang='lat' dir='ltr'><strong>dimissae</strong></span> <span class='ocrx_word' id='word_1_105' title='bbox 423 1665 565 1742; x_wconf 87' lang='lat' dir='ltr'><strong>quotiens</strong></span> <span class='ocrx_word' id='word_1_106' title='bbox 580 1665 711 1741; x_wconf 90' lang='lat' dir='ltr'><strong>repetita</strong></span> <span class='ocrx_word' id='word_1_107' title='bbox 725 1664 846 1741; x_wconf 89' lang='lat' dir='ltr'><strong>dedisti,</strong></span> 
     </span>
     <span class='ocr_line' id='line_1_18' title="bbox 173 1749 856 1826; baseline -0.001 -15"><span class='ocrx_word' id='word_1_108' title='bbox 173 1750 270 1826; x_wconf 85' lang='lat' dir='ltr'><strong>Quam</strong></span> <span class='ocrx_word' id='word_1_109' title='bbox 286 1751 339 1810; x_wconf 88' lang='lat' dir='ltr'><strong>vix</strong></span> <span class='ocrx_word' id='word_1_110' title='bbox 354 1749 499 1811; x_wconf 85' lang='lat' dir='ltr'><strong>sustinuit</strong></span> <span class='ocrx_word' id='word_1_111' title='bbox 512 1749 616 1809; x_wconf 88' lang='lat' dir='ltr'><strong>dicere</strong></span> <span class='ocrx_word' id='word_1_112' title='bbox 630 1750 735 1825; x_wconf 83' lang='lat' dir='ltr'><strong>lingua</strong></span> <span class='ocrx_word' id='word_1_113' title='bbox 749 1751 856 1811; x_wconf 73' lang='lat' dir='ltr'><strong>‘vale’</strong></span> 
     </span>
     <span class='ocr_line' id='line_1_19' title="bbox 130 1833 808 1910; baseline -0.001 -15"><span class='ocrx_word' id='word_1_114' title='bbox 130 1836 216 1897; x_wconf 85' lang='lat' dir='ltr'><strong>Aura</strong></span> <span class='ocrx_word' id='word_1_115' title='bbox 229 1835 310 1894; x_wconf 88' lang='lat' dir='ltr'><strong>levis</strong></span> <span class='ocrx_word' id='word_1_116' title='bbox 325 1833 425 1909; x_wconf 80' lang='lat' dir='ltr'><strong>rigido</strong></span> <span class='ocrx_word' id='word_1_117' title='bbox 441 1833 607 1910; x_wconf 89' lang='lat' dir='ltr'><strong>pendentia</strong></span> <span class='ocrx_word' id='word_1_118' title='bbox 622 1833 716 1894; x_wconf 87' lang='lat' dir='ltr'><strong>lintea</strong></span> <span class='ocrx_word' id='word_1_119' title='bbox 728 1836 808 1895; x_wconf 88' lang='lat' dir='ltr'><strong>malo</strong></span> 
     </span>
     <span class='ocr_line' id='line_1_20' title="bbox 174 1917 912 1994; baseline -0.001 -15"><span class='ocrx_word' id='word_1_120' title='bbox 174 1917 324 1994; x_wconf 90' lang='lat' dir='ltr'><strong>Suscitat,</strong></span> <span class='ocrx_word' id='word_1_121' title='bbox 344 1925 376 1979; x_wconf 92' lang='lat' dir='ltr'><strong>et</strong></span> <span class='ocrx_word' id='word_1_122' title='bbox 388 1918 482 1978; x_wconf 90' lang='lat' dir='ltr'><strong>remis</strong></span> <span class='ocrx_word' id='word_1_123' title='bbox 497 1924 585 1979; x_wconf 92' lang='lat' dir='ltr'><strong>eruta</strong></span> <span class='ocrx_word' id='word_1_124' title='bbox 601 1924 691 1978; x_wconf 89' lang='lat' dir='ltr'><strong>canet</strong></span> <span class='ocrx_word' id='word_1_125' title='bbox 707 1934 798 1992; x_wconf 86' lang='lat' dir='ltr'><strong>aqua.</strong></span> <span class='ocrx_word' id='word_1_126' title='bbox 906 1961 912 1971; x_wconf 63' lang='lat'><em>„</em></span> 
     </span>
     <span class='ocr_line' id='line_1_21' title="bbox 93 2000 799 2077; baseline -0.004 -13"><span class='ocrx_word' id='word_1_127' title='bbox 93 2013 125 2066; x_wconf 75' lang='lat'><strong>55</strong></span> <span class='ocrx_word' id='word_1_128' title='bbox 134 2003 312 2077; x_wconf 79' lang='lat' dir='ltr'><strong>Prosequor</strong></span> <span class='ocrx_word' id='word_1_129' title='bbox 324 2000 433 2062; x_wconf 78' lang='lat' dir='ltr'><strong>infelix</strong></span> <span class='ocrx_word' id='word_1_130' title='bbox 447 2002 545 2062; x_wconf 85' lang='lat' dir='ltr'><strong>oeulis</strong></span> <span class='ocrx_word' id='word_1_131' title='bbox 561 2002 707 2063; x_wconf 89' lang='lat' dir='ltr'><strong>abeuntia</strong></span> <span class='ocrx_word' id='word_1_132' title='bbox 719 2003 799 2077; x_wconf 82' lang='lat' dir='ltr'><strong>vele,</strong></span> 
     </span>
     <span class='ocr_line' id='line_1_22' title="bbox 126 2085 850 2166; baseline -0.003 -19"><span class='ocrx_word' id='word_1_133' title='bbox 126 2162 128 2166; x_wconf 23' lang='grc' dir='ltr'>Ι</span> <span class='ocrx_word' id='word_1_134' title='bbox 174 2086 240 2161; x_wconf 82' lang='lat' dir='ltr'><strong>Qua</strong></span> <span class='ocrx_word' id='word_1_135' title='bbox 254 2087 341 2160; x_wconf 90' lang='lat' dir='ltr'><strong>licet,</strong></span> <span class='ocrx_word' id='word_1_136' title='bbox 366 2093 396 2147; x_wconf 88' lang='lat' dir='ltr'><strong>et</strong></span> <span class='ocrx_word' id='word_1_137' title='bbox 408 2085 542 2146; x_wconf 90' lang='lat' dir='ltr'><strong>lacrimis</strong></span> <span class='ocrx_word' id='word_1_138' title='bbox 556 2095 641 2147; x_wconf 90' lang='lat' dir='ltr'><strong>umet</strong></span> <span class='ocrx_word' id='word_1_139' title='bbox 655 2100 748 2146; x_wconf 90' lang='lat' dir='ltr'><strong>arena</strong></span> <span class='ocrx_word' id='word_1_140' title='bbox 762 2086 850 2147; x_wconf 89' lang='lat' dir='ltr'><strong>meis.</strong></span> 
     </span>
     <span class='ocr_line' id='line_1_23' title="bbox 131 2169 858 2247; baseline -0.008 -15"><span class='ocrx_word' id='word_1_141' title='bbox 131 2171 233 2247; x_wconf 89' lang='lat' dir='ltr'><strong>thue</strong></span> <span class='ocrx_word' id='word_1_142' title='bbox 248 2171 332 2231; x_wconf 88' lang='lat' dir='ltr'><strong>celer</strong></span> <span class='ocrx_word' id='word_1_143' title='bbox 345 2169 470 2244; x_wconf 86' lang='lat' dir='ltr'><strong>venias,</strong></span> <span class='ocrx_word' id='word_1_144' title='bbox 491 2169 607 2231; x_wconf 90' lang='lat' dir='ltr'><strong>virides</strong></span> <span class='ocrx_word' id='word_1_145' title='bbox 621 2170 770 2231; x_wconf 88' lang='lat' dir='ltr'><strong>Nereidas</strong></span> <span class='ocrx_word' id='word_1_146' title='bbox 786 2186 858 2233; x_wconf 66' lang='lat' dir='ltr'><strong>oros</strong></span> 
     </span>
     <span class='ocr_line' id='line_1_24' title="bbox 174 2253 832 2316; baseline -0.005 -1"><span class='ocrx_word' id='word_1_147' title='bbox 174 2253 300 2316; x_wconf 89' lang='lat' dir='ltr'><strong>Scilicet</strong></span> <span class='ocrx_word' id='word_1_148' title='bbox 315 2261 349 2315; x_wconf 91' lang='lat' dir='ltr'><strong>ut</strong></span> <span class='ocrx_word' id='word_1_149' title='bbox 363 2254 470 2314; x_wconf 88' lang='lat' dir='ltr'><strong>venias</strong></span> <span class='ocrx_word' id='word_1_150' title='bbox 484 2254 516 2313; x_wconf 93' lang='lat' dir='ltr'><strong>in</strong></span> <span class='ocrx_word' id='word_1_151' title='bbox 530 2270 600 2315; x_wconf 85' lang='lat' dir='ltr'><strong>mea</strong></span> <span class='ocrx_word' id='word_1_152' title='bbox 614 2255 727 2316; x_wconf 89' lang='lat' dir='ltr'><strong>damna</strong></span> <span class='ocrx_word' id='word_1_153' title='bbox 742 2257 832 2316; x_wconf 87' lang='lat' dir='ltr'><strong>celer.</strong></span> 
     </span>
     <span class='ocr_line' id='line_1_25' title="bbox 132 2337 786 2414; baseline -0.005 -15"><span class='ocrx_word' id='word_1_154' title='bbox 132 2339 222 2399; x_wconf 86' lang='lat' dir='ltr'><strong>Votis</strong></span> <span class='ocrx_word' id='word_1_155' title='bbox 237 2353 312 2414; x_wconf 81' lang='lat' dir='ltr'><strong>ergo</strong></span> <span class='ocrx_word' id='word_1_156' title='bbox 326 2337 404 2399; x_wconf 89' lang='lat' dir='ltr'><strong>meis</strong></span> <span class='ocrx_word' id='word_1_157' title='bbox 420 2338 472 2399; x_wconf 89' lang='lat' dir='ltr'><strong>alii</strong></span> <span class='ocrx_word' id='word_1_158' title='bbox 486 2338 622 2399; x_wconf 86' lang='lat' dir='ltr'><strong>rediture</strong></span> <span class='ocrx_word' id='word_1_159' title='bbox 638 2338 786 2400; x_wconf 73' lang='lat' dir='ltr'><strong>redistis..</strong></span> 
     </span>
     <span class='ocr_line' id='line_1_26' title="bbox 92 2422 793 2498; baseline -0.009 -11"><span class='ocrx_word' id='word_1_160' title='bbox 92 2433 125 2487; x_wconf 80' lang='lat' dir='ltr'><strong>do</strong></span> <span class='ocrx_word' id='word_1_161' title='bbox 175 2423 212 2483; x_wconf 81' lang='lat' dir='ltr'><strong>Ei</strong></span> <span class='ocrx_word' id='word_1_162' title='bbox 226 2422 316 2496; x_wconf 92' lang='lat' dir='ltr'><strong>mihi,</strong></span> <span class='ocrx_word' id='word_1_163' title='bbox 339 2439 396 2498; x_wconf 94' lang='lat' dir='ltr'><strong>pro</strong></span> <span class='ocrx_word' id='word_1_164' title='bbox 413 2422 480 2484; x_wconf 90' lang='lat' dir='ltr'><strong>dira</strong></span> <span class='ocrx_word' id='word_1_165' title='bbox 493 2422 592 2498; x_wconf 80' lang='lat' dir='ltr'><strong>pelice</strong></span> <span class='ocrx_word' id='word_1_166' title='bbox 606 2422 721 2484; x_wconf 90' lang='lat' dir='ltr'><strong>blanda</strong></span> <span class='ocrx_word' id='word_1_167' title='bbox 734 2423 793 2484; x_wconf 87' lang='lat' dir='ltr'><strong>lui!</strong></span> 
     </span>
     <span class='ocr_line' id='line_1_27' title="bbox 131 2507 887 2583; baseline -0.004 -16"><span class='ocrx_word' id='word_1_168' title='bbox 131 2507 254 2583; x_wconf 85' lang='lat' dir='ltr'><strong>Aspicit</strong></span> <span class='ocrx_word' id='word_1_169' title='bbox 267 2507 440 2567; x_wconf 88' lang='lat' dir='ltr'><strong>inmensum</strong></span> <span class='ocrx_word' id='word_1_170' title='bbox 454 2508 552 2568; x_wconf 88' lang='lat' dir='ltr'><strong>moles</strong></span> <span class='ocrx_word' id='word_1_171' title='bbox 567 2507 672 2567; x_wconf 91' lang='lat' dir='ltr'><strong>nativa</strong></span> <span class='ocrx_word' id='word_1_172' title='bbox 684 2508 887 2583; x_wconf 68' lang='lat' dir='ltr'><strong>protundumz</strong></span> 
     </span>
     <span class='ocr_line' id='line_1_28' title="bbox 173 2590 849 2668; baseline -0.001 -17"><span class='ocrx_word' id='word_1_173' title='bbox 173 2591 265 2652; x_wconf 90' lang='lat' dir='ltr'><strong>Mons</strong></span> <span class='ocrx_word' id='word_1_174' title='bbox 281 2591 345 2652; x_wconf 84' lang='lat' dir='ltr'><strong>luit</strong></span> <span class='ocrx_word' id='word_1_175' title='bbox 368 2590 532 2666; x_wconf 87' lang='lat' dir='ltr'><strong>aequoreis</strong></span> <span class='ocrx_word' id='word_1_176' title='bbox 548 2591 600 2651; x_wconf 91' lang='lat' dir='ltr'><strong>illa</strong></span> <span class='ocrx_word' id='word_1_177' title='bbox 612 2591 729 2654; x_wconf 91' lang='lat' dir='ltr'><strong>resistit</strong></span> <span class='ocrx_word' id='word_1_178' title='bbox 743 2591 849 2668; x_wconf 80' lang='lat' dir='ltr'><strong>aquis:</strong></span> 
     </span>
     <span class='ocr_line' id='line_1_29' title="bbox 132 2675 864 2752; baseline 0 -16"><span class='ocrx_word' id='word_1_179' title='bbox 132 2675 211 2736; x_wconf 85' lang='lat' dir='ltr'><strong>Hinc</strong></span> <span class='ocrx_word' id='word_1_180' title='bbox 225 2690 284 2750; x_wconf 84' lang='lat' dir='ltr'><strong>ego</strong></span> <span class='ocrx_word' id='word_1_181' title='bbox 300 2676 372 2736; x_wconf 89' lang='lat' dir='ltr'><strong>vela</strong></span> <span class='ocrx_word' id='word_1_182' title='bbox 386 2681 456 2736; x_wconf 89' lang='lat' dir='ltr'><strong>tuae</strong></span> <span class='ocrx_word' id='word_1_183' title='bbox 471 2676 603 2751; x_wconf 84' lang='lat' dir='ltr'><strong>cognovi</strong></span> <span class='ocrx_word' id='word_1_184' title='bbox 618 2675 718 2752; x_wconf 90' lang='lat' dir='ltr'><strong>prima</strong></span> <span class='ocrx_word' id='word_1_185' title='bbox 732 2677 864 2751; x_wconf 89' lang='lat' dir='ltr'><strong>carinae,</strong></span> 
     </span>
     <span class='ocr_line' id='line_1_30' title="bbox 173 2757 886 2837; baseline 0.004 -18"><span class='ocrx_word' id='word_1_186' title='bbox 173 2760 212 2821; x_wconf 84' lang='lat' dir='ltr'><strong>Et</strong></span> <span class='ocrx_word' id='word_1_187' title='bbox 228 2757 303 2819; x_wconf 89' lang='lat' dir='ltr'><strong>mihi</strong></span> <span class='ocrx_word' id='word_1_188' title='bbox 317 2775 374 2836; x_wconf 88' lang='lat' dir='ltr'><strong>per</strong></span> <span class='ocrx_word' id='word_1_189' title='bbox 389 2757 502 2823; x_wconf 87' lang='lat' dir='ltr'><strong>fluctus</strong></span> <span class='ocrx_word' id='word_1_190' title='bbox 515 2760 650 2837; x_wconf 91' lang='lat' dir='ltr'><strong>impetus</strong></span> <span class='ocrx_word' id='word_1_191' title='bbox 665 2760 710 2821; x_wconf 90' lang='lat' dir='ltr'><strong>ire</strong></span> <span class='ocrx_word' id='word_1_192' title='bbox 724 2760 788 2822; x_wconf 86' lang='lat' dir='ltr'><strong>luit.</strong></span> <span class='ocrx_word' id='word_1_193' title='bbox 882 2768 886 2777; x_wconf 94' lang='lat'>&#39;</span> 
     </span>
     <span class='ocr_line' id='line_1_31' title="bbox 91 2843 988 2923; baseline -0.006 -15"><span class='ocrx_word' id='word_1_194' title='bbox 91 2852 124 2908; x_wconf 74' lang='lat' dir='ltr'><strong>tt</strong></span> <span class='ocrx_word' id='word_1_195' title='bbox 134 2845 215 2905; x_wconf 90' lang='lat' dir='ltr'><strong>Dum</strong></span> <span class='ocrx_word' id='word_1_196' title='bbox 229 2859 349 2918; x_wconf 90' lang='lat' dir='ltr'><strong>moror,</strong></span> <span class='ocrx_word' id='word_1_197' title='bbox 370 2843 401 2904; x_wconf 91' lang='lat' dir='ltr'><strong>in</strong></span> <span class='ocrx_word' id='word_1_198' title='bbox 416 2860 536 2905; x_wconf 88' lang='lat' dir='ltr'><strong>summa</strong></span> <span class='ocrx_word' id='word_1_199' title='bbox 550 2844 635 2905; x_wconf 87' lang='lat' dir='ltr'><strong>lulsit</strong></span> <span class='ocrx_word' id='word_1_200' title='bbox 648 2844 721 2905; x_wconf 92' lang='lat' dir='ltr'><strong>mihi</strong></span> <span class='ocrx_word' id='word_1_201' title='bbox 736 2861 872 2923; x_wconf 88' lang='lat' dir='ltr'><strong>purpura</strong></span> <span class='ocrx_word' id='word_1_202' title='bbox 884 2860 988 2921; x_wconf 86' lang='lat' dir='ltr'><strong>prora.</strong></span> 
     </span>
     <span class='ocr_line' id='line_1_32' title="bbox 174 2925 770 2991; baseline -0.002 -3"><span class='ocrx_word' id='word_1_203' title='bbox 174 2925 327 2989; x_wconf 89' lang='lat' dir='ltr'><strong>Pertimui.</strong></span> <span class='ocrx_word' id='word_1_204' title='bbox 353 2928 452 2990; x_wconf 90' lang='lat' dir='ltr'><strong>cultus</strong></span> <span class='ocrx_word' id='word_1_205' title='bbox 467 2943 529 2989; x_wconf 91' lang='lat' dir='ltr'><strong>non</strong></span> <span class='ocrx_word' id='word_1_206' title='bbox 544 2937 610 2989; x_wconf 88' lang='lat' dir='ltr'><strong>erat</strong></span> <span class='ocrx_word' id='word_1_207' title='bbox 624 2928 676 2991; x_wconf 89' lang='lat' dir='ltr'><strong>illc</strong></span> <span class='ocrx_word' id='word_1_208' title='bbox 689 2937 770 2991; x_wconf 90' lang='lat' dir='ltr'><strong>tuus.</strong></span> 
     </span>
     <span class='ocr_line' id='line_1_33' title="bbox 130 3011 894 3090; baseline -0.004 -17"><span class='ocrx_word' id='word_1_209' title='bbox 130 3011 180 3073; x_wconf 81' lang='lat' dir='ltr'><strong>Fit</strong></span> <span class='ocrx_word' id='word_1_210' title='bbox 192 3012 336 3089; x_wconf 89' lang='lat' dir='ltr'><strong>propior,</strong></span> <span class='ocrx_word' id='word_1_211' title='bbox 356 3021 517 3087; x_wconf 88' lang='lat' dir='ltr'><strong>terrasque</strong></span> <span class='ocrx_word' id='word_1_212' title='bbox 532 3012 592 3074; x_wconf 89' lang='lat' dir='ltr'><strong>cita</strong></span> <span class='ocrx_word' id='word_1_213' title='bbox 604 3013 680 3073; x_wconf 87' lang='lat' dir='ltr'><strong>ratis</strong></span> <span class='ocrx_word' id='word_1_214' title='bbox 696 3013 792 3090; x_wconf 84' lang='lat' dir='ltr'><strong>attigit</strong></span> <span class='ocrx_word' id='word_1_215' title='bbox 804 3030 894 3078; x_wconf 66' lang='lat' dir='ltr'><strong>aurat</strong></span> 
     </span>
     <span class='ocr_line' id='line_1_34' title="bbox 174 3094 810 3174; baseline -0.002 -17"><span class='ocrx_word' id='word_1_216' title='bbox 174 3094 338 3158; x_wconf 82' lang='lat' dir='ltr'><strong>Femineas</strong></span> <span class='ocrx_word' id='word_1_217' title='bbox 352 3095 418 3157; x_wconf 86' lang='lat' dir='ltr'><strong>vidi</strong></span> <span class='ocrx_word' id='word_1_218' title='bbox 433 3097 527 3158; x_wconf 88' lang='lat' dir='ltr'><strong>corde</strong></span> <span class='ocrx_word' id='word_1_219' title='bbox 541 3103 689 3159; x_wconf 90' lang='lat' dir='ltr'><strong>tremente</strong></span> <span class='ocrx_word' id='word_1_220' title='bbox 703 3114 810 3174; x_wconf 82' lang='lat' dir='ltr'><strong>genas.</strong></span> 
     </span>
     <span class='ocr_line' id='line_1_35' title="bbox 130 3180 998 3257; baseline 0 -15"><span class='ocrx_word' id='word_1_221' title='bbox 130 3181 199 3242; x_wconf 80' lang='lat' dir='ltr'><strong>Non</strong></span> <span class='ocrx_word' id='word_1_222' title='bbox 215 3180 291 3242; x_wconf 84' lang='lat' dir='ltr'><strong>satis</strong></span> <span class='ocrx_word' id='word_1_223' title='bbox 304 3181 337 3242; x_wconf 93' lang='lat' dir='ltr'><strong>id</strong></span> <span class='ocrx_word' id='word_1_224' title='bbox 351 3181 482 3243; x_wconf 86' lang='lat' dir='ltr'><strong>luerat...</strong></span> <span class='ocrx_word' id='word_1_225' title='bbox 499 3182 573 3257; x_wconf 90' lang='lat' dir='ltr'><strong>quid</strong></span> <span class='ocrx_word' id='word_1_226' title='bbox 590 3183 670 3242; x_wconf 89' lang='lat' dir='ltr'><strong>enim</strong></span> <span class='ocrx_word' id='word_1_227' title='bbox 686 3182 802 3244; x_wconf 82' lang='lat' dir='ltr'><strong>furiosa</strong></span> <span class='ocrx_word' id='word_1_228' title='bbox 816 3181 998 3246; x_wconf 82' lang='lat' dir='ltr'><strong>morabart..</strong></span> 
     </span>
     <span class='ocr_line' id='line_1_36' title="bbox 90 3264 766 3341; baseline -0.003 -13"><span class='ocrx_word' id='word_1_229' title='bbox 90 3271 125 3328; x_wconf 81' lang='lat' dir='ltr'><strong>to</strong></span> <span class='ocrx_word' id='word_1_230' title='bbox 177 3264 330 3327; x_wconf 86' lang='lat' dir='ltr'><strong>Haerebat</strong></span> <span class='ocrx_word' id='word_1_231' title='bbox 345 3265 462 3341; x_wconf 83' lang='lat' dir='ltr'><strong>gremio</strong></span> <span class='ocrx_word' id='word_1_232' title='bbox 478 3266 574 3341; x_wconf 92' lang='lat' dir='ltr'><strong>turpis</strong></span> <span class='ocrx_word' id='word_1_233' title='bbox 590 3266 690 3327; x_wconf 86' lang='lat' dir='ltr'><strong>amica</strong></span> <span class='ocrx_word' id='word_1_234' title='bbox 703 3272 766 3329; x_wconf 88' lang='lat' dir='ltr'><strong>tuo.</strong></span> 
     </span>
     <span class='ocr_line' id='line_1_37' title="bbox 131 3349 873 3427; baseline 0.003 -17"><span class='ocrx_word' id='word_1_235' title='bbox 131 3349 217 3410; x_wconf 70' lang='lat' dir='ltr'><strong>Turno</strong></span> <span class='ocrx_word' id='word_1_236' title='bbox 231 3365 306 3411; x_wconf 88' lang='lat' dir='ltr'><strong>vero</strong></span> <span class='ocrx_word' id='word_1_237' title='bbox 320 3351 454 3426; x_wconf 88' lang='lat' dir='ltr'><strong>rupique</strong></span> <span class='ocrx_word' id='word_1_238' title='bbox 469 3351 556 3420; x_wconf 88' lang='lat' dir='ltr'><strong>sinus</strong></span> <span class='ocrx_word' id='word_1_239' title='bbox 571 3356 601 3412; x_wconf 88' lang='lat' dir='ltr'><strong>et</strong></span> <span class='ocrx_word' id='word_1_240' title='bbox 618 3358 746 3427; x_wconf 86' lang='lat' dir='ltr'><strong>pectora</strong></span> <span class='ocrx_word' id='word_1_241' title='bbox 759 3352 873 3427; x_wconf 88' lang='lat' dir='ltr'><strong>planxi,</strong></span> 
     </span>
     <span class='ocr_line' id='line_1_38' title="bbox 171 3433 833 3512; baseline 0.005 -18"><span class='ocrx_word' id='word_1_242' title='bbox 171 3433 211 3496; x_wconf 83' lang='lat' dir='ltr'><strong>Et</strong></span> <span class='ocrx_word' id='word_1_243' title='bbox 225 3435 311 3495; x_wconf 88' lang='lat' dir='ltr'><strong>secui</strong></span> <span class='ocrx_word' id='word_1_244' title='bbox 324 3434 466 3495; x_wconf 87' lang='lat' dir='ltr'><strong>madidas</strong></span> <span class='ocrx_word' id='word_1_245' title='bbox 480 3450 583 3511; x_wconf 80' lang='lat' dir='ltr'><strong>ungue</strong></span> <span class='ocrx_word' id='word_1_246' title='bbox 596 3434 714 3510; x_wconf 81' lang='lat' dir='ltr'><strong>rigente</strong></span> <span class='ocrx_word' id='word_1_247' title='bbox 728 3452 833 3512; x_wconf 82' lang='lat' dir='ltr'><strong>genas,</strong></span> 
     </span>
     <span class='ocr_line' id='line_1_39' title="bbox 130 3517 887 3595; baseline -0.003 -17"><span class='ocrx_word' id='word_1_248' title='bbox 130 3518 323 3595; x_wconf 88' lang='lat' dir='ltr'><strong>Implevique</strong></span> <span class='ocrx_word' id='word_1_249' title='bbox 338 3535 459 3579; x_wconf 87' lang='lat' dir='ltr'><strong>sacram</strong></span> <span class='ocrx_word' id='word_1_250' title='bbox 474 3517 609 3594; x_wconf 78' lang='lat' dir='ltr'><strong>querulis</strong></span> <span class='ocrx_word' id='word_1_251' title='bbox 624 3519 787 3580; x_wconf 89' lang='lat' dir='ltr'><strong>ululatibus</strong></span> <span class='ocrx_word' id='word_1_252' title='bbox 802 3521 887 3582; x_wconf 39' lang='lat' dir='ltr'><strong>Iden,</strong></span> 
     </span>
    </p>
   </div>
   <div class='ocr_carea' id='block_1_3' title="bbox 0 0 1238 4042">
    <p class='ocr_par' dir='ltr' id='par_1_3' title="bbox 0 0 1238 4042">
     <span class='ocr_line' id='line_1_40' title="bbox 0 0 1238 4042; baseline 0 3"><span class='ocrx_word' id='word_1_253' title='bbox 0 0 1238 4042; x_wconf 95' lang='lat' dir='ltr'><strong> </strong></span> 
     </span>
    </p>
   </div>
  </div>
 </body>
</html>
