2467 4042
1193 254 1597 337 AMoRUM

613 434 790 508 Quod
819 433 966 493 mihi
997 432 1110 491 das
1145 431 1376 504 furtim,
1423 431 1554 490 iure
1590 437 1805 490 coacta
1836 429 2031 491 dabis.

439 529 507 583 65
527 520 764 579 Verum
796 517 989 577 invita
1019 516 1234 590 dat0,..
1270 521 1450 591 potes
1491 515 1686 588 hoc,..
1730 514 2074 590 similisque
2110 530 2422 580 coactaez

608 601 955 662 Blanditiae
981 607 1253 672 taceant,
1296 600 1498 674 sitque
1528 599 1794 673 maligna
1827 614 2040 663 venus,

526 686 593 748 Si
619 702 759 746 mea
783 692 932 745 vota
959 685 1194 758 valent,
1234 684 1400 743 illum
1433 698 1683 759 quoque
1716 699 1793 741 ne
1824 682 2027 760 iuvet,
2075 695 2248 762 opto.

612 770 680 833 Si
709 771 942 844 minuS,
989 776 1051 828 at
1081 774 1245 828 certe
1274 777 1335 827 te
1363 770 1531 828 iuvet
1557 768 1701 827 inde
1730 767 1897 826 nihil.

531 855 658 916 Sed
692 869 1117 931 quaecumque
1147 860 1349 913 tamen
1381 861 1621 913 noctem
1654 854 1895 912 fortuna
1926 861 2252 929 sequetur,

442 949 511 1003 70
617 940 767 1000 Cras
797 939 943 999 mihi
973 936 1277 997 constanti
1316 953 1477 997 voce
1509 935 1762 996 dedisse
1788 953 1964 1011 nega.

415 1073 466 1167 5
530 1075 769 1169 Aestus
803 1114 964 1177 erat,
1008 1104 1400 1179 mediamque
1437 1104 1570 1164 dies
1603 1113 1891 1178 exegerat
1920 1105 2152 1164 horam.

609 1190 900 1268 Adposui
930 1188 1134 1249 medio
1164 1187 1439 1248 membra
1475 1188 1741 1248 levanda
1770 1195 1926 1249 toro.

521 1277 673 1338 Pars
704 1276 1002 1350 adaperta
1032 1273 1173 1348 fuit,
1221 1289 1365 1348 pars
1402 1275 1595 1332 altera
1625 1272 1835 1333 clausa
1867 1275 2206 1350 fenestrae,

612 1362 801 1435 Quale
832 1360 960 1418 fere
991 1358 1187 1418 silvae
1216 1358 1421 1418 lumen
1449 1356 1680 1417 habere
1710 1359 1940 1418 solent:

465 1454 500 1508 5
522 1443 737 1522 Qualia
768 1443 1092 1503 sublucent
1116 1441 1385 1517 fugiente
1416 1443 1782 1517 crepuscula
1808 1443 2059 1503 Phoebo
2076 1488 2094 1518 ,

609 1532 736 1590 Aut
763 1528 868 1587 ubi
899 1543 1026 1586 nox
1056 1527 1233 1599 abiit,
1281 1542 1396 1585 nec
1424 1532 1624 1585 tamen
1658 1533 1789 1586 orta
1820 1527 1973 1586 dies·

526 1614 635 1673 Illa
665 1611 1033 1672 verecundis
1065 1612 1169 1670 lux
1200 1618 1297 1670 est
1321 1610 1677 1685 praebenda
1706 1611 1955 1686 puelliS,

615 1697 748 1772 Qua
773 1696 1021 1756 timidus
1052 1695 1319 1754 latebras
1350 1702 1558 1771 speret
1585 1695 1814 1755 habere
1843 1696 2062 1771 pudor.

523 1782 686 1844 Ecce
718 1781 984 1842 Corinna
1019 1778 1213 1854 venit,
1258 1780 1466 1840 tunica
1493 1781 1695 1839 velata
1723 1782 2023 1854 recincta,

442 1879 510 1930 10
618 1865 894 1928 Candida
926 1865 1180 1925 dividua
1211 1864 1371 1923 colla
1399 1871 1640 1939 tegente
1672 1879 1878 1924 coma=

526 1951 794 2028 Qualiter
822 1950 884 2011 in
913 1950 1215 2010 thalamos
1248 1950 1487 2008 famosa
1516 1947 1868 2008 Semiramis
1900 1949 2027 2008 isse

605 2036 840 2096 Dicitur
867 2044 927 2095 et
953 2035 1158 2094 multis
1188 2033 1331 2092 Lais
1363 2039 1563 2092 amata
1592 2033 1761 2092 viris.

521 2120 774 2195 Deripui
802 2120 1087 2180 tunicam.
1148 2130 1263 2177 nec
1292 2118 1541 2176 multum
1571 2133 1710 2177 rara
1740 2117 2030 2176 nocebat:

603 2203 923 2278 Pugnabat
949 2203 1158 2263 tunica
1188 2201 1301 2260 sed
1333 2210 1533 2260 tamen
1564 2201 1667 2260 illa
1705 2202 1846 2276 tegi.

449 2302 509 2352 tr]
531 2288 700 2364 Quae
730 2303 865 2346 cum
896 2290 980 2347 ita
1007 2294 1339 2362 pugnaret,
1383 2293 1695 2360 tamquam
1727 2303 1886 2360 quae
1916 2287 2162 2347 vincere
2192 2287 2401 2361 nollet,

603 2372 787 2432 Victa
815 2379 911 2432 est
941 2387 1064 2431 non
1095 2386 1279 2447 aegre
1310 2369 1659 2446 proditione
1691 2388 1822 2431 sua.

525 2457 603 2518 Ut
631 2456 795 2516 stetit
822 2463 961 2516 ante
993 2456 1208 2516 oculos
1242 2455 1447 2530 posito
1478 2455 1782 2515 velamine
1812 2465 2089 2530 nostroS‚

605 2541 675 2600 In
704 2547 831 2600 toto
864 2557 1164 2617 nusquam
1195 2555 1458 2614 corpore
1487 2540 1712 2600 menda
1740 2540 1868 2600 fuit.

525 2625 690 2701 Quos
718 2642 968 2686 umeros
986 2672 1000 2698 ‚
1048 2626 1263 2701 quales
1293 2623 1422 2683 vidi
1451 2624 1744 2699 tetigique
1773 2625 2069 2684 lacertos!

441 2724 509 2772 :lu
607 2710 831 2771 Forma
859 2710 1222 2786 papillarum
1254 2724 1437 2784 quam
1471 2707 1583 2768 fuit
1614 2716 1757 2784 apta
1785 2708 2009 2785 premi!

529 2793 719 2869 Quam
751 2794 1048 2869 castigato
1082 2795 1302 2870 planus
1335 2792 1449 2852 sub
1482 2802 1735 2868 pectore
1764 2799 2008 2853 venter!

607 2880 908 2953 Quantum
939 2887 998 2938 et
1028 2880 1206 2954 quale
1234 2878 1422 2955 latus!
1462 2893 1644 2954 quam
1675 2879 1960 2938 iuvenale
1990 2878 2216 2936 femur!

529 2962 780 3038 Singula
813 2964 962 3038 quid
989 2966 1295 3024 referam?
1347 2961 1441 3020 Nil
1473 2978 1594 3021 non
1625 2961 1932 3025 laudabile
1963 2961 2117 3036 vidi,

603 3049 681 3109 Et
710 3049 938 3109 nudam
965 3047 1169 3123 pressi
1200 3063 1428 3123 corpus
1459 3046 1539 3106 ad
1569 3063 1771 3123 usque
1799 3064 2022 3107 meum.

441 3144 505 3196 2³5
529 3133 781 3194 Caetera
812 3133 950 3206 quis
981 3134 1219 3192 nescit?
1265 3131 1451 3192 Lassi
1479 3134 1899 3208 requievimus
1938 3130 2141 3193 ambo.

603 3217 972 3277 Proveniant
999 3216 1184 3276 medii
1217 3216 1306 3274 sic
1334 3216 1481 3274 mihi
1514 3234 1707 3294 saepe
1738 3219 1891 3277 dies,

417 3352 465 3444 ss
529 3351 786 3459 'animm
831 3384 1176 3460 indignum!
1224 3385 1378 3444 dura
1405 3384 1659 3460 religate
1692 3392 1939 3456 catena,

603 3469 926 3529 Difficilem
958 3475 1123 3530 mota
1154 3469 1403 3529 cardine
1432 3470 1640 3545 pande
1669 3470 1884 3528 forem.

521 3553 698 3628 Quod
728 3569 980 3628 precor,
1025 3554 1317 3628 exiguum
1348 3561 1458 3617 est.
1518 3553 1687 3614 aditu
1714 3555 1811 3612 fac
1841 3553 2021 3612 ianua
2054 3567 2251 3627 parvo
