2467 4042
333 199 413 265 16
632 219 867 256 nunna.
904 218 960 254 ιο
1161 197 1487 254 ΜΕΤΑΜΜ
1505 240 1520 254 .

501 364 692 427 Mollia
739 367 1059 445 cinguntur
1101 366 1270 426 tenui
1312 364 1658 444 praecordia
1702 364 1856 427 Ehro
1873 413 1894 449 ,
2170 382 2224 423 ι.
2258 383 2358 423 vm
2371 411 2385 426 .

363 465 468 517 550
493 454 562 516 In
608 454 879 515 frondem
925 456 1122 515 crines
1145 501 1165 535 ‚
1208 455 1273 514 in
1318 470 1515 513 ramos
1558 452 1836 514 bracchia
1882 467 2213 520 crescunt:

502 543 616 604 Pes
663 542 836 603 modo
882 548 1004 603 tam
1047 541 1217 602 velox
1252 542 1438 621 pigris
1482 541 1783 604 radicibus
1829 543 2037 606 haeret
2051 591 2070 627 ‚

505 630 622 692 Ora
670 648 954 692 cacumen
999 629 1126 691 obit
1153 676 1167 691 .
1224 638 1492 691 remanet
1535 630 1697 691 nitor
1740 648 1899 691 unus
1946 634 2008 693 in
2053 633 2160 693 illa
2181 682 2196 695 .

504 718 671 780 Hanc
700 736 937 799 quoqne
965 717 1243 779 Phoebus
1271 726 1461 799 amat,
1486 720 1798 798 positaque
1825 719 1889 780 in
1919 722 2122 800 stipite
2145 723 2378 787 dextra

507 808 701 870 Sentit
744 806 935 868 adhuc
980 806 1279 887 trepidare
1324 824 1476 867 novo
1521 806 1635 867 sub
1681 809 1905 869 cortice
1950 818 2169 889 pectus
2186 860 2207 892 ,

373 907 476 957 555
507 895 978 975 Complexusque
1024 898 1149 956 suis
1195 912 1393 957 ramos
1419 942 1439 976 ‚
1482 903 1552 955 ut
1594 894 1861 956 membra
1884 944 1904 978 ‚
1948 895 2197 961 lacertis

507 984 722 1046 Oscula
768 984 869 1045 dat
911 984 1108 1063 ligno:
1152 984 1376 1064 refugit
1418 991 1616 1044 tamen
1663 983 1865 1045 oscula
1909 984 2141 1065 lignum
2161 1035 2178 1049 .

507 1073 617 1135 Cui
662 1072 811 1134 deus
857 1068 940 1133 ‘at
985 1073 1262 1152 quoniam
1310 1073 1568 1133 coniunx
1612 1089 1743 1134 mea
1796 1090 1918 1134 non
1970 1083 2147 1154 potes
2187 1094 2337 1139 esse
2356 1127 2376 1160 ‚

505 1161 697 1223 Arbor
744 1163 863 1222 eris
911 1156 1096 1222 certe’
1143 1160 1293 1223 dixit
1338 1156 1491 1222 ‘mea
1519 1207 1533 1221 .
1589 1177 1825 1240 semper
1869 1161 2181 1226 habebunt

507 1250 591 1310 Te
630 1267 798 1311 coma
823 1297 842 1330 ,
885 1257 944 1311 te
974 1249 1233 1311 citharae
1260 1296 1278 1332 ‚
1324 1257 1384 1310 te
1413 1255 1651 1310 nostrae
1678 1295 1698 1329 ‚
1741 1248 1908 1310 laure
1933 1298 1953 1331 ,
1997 1250 2334 1331 pharetrae
2359 1305 2374 1316 .

377 1350 482 1401 560
510 1338 601 1399 Tu
649 1337 900 1399 ducibus
946 1337 1128 1399 Latiis
1175 1337 1370 1399 aderis
1395 1385 1415 1417 ‚
1461 1355 1599 1398 cum
1642 1337 1794 1398 laeta
1840 1337 2243 1419 Triumphum

507 1426 633 1487 Vox
679 1434 854 1487 canet
898 1435 959 1487 et
1002 1428 1195 1487 visent
1239 1425 1444 1505 longas
1492 1424 1774 1505 Capitolia
1818 1444 2065 1506 pompas
2086 1476 2100 1489 .

506 1514 786 1576 Postibus
831 1515 1113 1595 Augustis
1159 1513 1366 1575 eadem
1411 1513 1693 1575 fidissima
1740 1521 1941 1575 custos

506 1606 657 1665 Ante
695 1605 855 1664 fores
903 1602 1087 1665 stabis
1112 1649 1130 1684 ‚
1176 1602 1546 1681 mediamque
1593 1601 1841 1663 tuebere
1889 1620 2187 1682 quercum
2208 1654 2222 1667 .

506 1692 702 1771 thue
739 1709 938 1752 meum
983 1692 1237 1753 intonsis
1283 1698 1461 1771 caput
1506 1698 1598 1752 est
1639 1690 1907 1752 iuvenale
1957 1692 2186 1771 capillis
2204 1741 2224 1775 ‚

377 1791 480 1843 565
510 1781 600 1841 Tu
650 1798 888 1859 quoque
932 1787 1257 1860 perpetuos
1304 1795 1539 1859 semper
1584 1796 1726 1857 gere
1764 1777 1993 1840 frondis
2030 1780 2302 1843 honores
2326 1780 2366 1844 .'

507 1870 769 1931 Finierat
813 1868 1007 1929 Paean
1037 1915 1050 1929 .
1106 1868 1278 1929 factis
1322 1866 1498 1928 modo
1543 1866 1743 1927 laurea
1786 1870 1970 1928 ramis

506 1957 770 2039 Adnuit,
806 1964 991 2036 utque
1039 1963 1215 2036 caput
1262 1957 1383 2016 visa
1432 1962 1525 2016 est
1569 1957 1821 2033 agitasse
1868 1973 2157 2018 cacumen
2180 2006 2194 2019 .

595 2045 706 2107 Est
719 2062 930 2106 nemus
939 2044 1294 2106 Haemoniae
1307 2091 1327 2125 ‚
1340 2052 1657 2123 praerupta
1675 2043 1833 2123 quod
1848 2044 2117 2124 undique
2132 2046 2368 2109 claudit

509 2133 662 2195 Silva
690 2181 710 2215 ,
755 2142 966 2195 vocant
1009 2133 1230 2212 Tempe
1261 2180 1275 2194 .
1329 2149 1439 2212 per
1485 2150 1633 2210 quae
1680 2131 1915 2193 Peneus
1961 2132 2035 2193 ab
2083 2136 2206 2195 imo

381 2233 485 2285 570
514 2221 754 2283 Effusus
799 2221 988 2283 Pindo
1035 2221 1335 2302 spumosis
1380 2219 1633 2281 volvitur
1678 2220 1853 2281 undis

511 2313 873 2390 [iniectaque
920 2313 1083 2389 gravi
1127 2317 1342 2370 tenues
1388 2308 1663 2388 agitantia
1709 2309 1903 2370 fumos

511 2401 719 2457 Nubila
767 2398 1088 2479 conducit,
1135 2398 1501 2475 summisque
1547 2399 1858 2476 aspergine
1905 2397 2067 2459 silvis

511 2489 731 2565 inpluit
777 2494 838 2548 et
875 2489 1074 2548 sonitu
1119 2486 1255 2566 plus
1302 2503 1478 2565 quam
1522 2486 1711 2546 vicina
1757 2486 1995 2565 fatigat.

511 2577 667 2637 llaec.
715 2574 923 2637 domus
951 2624 968 2657 ,
1013 2574 1161 2635 haec
1189 2574 1364 2634 sedes
1389 2621 1408 2654 ,
1451 2573 1597 2634 haec
1636 2581 1777 2635 sunt
1802 2574 2132 2654 penetralia
2160 2581 2365 2656 magni

383 2677 479 2725 ᾖτε]
511 2665 715 2725 Amnis
742 2710 756 2726 .
814 2666 876 2724 in
921 2664 1015 2724 his
1041 2710 1059 2745 ‚
1096 2662 1377 2728 >residens
1423 2662 1579 2722 facto
1625 2661 1698 2722 de
1746 2662 2020 2724 cautibus
2066 2672 2281 2746 antro,

511 2753 695 2813 Undis
741 2754 871 2813 iura
918 2751 1093 2812 dabat
1136 2750 1530 2831 nymphisque
1576 2749 1910 2812 colentibus
1954 2751 2146 2813 undas
2165 2799 2182 2814 .

515 2841 883 2901 meeniunt
926 2839 1067 2901 illuc
1113 2838 1419 2919 popularia
1464 2837 1705 2899 flumina
1748 2842 2043 2922 primum,

511 2932 719 2989 Nescis
746 2976 764 3012 ‚
811 2935 1120 3007 gratentur
1166 2926 1627 2988 consolenturne
1673 2935 1980 3007 parentem
1997 2974 2017 3009 ,

515 3017 816 3097 Populss'er
863 3015 1182 3097 Sperchios
1227 3024 1291 3076 et
1334 3017 1707 3093 inrequietus
1752 3014 2018 3096 Enipeus

383 3121 483 3165 fise
515 3109 930 3185 Apidanusque
978 3122 1160 3166 senex
1205 3103 1477 3182 lenisque
1523 3103 1884 3183 Amphrysos
1930 3111 1990 3165 et
2035 3105 2188 3166 Aeas
2208 3154 2227 3188 ,

515 3197 764 3273 Mnxque
811 3211 1014 3255 amnes
1060 3192 1201 3274 alii,
1249 3194 1351 3271 qui
1397 3209 1511 3271 qua
1557 3191 1695 3253 tulit
1738 3194 1996 3272 impetus
2042 3192 2176 3253 illos
2193 3241 2213 3275 ‚

519 3285 579 3341 ln
629 3300 788 3345 mare
835 3281 1139 3344 deducunt
1183 3281 1370 3341 fessas
1416 3279 1725 3342 erroribus
1768 3280 1956 3341 undas
1976 3327 1990 3341 .

519 3373 767 3431 inachus
794 3418 812 3453 ,
855 3388 1014 3432 unus
1042 3417 1059 3451 ,
1104 3368 1274 3430 abest
1315 3371 1554 3447 imoque
1601 3368 1946 3430 reconditus
1989 3378 2162 3431 antro

519 3461 779 3521 Fletibus
826 3467 1003 3539 auget
1047 3475 1228 3538 aquas
1264 3504 1282 3540 ‚
1328 3465 1643 3536 natamque
1690 3460 2062 3520 miserrimus
2106 3458 2170 3520 Io

387 3561 487 3605 5:35
523 3549 711 3625 Luget
753 3555 823 3606 ut
867 3549 1140 3607 amissam
1170 3592 1185 3607 .
1242 3547 1433 3607 nescit
1468 3592 1486 3627 ,
1530 3548 1724 3607 vitane
1770 3547 2002 3607 fruatur
2022 3595 2038 3628 ,
