2467 4042
357 272 451 352 lt,7,
471 272 663 347 1-9‚17.

91 429 171 503 Quid,
194 428 279 506 quod
293 429 323 488 in
338 428 447 488 ancilla
463 426 562 503 siquis
577 426 756 502 delinquere
772 430 884 504 possit,

61 522 85 573 lo
130 513 210 572 luam
225 527 283 589 ego
298 513 442 573 contendi
458 518 559 571 mente
575 526 682 571 carere
696 511 799 572 bonai

90 596 241 657 Thessalus
257 597 385 657 ancillae
400 596 478 658 lacie
491 596 650 656 Briseidos
666 596 755 656 arsita

128 680 218 741 Serva
231 680 403 758 Mycenaeo
419 680 559 740 Phoebas
575 687 676 741 amata
690 680 771 740 duci.

90 762 143 824 llec
158 781 224 826 sum
239 781 297 840 ego
312 765 469 825 Tantalide
485 763 596 838 maior,
617 779 674 824 nec
690 765 786 825 maior
800 766 928 826 Achille.

126 849 207 923 Quod
222 850 325 910 decuit
340 865 445 926 reges,
466 864 521 908 cur
536 847 609 907 mihi
624 857 711 924 turpe
727 856 850 924 putem?

60 941 85 994 15
93 932 126 994 Ut
138 939 232 992 umen
248 933 343 994 iratos
359 933 389 991 in
404 939 434 994 te
449 931 556 993 defixit
571 934 704 1004 ocellos,

125 1018 234 1077 vidite
249 1018 321 1079 totis
334 1017 496 1077 erubuisse
511 1016 610 1092 genis.

89 1102 259 1177 alquanto,
278 1102 305 1162 si
321 1102 398 1163 iorte
413 1102 526 1176 refers,
549 1101 743 1175 praesentior
756 1102 826 1177 ipse

123 1183 176 1245 Per
187 1186 318 1247 Veneris
335 1186 394 1245 ieci
409 1186 536 1246 numina
550 1200 660 1260 magna
676 1185 784 1245 fldem!

91 1270 143 1343 lu,
163 1271 232 1344 dea,
254 1277 288 1331 tu
302 1269 409 1330 iubeas
424 1270 516 1331 animi
533 1268 666 1345 periuria
682 1270 749 1345 puri

59 1359 86 1412 lo
129 1352 312 1428 carpathium
329 1354 453 1430 tepidos
469 1370 524 1430 per
538 1367 621 1413 mare
636 1355 716 1413 ferre
729 1361 830 1416 notos.

91 1435 139 1496 Pro
153 1438 260 1513 quibus
275 1438 385 1498 oificiis
404 1439 532 1514 pretium
547 1437 620 1496 milri
638 1437 729 1498 dulce
743 1440 878 1514 repende

127 1520 303 1584 Concubitus
319 1522 428 1596 hodie,
452 1523 539 1583 lusca
554 1521 700 1599 Cypassi,
724 1531 803 1583 tuos.

93 1604 157 1677 Quid
172 1607 286 1680 renuis,
310 1607 465 1683 fingisque
480 1621 596 1679 novos,
619 1606 752 1681 ingrata,
775 1606 921 1668 timores?

126 1689 216 1751 Unum
232 1697 280 1750 est
293 1707 311 1751 e
325 1690 460 1752 dominis
475 1689 644 1751 emeruisse
658 1690 741 1751 satis.

62 1772 170 1846 loonod
189 1773 216 1836 si
230 1777 321 1835 stulta
336 1790 447 1850 neges,
471 1775 563 1835 index
579 1781 719 1834 anteacta
733 1774 866 1850 fatebor,

127 1857 158 1916 m
172 1859 287 1919 venium
305 1859 415 1935 culpae
431 1859 569 1935 proditor
582 1859 652 1934 ipse
667 1874 767 1934 meac,

95 1939 206 2019 Quoque
221 1944 288 2004 luco
304 1949 403 2004 tecum
421 1943 543 2017 luerim,
565 1941 785 2019 quotiensque,
812 1942 959 2022 Cypassi,

129 2024 253 2088 Narrabo
268 2027 427 2102 dominae,
452 2033 587 2103 quotque
603 2026 779 2103 quibusque
795 2028 905 2089 modis.

60 2150 79 2243 9
97 2152 285 2273 θιιυωᾳυαῐῃ
302 2213 359 2272 pro
375 2212 424 2256 me
439 2196 514 2257 salis
529 2195 686 2270 indignate
702 2196 833 2272 Cupido,

130 2276 190 2338 din
208 2281 299 2341 corde
314 2297 384 2341 mco
402 2280 560 2341 desidiose
576 2295 667 2356 puer,

96 2358 159 2431 Quid
175 2379 234 2440 me,
257 2367 310 2441 qui
326 2365 414 2426 miles
429 2380 595 2440 numquam
611 2370 664 2424 tua
679 2365 768 2440 signa
787 2364 911 2441 reliqui,

128 2445 242 2524 laedis,
262 2456 293 2509 et
307 2449 338 2510 in
354 2448 463 2510 castris
479 2448 626 2509 vulneror
639 2449 709 2524 ipse
725 2448 823 2509 meist

26 2548 30 2573 t
66 2542 78 2583 a
94 2525 143 2586 Cur
154 2536 202 2591 tua
215 2534 263 2593 iax
278 2534 352 2608 urit,
376 2533 440 2608 figit
454 2540 524 2595 tuus
540 2547 631 2593 arcus
647 2533 786 2594 amicost

129 2612 219 2675 Gloria
235 2622 407 2693 pugnantes
419 2617 543 2678 vincere
558 2616 656 2677 maior
670 2624 744 2677 erat.

95 2692 173 2771 Quid,
191 2716 246 2761 uon
263 2701 453 2762 Haemonius
470 2717 561 2776 quern
577 2701 706 2776 cuspide
721 2701 863 2779 perculit,
887 2701 979 2763 heros

129 2779 297 2846 Confossum
313 2785 433 2845 medica
449 2785 613 2860 postmodo
630 2785 703 2845 iuvit
718 2792 800 2862 opet

94 2861 212 2927 Venator
223 2870 362 2946 sequitur
377 2868 536 2944 fugientia,
559 2876 648 2944 captu
662 2870 820 2945 relinquit,

74 2949 98 3004 lt
139 2947 255 3029 Semper
268 2960 298 3013 et
313 2952 443 3013 inventis
458 2953 602 3014 ulteriora
617 2953 700 3028 petit.

94 3027 146 3091 llos
159 3041 204 3094 tua
216 3038 376 3111 sentimus,
399 3039 531 3112 populus
547 3037 599 3097 tibi
615 3038 751 3109 deditus,
774 3050 872 3098 arma=

127 3113 205 3191 Pigra
217 3120 374 3182 reluctanti
390 3126 493 3182 cessat
507 3121 537 3180 in
551 3121 643 3181 hoste
653 3137 772 3180 manus.

96 3193 161 3269 Quid
174 3201 250 3265 iuvat
265 3205 294 3265 in
315 3205 407 3266 nudis
422 3205 544 3266 hamata
558 3205 722 3265 retundere
739 3206 797 3264 tela

130 3280 267 3349 Ossibust
295 3305 370 3350 ossa
384 3287 457 3350 mihi
472 3290 555 3349 nuda
569 3288 715 3365 relinquit
729 3304 823 3348 amor.

68 3359 144 3425 talut
156 3367 215 3431 sine
229 3390 331 3435 amore
345 3373 416 3447 viri,
438 3378 483 3434 tot
498 3380 568 3434 sunt
582 3374 650 3434 siue
665 3389 769 3433 amore
785 3372 918 3448 puellae:

127 3447 194 3512 ilinc
207 3457 257 3517 tibi
271 3474 339 3518 curn
354 3473 465 3533 magna
478 3457 569 3518 laude
584 3456 755 3533 triumphus
773 3464 831 3518 eat.

95 3527 189 3612 Roma,
208 3541 262 3601 nisi
277 3541 448 3603 inmensum
464 3542 546 3602 vires
561 3541 710 3602 movisset
725 3542 754 3600 in
771 3540 891 3613 orbem,
