2467 4042
419 214 478 280 111,
498 219 637 269 tio-213
758 230 877 269 amaron
991 215 1033 279 51

131 380 183 456 out
201 381 285 444 simul
307 382 430 443 intravit
452 381 582 441 rorantia
605 378 739 441 lontibus
761 387 863 461 antra,

130 470 204 531 Sicut
224 478 308 531 eraut
320 517 331 550 ,
352 471 416 530 nso
439 467 536 529 nudae
559 486 612 530 sua
635 476 756 548 pectora
779 467 924 548 nymphae

128 557 295 620 Percussere
317 559 406 640 viro,
428 555 595 636 subitisque
618 554 779 618 ululatibus
802 574 889 617 omne

81 656 118 707 rto
128 645 276 727 lmplerere
299 663 430 726 nemus,
452 639 710 724 circumfusaeque
733 644 855 705 Dianam

129 733 295 815 Corporibus
318 742 421 795 texere
444 734 529 795 suis.
556 741 656 795 tamen
680 731 765 794 altior
788 732 846 794 ulie

129 821 186 903 ipsa
206 822 258 884 dea
280 830 350 904 est,
373 821 509 901 colloque
532 829 621 883 tenus
645 822 849 900 supereminet
870 840 991 882 omnes.

132 910 181 982 dui
200 910 278 972 color
300 910 420 972 iniectis
443 908 560 971 adversi
581 908 654 970 solis
671 908 708 970 ab
731 910 792 971 ictu

130 997 250 1060 Nubibus
271 1017 339 1061 esse
363 997 439 1059 solet
461 1005 512 1059 aut
533 1014 703 1077 purpureae
726 1014 868 1080 amotae,

84 1086 154 1147 teob
172 1088 224 1149 biit
244 1088 275 1148 in
297 1086 382 1148 vultu
405 1088 484 1147 visae
507 1088 571 1148 slne
594 1092 676 1147 veste
699 1084 824 1148 Dianae.

133 1174 200 1245 Quae
221 1192 399 1254 quamquam
422 1176 565 1235 comitum
587 1172 676 1236 turha
698 1182 745 1235 est
767 1176 874 1254 stipata
897 1193 1037 1258 suarum,

132 1262 248 1325 lnlatus
271 1263 426 1341 obliquum
448 1271 548 1324 temen
571 1264 666 1324 astitit
678 1309 687 1344 ,
710 1280 821 1342 oraque
843 1272 925 1325 retro

132 1349 232 1415 llexlt:
251 1360 282 1413 et
303 1360 338 1413 ut
356 1350 445 1413 vellet
465 1359 619 1430 promptas
641 1349 782 1412 habuisse
803 1353 941 1434 sagittas,

133 1437 199 1509 Quas
219 1437 321 1503 habuit
344 1440 388 1500 sic
409 1438 509 1500 hausit
531 1456 640 1519 aquas,
663 1438 837 1520 vultumque
859 1440 974 1502 virilem

84 1536 122 1587 tto
132 1525 271 1589 Perfudit.
300 1525 518 1608 [spargensque
541 1544 642 1588 comas
664 1526 823 1590 ultricibus
845 1527 947 1606 nudis]

132 1614 235 1677 Addidit
255 1615 330 1678 haec
354 1613 446 1677 cladis
468 1616 646 1695 praenuntia
668 1614 758 1677 verba
777 1618 913 1678 iuturae:

132 1697 213 1765 'llum
234 1703 289 1765 tibi
311 1721 360 1765 me
382 1706 479 1784 posito
502 1705 595 1765 visam
618 1703 761 1766 velamine
784 1723 905 1785 narres,

132 1789 157 1851 Si
174 1794 282 1872 poteris
305 1809 451 1874 herram,
473 1790 544 1854 licet
557 1786 577 1853 .'
604 1810 661 1853 nec
683 1792 769 1873 plura
791 1795 900 1854 minata

131 1877 176 1941 llat
195 1898 295 1961 sparso
319 1882 409 1960 capiti
431 1881 540 1942 vlracls
563 1898 676 1942 cornua
698 1883 796 1963 cerri,
911 1895 935 1937 t.
950 1894 1037 1938 xxvffl.

86 1965 175 2028 tubat
194 1971 321 2048 spatium
343 1967 419 2029 collo
431 2015 441 2051 ,
465 1986 655 2048 summasque
679 1972 845 2032 cacuminat
867 1987 972 2052 aures,

131 2054 193 2118 Com
213 2056 399 2137 pedibusque
422 2074 550 2139 manus,
573 2075 642 2119 cum
664 2057 759 2138 longis
783 2058 920 2120 bracchia
943 2067 1037 2121 mutat

131 2141 283 2227 cruribus,
305 2153 337 2206 et
358 2144 436 2207 velat
457 2144 608 2207 maculoso
631 2145 740 2208 vellere
763 2165 887 2229 corpus3

129 2231 238 2295 hdditns
260 2241 292 2296 et
314 2251 405 2313 pavor
428 2241 495 2295 est.
523 2235 600 2313 fugit
622 2235 805 2297 Autonoeius
827 2235 916 2297 henos

129 2318 160 2380 Et
177 2340 208 2383 se
229 2329 291 2383 tam
310 2320 438 2383 celerem
461 2339 553 2384 cursu
575 2324 702 2385 miratur
723 2327 755 2384 in
778 2326 860 2403 ipso.

28 2423 29 2454 ÷
86 2406 162 2470 mut
180 2427 247 2472 vero
270 2409 371 2472 vultus
394 2419 424 2472 et
446 2428 558 2472 manua
580 2411 654 2474 vidlt
675 2413 706 2473 ln
729 2411 826 2494 unda,

130 2491 177 2559 ‘lle
197 2501 340 2561 miserum
354 2493 372 2560 l'
394 2497 530 2560 dicturus
551 2507 617 2561 erat
629 2547 639 2581 ,
661 2517 718 2561 vox
745 2499 825 2562 nulla
848 2510 951 2562 secuta
974 2512 1037 2563 est:

28 2609 30 2634 ι
130 2583 264 2665 ingemuit
276 2635 286 2669 ,
308 2604 364 2647 vox
387 2586 436 2647 illa
460 2587 537 2667 lnit3
560 2585 757 2668 lacrimaeque
779 2607 834 2668 per
857 2607 909 2650 ora
934 2642 937 2647 .

28 2749 30 2752 Ι
130 2670 183 2735 Non
205 2693 259 2737 sua
281 2673 454 2737 duxerunt.
484 2692 568 2736 mens
591 2683 707 2739 tantum
728 2678 854 2757 pristina
877 2679 1001 2739 mansit.

28 2795 30 2832 ;
129 2759 193 2831 Quid
215 2759 334 2825 iaciat?
355 2770 509 2843 repetatne
533 2763 654 2825 domum
677 2773 708 2826 et
730 2765 840 2845 regalia
861 2762 966 2827 tecta?

87 2849 165 2910 hila
185 2851 271 2914 lateat
293 2848 405 2913 silvis?
427 2851 525 2932 pudor
547 2852 627 2935 hoc,
650 2855 738 2914 timor
761 2853 885 2935 impedit
906 2853 996 2916 illud.

28 2941 30 2966 ¹
129 2935 192 3000 hm
212 2939 351 3022 dubitat,
373 2940 475 3002 videre
498 2957 609 3002 canes:
632 2941 820 3021 palmamque
843 2941 1005 3022 Melampus

128 3022 349 3107 Ichnobatesque
371 3046 460 3108 sagax
476 3027 587 3089 latratu
609 3031 692 3109 signa
715 3030 842 3110 dedere,

129 3111 240 3178 Gnosius
262 3115 461 3197 Ichnobates,
485 3115 629 3196 Spartana
643 3127 731 3197 gente
754 3118 934 3199 Melampus.

129 3198 187 3265 lude
207 3214 301 3266 ruunt
323 3204 372 3265 alii
395 3204 497 3284 rapida
518 3204 649 3266 velocius
671 3225 760 3289 aura,

87 3291 121 3347 llo
129 3286 300 3372 Pamphagus
324 3299 355 3354 et
376 3291 509 3355 Dorceus
532 3302 563 3355 et
576 3293 720 3356 Oribasus
732 3342 741 3377 ,
763 3294 893 3358 Arcades
916 3313 1036 3378 omnes,

129 3373 393 3461 Nebrophonusque
415 3380 516 3443 ruens
540 3389 570 3442 et
592 3389 663 3444 hux
676 3402 744 3445 cum
758 3381 883 3463 Laelape
897 3384 1036 3468 Theron,

130 3460 160 3526 Et
178 3468 300 3548 pedibus
322 3467 478 3551 Pterelas,
501 3478 532 3530 et
554 3469 676 3533 naribus
699 3471 781 3534 utilis
804 3472 899 3554 Agre,

130 3548 301 3639 Hylaeusque
325 3558 409 3620 ierox
432 3575 528 3637 nuper
551 3576 713 3638 percussus
735 3559 772 3621 ab
795 3579 885 3642 apro,

786 3666 803 3710 4
809 3659 822 3685 t
