2467 4042
180 280 239 346 150
555 280 827 344 EPISTULAE.

199 447 248 499 tao
301 433 430 510 Quoque
446 432 545 493 minus
561 434 684 508 venias,
706 434 812 498 invida
827 448 943 514 pugnat
957 439 1093 514 hiemps.

259 518 309 579 itte
326 517 485 591 miseram,
508 524 623 592 quanto
640 519 824 595 planguntur
837 521 926 583 litora
939 520 1043 596 linctu,

300 603 339 662 Iit
353 604 426 663 latet
442 600 576 663 obscura
591 602 715 664 condita
727 604 809 665 nube
822 605 899 666 dies.

258 686 399 748 Forsitan
413 686 454 745 ad
469 693 597 760 pontum
612 695 710 749 mater
727 688 780 764 pia
793 689 911 750 venerit
923 690 1039 766 Helice,

299 769 466 845 Mersaque
478 770 589 830 roratis
603 778 675 830 nata
689 770 800 833 fleatur
811 773 916 848 aquis:

197 865 246 921 125
256 855 306 916 An
321 868 405 915 mane
418 852 457 913 ab
472 853 574 915 inviso
590 854 751 931 privignae
766 858 889 918 nomine
907 858 1022 919 dictum

300 939 402 999 Vexat
417 938 448 998 ln
465 952 653 1012 aequoream
670 952 762 1002 versa
776 956 911 1003 noverca
924 943 1037 1003 deamo

258 1023 324 1085 Non
339 1024 438 1093 favet,
461 1027 496 1084 ut
509 1038 591 1083 nuno
606 1031 671 1096 est,
693 1025 807 1086 tenens
822 1025 911 1088 locus
927 1026 986 1087 iste
1001 1027 1134 1102 puellis.

298 1108 365 1168 Hac
381 1107 469 1167 Helle
486 1105 590 1181 periit,
612 1106 672 1167 bac
686 1124 745 1184 ego
761 1109 868 1171 laedor
881 1125 971 1185 aqna.

255 1191 298 1254 At
312 1189 367 1252 tibi
384 1188 574 1251 flammarum
589 1194 731 1268 memori,
753 1191 907 1269 Neptune,
926 1200 1047 1255 tuarum

196 1285 247 1341 ιω
278 1300 282 1307 =
297 1275 404 1335 Nullus
416 1281 483 1339 erat
496 1275 596 1337 ventis
610 1276 817 1351 inpediendus
832 1294 933 1338 amor:

257 1359 291 1422 Si
305 1375 408 1436 neque
420 1359 611 1437 Amymone,
634 1376 692 1421 nec
708 1362 920 1425 laudatissima
936 1362 1036 1422 torma

299 1443 439 1504 Criminis
455 1451 503 1503 est
516 1445 597 1520 Tyro
612 1444 717 1507 tabula
731 1461 813 1506 vana
826 1446 879 1522 tui,

256 1526 434 1603 Lucidaque
450 1528 594 1607 Alcyone
608 1529 783 1606 Calyceque
796 1531 991 1592 Hecataeone
1007 1538 1091 1608 nata,

298 1612 336 1673 Et
349 1612 486 1674 nondum
502 1612 590 1673 nexis
605 1628 707 1688 angue
718 1613 851 1676 Medusa
866 1614 971 1687 comis,

194 1706 244 1762 135
254 1697 411 1774 Flavaque
425 1695 560 1758 Laodice
576 1699 727 1773 caeloque
742 1705 867 1774 recepta
882 1698 1024 1773 Celaeno,

297 1781 336 1842 ln
351 1797 480 1857 quarum
495 1781 618 1842 memini
632 1783 757 1844 nomina
771 1784 850 1845 lecta
864 1782 947 1843 mibi.

256 1866 320 1926 Has
337 1873 419 1927 certe
432 1865 599 1941 pluresque
615 1874 743 1943 canunt,
762 1867 916 1943 Neptune,
938 1875 1050 1943 poetae

296 1949 390 2010 Molle
405 1951 485 2011 latus
501 1951 587 2011 lateri
600 1951 818 2026 composuisse
834 1959 899 2014 tuo.

256 2035 316 2097 cur
330 2033 437 2109 igitur,
459 2034 570 2095 totiens
586 2033 668 2095 vires
685 2042 831 2111 expertus
846 2037 970 2110 amoris,

194 2129 244 2182 tto
295 2117 468 2180 Adsuetum
484 2118 574 2181 nobis
588 2118 709 2180 turbine
723 2120 841 2181 claudis
855 2121 932 2181 iteri

254 2203 363 2277 Parce,
386 2203 489 2274 lerox,
511 2203 637 2280 latoque
650 2204 726 2265 mari
740 2212 793 2266 tua
806 2203 925 2280 proelia
936 2204 1042 2266 misce.

298 2286 424 2348 Seducit
437 2293 535 2348 terras
549 2288 628 2349 baec
642 2287 747 2349 brevis
763 2289 847 2349 unda
863 2289 949 2350 duas.

255 2371 402 2433 Tedeoet
416 2379 468 2433 aut
482 2388 610 2448 magnas
627 2388 768 2448 magnum
783 2373 897 2434 iactare
910 2374 1043 2449 carinas,

296 2455 359 2516 Aut
376 2457 467 2517 etiam
482 2455 553 2517 totis
568 2456 722 2518 classibus
738 2471 811 2518 esse
824 2465 949 2519 trucem.

193 2548 242 2602 lit
254 2538 353 2615 Turpe
367 2540 426 2602 deo
442 2541 544 2617 pelagi
559 2541 702 2602 iuvenem
716 2548 830 2602 terrere
845 2548 1012 2602 natantem:

297 2624 462 2701 Gloriaque
474 2631 525 2686 est
539 2632 649 2702 stagno
668 2626 804 2701 quolibet
817 2626 878 2687 ista
892 2626 998 2688 minor.

253 2707 371 2769 Nobilis
385 2710 435 2770 ille
452 2709 576 2784 quidem
591 2718 640 2771 est
654 2717 685 2769 et
698 2711 798 2770 clarus
813 2709 945 2785 origiue,
969 2708 1106 2770 sednon

295 2794 325 2853 A
341 2793 393 2854 tibi
412 2800 558 2869 suspecto
573 2795 657 2856 ducit
671 2795 760 2856 Ulixe
775 2810 883 2869 genus.

253 2878 301 2938 Da
314 2878 448 2952 veniam,
469 2892 622 2953 servaque
638 2879 728 2940 duos.
749 2878 905 2939 natatilia.
929 2878 987 2943 sed
1001 2877 1105 2939 iedem

190 2971 243 3024 lto
296 2961 414 3037 Corpus
429 2962 575 3037 Leandri,
597 2976 671 3038 spes
685 2978 756 3024 mea
768 2961 883 3039 pendet
896 2962 997 3039 aquis.

255 3044 389 3107 Sternuit
401 3054 432 3106 et
444 3048 556 3108 lumen.
581 3046 682 3123 posito
698 3064 768 3108 nam
782 3046 944 3108 scribimus
959 3047 1019 3107 illo.

296 3128 445 3205 Sternuit,
468 3140 499 3192 et
513 3131 603 3192 nobis
617 3142 769 3207 prospera
782 3131 871 3206 signa
884 3131 979 3193 dedit.

252 3213 348 3288 Ecce,
370 3231 486 3276 mermn
502 3216 603 3277 nutrix
619 3217 738 3277 inustos
753 3215 880 3278 instillat
895 3215 927 3276 in
942 3215 1037 3290 ignes,

296 3298 460 3374 ‘Cras’que
475 3300 602 3363 ‘emmas
617 3302 734 3376 plures’
751 3300 866 3376 inquit,
889 3306 920 3360 et
933 3299 1001 3375 ipsa
1015 3297 1099 3358 bibit.

191 3381 419 3444 transmeans
435 3386 552 3460 plnres,
575 3386 675 3445 evicta
689 3401 745 3460 per
760 3400 895 3460 aequora
908 3385 1024 3459 lapsus,
1089 3400 1093 3406 ·

297 3464 322 3526 0
337 3468 459 3542 penitus
472 3475 536 3530 toto
552 3468 647 3530 corde
662 3476 786 3545 recepte
802 3468 890 3529 mibit

253 3549 287 3610 ln
301 3557 354 3612 tua
368 3559 469 3612 castra
485 3554 566 3620 redi,
587 3553 665 3614 socii
682 3554 823 3615 desertor
839 3553 961 3615 amoris.
