2467 4042
435 274 462 346 i,
486 271 547 335 527
561 309 599 318 -
612 273 683 335 602.

51 434 103 487 ⁵65
114 424 208 501 Ergo
226 425 277 486 ubi
294 424 475 501 contigerint
491 425 581 500 positi
598 425 650 486 tibi
666 443 792 486 munera
808 428 928 501 Bocchi,

162 511 275 586 Atque
289 513 347 570 erit
360 510 389 569 in
407 510 484 570 socii
500 510 612 569 iemina
629 517 713 585 parte
727 511 793 583 tori,

115 594 362 674 Nycteliumque
379 601 494 670 patrem
511 601 721 669 nocturnaque
736 611 825 655 sacra
840 611 975 671 precare,

160 679 214 739 Ne
229 680 354 739 iubeant
368 678 460 753 capiti
476 678 547 737 vina
562 693 674 737 nocere
690 687 750 739 tuo.

113 763 178 823 Hic
195 769 250 824 ttbt
266 764 361 823 multa
377 763 449 822 ticet
464 778 605 822 sermone
620 763 741 823 latentia
757 763 847 825 teoto'

48 854 101 908 bio
158 848 292 920 Dicere,
317 863 399 922 quae
414 847 474 906 dici
490 846 602 906 sentiat
615 846 666 907 iiia
680 847 754 907 sibi=

113 932 359 1007 Blanditiasque
375 933 460 990 leves
474 931 556 990 tenui
573 932 766 1005 perscribere
780 931 863 1005 vino,

158 1018 205 1079 Ut
222 1016 376 1075 dominam
390 1015 421 1074 in
437 1031 544 1075 mensa
559 1031 594 1075 se
609 1017 690 1089 tegat
704 1016 754 1075 illa
770 1021 863 1075 loom:

113 1102 228 1176 Atque
243 1102 353 1161 ocutos
370 1100 468 1159 ocutis
484 1106 627 1175 spectare
642 1099 804 1160 latentibus
820 1100 933 1174 ignem:

161 1184 271 1260 Saepe
285 1192 392 1245 tacens
407 1199 515 1244 vocem
532 1184 689 1259 verbaque
707 1186 806 1244 vuitus
821 1183 920 1243 babet.

47 1274 100 1332 575
110 1268 182 1330 Fac
200 1269 318 1344 primus
334 1268 440 1344 rapias
455 1268 536 1329 iliius
552 1275 630 1328 tacta
646 1268 764 1329 labellis

158 1353 294 1425 Pocula,
318 1369 444 1428 quaque
459 1352 535 1412 bibit
549 1359 636 1428 parte
653 1354 769 1427 puelia,
789 1351 894 1411 bibas:

110 1437 153 1498 Et
170 1453 400 1513 quemcumque
416 1437 515 1497 cibum
533 1436 636 1512 digitis
653 1435 793 1495 libaverit
805 1436 865 1508 ilia,

157 1521 210 1582 Tu
223 1528 303 1597 pete.
327 1521 462 1595 dumque
478 1528 580 1596 petes,
603 1522 644 1580 sit
656 1520 710 1580 tibi
724 1526 805 1580 tacta
820 1535 938 1580 manus.

112 1604 188 1667 Sint
204 1606 293 1665 etiam
308 1612 359 1665 tua
374 1612 461 1678 vota,
484 1606 550 1666 viro
567 1605 724 1680 placuisse
739 1604 874 1681 poetices

50 1698 100 1751 ltltt
156 1689 272 1752 Utilior
285 1688 376 1751 vobis
392 1690 492 1750 iactus
507 1689 625 1750 amicus
641 1690 705 1749 crit.

113 1775 214 1847 iluie,
238 1772 266 1835 si
281 1782 365 1834 sorte
378 1773 484 1849 bibes,
505 1780 621 1834 sortem
637 1773 773 1834 concede
790 1772 936 1847 priorem:

158 1859 241 1918 Huic
256 1858 345 1918 detur
360 1857 452 1933 capiti
467 1857 562 1918 missa
577 1872 695 1918 corona
710 1864 773 1918 tuo.

114 1941 195 2004 Sive
209 1943 249 2003 sit
262 1940 402 2016 interior,
427 1957 481 2001 seu
497 1958 568 2017 par,
593 1942 677 2017 prior
692 1941 794 2001 omnia
809 1949 923 2003 sumat:

159 2027 226 2088 Nec
242 2027 362 2086 dubites
378 2025 420 2085 itti
435 2026 529 2085 verba
544 2027 681 2086 secunda
696 2026 791 2101 loqui.
873 2049 875 2051 ·

52 2118 102 2172 58⁶
112 2110 194 2172 Tuta
210 2112 420 2186 frequensque
434 2109 487 2169 via
504 2117 566 2184 est,
589 2125 647 2185 per
660 2110 748 2169 amici
764 2110 868 2168 tallere
883 2125 1000 2170 nomen

159 2197 237 2257 Tuta
253 2195 460 2269 irequensque
476 2194 545 2253 licet
562 2194 602 2253 sit
618 2194 684 2268 via,
709 2194 820 2253 crimen
837 2194 939 2253 habet.

115 2279 195 2340 lude
209 2285 391 2356 procurator
405 2278 530 2338 nimium
546 2293 673 2353 quoque
688 2278 782 2338 muita
797 2285 947 2352 procurat,

159 2364 198 2424 Et
212 2360 271 2423 sibi
286 2362 439 2424 mandatis
456 2363 543 2438 plura
558 2362 693 2421 videnda
710 2369 804 2438 putat.

115 2448 208 2510 Certa
222 2447 275 2508 tibi
291 2463 309 2506 a
323 2446 414 2507 nobis
429 2446 551 2507 dabitur
564 2462 708 2506 mensura
722 2445 863 2505 bibendi=

54 2538 104 2594 59⁰
162 2531 304 2593 Oiflcium
323 2538 480 2607 praestent
494 2546 644 2606 mensque
660 2531 819 2606 pedesque
835 2547 933 2591 suum.

114 2616 218 2691 iurgia
234 2616 401 2691 praecipue
416 2614 487 2676 vino
502 2614 655 2674 stimulata
670 2623 787 2688 caveto,

159 2700 198 2760 Et
212 2699 337 2759 nimium
353 2699 459 2759 iacitcs
475 2700 514 2760 ad
531 2700 595 2758 iera
611 2700 692 2759 bella
705 2715 823 2759 manus.

115 2783 236 2845 Occidit
249 2783 399 2862 Eurytion
415 2785 506 2843 stulte
522 2784 592 2843 dala
609 2783 680 2869 yina
694 2784 838 2844 bibendo.

160 2866 272 2943 Aptior
285 2874 333 2929 est
347 2867 428 2927 dulci
437 2884 552 2930 mensa
566 2884 744 2943 merumque
759 2869 837 2928 ioco.

56 2959 103 3014 595
115 2952 150 3015 Si
167 2968 231 3013 vox
244 2959 306 3025 est,
331 2958 429 3012 canta.
453 2953 479 3012 si
495 2953 596 3011 mollia
613 2953 753 3026 brachia,
776 2953 869 3013 sallat

158 3036 196 3097 iit
212 3052 408 3112 quacumque
424 3044 512 3111 poles
528 3037 600 3096 dote
616 3037 753 3110 placere,
777 3038 873 3112 place.

112 3120 255 3181 Ebrietas
272 3128 305 3183 ut
320 3134 394 3180 vera
410 3127 513 3193 nocet,
537 3120 583 3180 sic
597 3120 668 3181 ficta
682 3119 813 3182 iuvabit:

158 3204 221 3265 Fac
234 3205 343 3266 titubet
356 3205 462 3265 blaeso
479 3204 610 3265 subdola
625 3206 728 3280 lingua
742 3220 830 3276 sono,

114 3287 169 3363 Ut,
193 3288 339 3365 quioquid
356 3288 452 3350 iacias
464 3288 591 3350 dicasve
606 3290 780 3364 protervius
795 3305 904 3365 aequo,

54 3382 102 3436 tto
156 3372 306 3435 credatur
318 3373 442 3433 nimium
459 3390 555 3434 causa
572 3373 669 3434 iuissc
682 3390 807 3434 merum.
982 3416 984 3419 -

115 3456 151 3518 Et
167 3456 312 3517 benedic
328 3457 485 3532 dominae,
505 3457 599 3531 bene,
623 3474 691 3519 eum
707 3474 769 3534 quo
785 3457 913 3518 dormiat
928 3457 977 3517 illa

156 3540 237 3613 Sed,
259 3540 340 3601 maie
355 3540 409 3614 sit,
431 3542 523 3603 tacita
536 3550 636 3604 mente
651 3559 793 3619 precare,
803 3616 805 3621 ,
816 3543 890 3603 viro.
