2467 4042
170 227 235 294 180
578 225 765 279 axronro

209 405 243 454 35
258 390 358 453 Redde
382 392 499 470 vicem,
522 407 577 451 nec
600 407 667 450 rara
691 391 734 450 tui
758 391 937 451 monimenta
959 389 1079 453 laboris

301 479 456 559 Accipient
479 486 620 557 nostrae,
643 486 724 556 grata
747 478 869 558 lutura,
891 496 1011 540 manus.

257 568 311 629 Dio
335 577 455 648 tamen,
479 585 497 626 o
520 568 635 628 iuvenis
658 564 825 627 studiorum
847 566 934 646 plene
957 584 1123 650 meorum,

302 655 417 735 Ecquid
441 653 477 716 ab
501 655 548 716 bis
571 656 645 734 ipsis
668 654 843 715 admoneare
866 657 941 715 mei.

257 743 396 825 Ecquid,
425 743 478 804 ubi
505 750 556 804 aut
584 745 693 803 recitas
720 744 830 803 lactum
857 742 944 803 modo
971 761 1103 807 carmen

806 832 926 911 amicis,

208 933 243 983 40
301 920 383 998 Aut,
407 919 486 1001 quod
511 935 598 999 saepe
622 919 700 980 soles
712 966 722 999 ,
745 920 838 998 exigis
861 927 895 980 ut
916 921 1066 1002 recitent,

259 1007 417 1089 Quaeror,
443 1017 478 1069 ut
504 1007 656 1068 interdum
683 1009 731 1087 pia
758 1025 865 1086 mens,
891 1006 979 1069 oblita
1008 1010 1088 1088 qnid

806 1094 900 1173 absit,
1149 1115 1195 1165 (os)

300 1184 408 1247 Nescio
432 1184 503 1263 quid
527 1191 608 1245 certe
633 1186 723 1245 sentit
745 1181 848 1245 abesse
872 1181 946 1245 sui?

257 1273 331 1334 Utve
354 1272 437 1352 loqui
458 1272 586 1333 multum
608 1271 646 1333 de
670 1289 716 1333 me
739 1281 896 1351 praesente
919 1272 1057 1354 solebas,

301 1360 387 1423 Nunc
411 1379 530 1440 quoque
553 1360 679 1422 Nasonis
702 1378 810 1422 nomen
833 1363 865 1421 in
887 1378 939 1422 ore
962 1370 1016 1422 tuo
1040 1361 1123 1427 est?

209 1461 243 1511 ts
257 1450 324 1531 lpse
348 1449 468 1529 quidem
492 1449 595 1510 Getico
617 1465 738 1529 peream
762 1448 887 1510 violatus
910 1449 945 1510 ab
968 1467 1041 1511 arcu
1053 1499 1064 1532 ,
1087 1486 1124 1496 —

301 1537 340 1598 Et
362 1540 401 1600 sit
423 1539 539 1617 periuri
562 1555 652 1615 quam
674 1555 767 1617 prope
790 1556 903 1617 poena,
925 1537 1009 1598 rides
1029 1571 1066 1583 -

257 1626 299 1689 Te
323 1628 381 1688 nisi
405 1628 563 1687 momentis
585 1627 672 1686 video
695 1643 788 1705 paene
812 1624 949 1688 omnibus
971 1625 1108 1693 absens.

301 1713 401 1776 Gratia
424 1713 487 1795 dis,
511 1716 604 1775 menti
628 1713 759 1794 quolibet
782 1715 827 1774 ire
850 1713 934 1776 lioet.

256 1803 318 1864 Hac
341 1802 394 1864 ubi
416 1804 560 1882 perveni,
584 1801 657 1862 nulli
680 1802 870 1883 cernendus,
892 1804 923 1863 in
945 1800 1082 1886 Urbem,

208 1903 242 1952 50
302 1890 396 1971 Saepe
419 1890 525 1970 loquor
549 1900 671 1971 tecum,
694 1908 782 1970 saepe
804 1890 944 1969 loquente
967 1891 1075 1954 iruor.

243 1979 334 2050 ,Tum
357 1978 429 2040 mibi
442 2026 451 2060 ,
475 1978 595 2040 difficile
619 1989 687 2058 est,
710 1996 798 2058 quam
822 1981 861 2039 sit
882 1977 981 2060 bene,
1004 1980 1136 2066 dicere,

805 2085 952 2147 quamque

301 2154 430 2217 Candida
453 2155 571 2217 iudiciis
594 2155 642 2216 illa
666 2155 705 2216 sit
727 2154 800 2216 bora
823 2157 914 2217 meis.

256 2244 332 2305 Tum
355 2262 425 2323 me,
449 2245 534 2322 siqua
557 2243 653 2324 fides,
676 2242 797 2305 caelesti
819 2244 890 2304 sede
913 2251 1073 2324 receptum

301 2330 375 2393 Cum
399 2332 558 2394 fortunatis
582 2333 719 2412 suspicor
741 2349 809 2393 esse
831 2331 913 2393 deis.

207 2433 240 2481 55
256 2420 371 2482 Rursus
394 2419 446 2481 ubi
469 2419 528 2481 buc
551 2420 649 2502 redii,
677 2419 791 2481 caelum
815 2438 998 2500 superosque
1023 2421 1189 2509 relinquo,

299 2510 323 2569 Α
348 2507 436 2589 Styge
460 2527 516 2570 nec
539 2508 626 2586 longe
650 2508 772 2569 Pontica
795 2507 887 2570 distat
907 2507 1035 2570 humus.

256 2596 340 2658 Unde
364 2614 420 2677 ego
443 2599 469 2658 si
493 2597 552 2659 lato
576 2600 656 2658 nitor
679 2595 857 2676 prohibente
880 2600 1009 2675 reverti,

300 2684 391 2766 Spem
414 2687 478 2747 sine
501 2685 661 2766 proiectu,
685 2685 832 2763 Maxime,
855 2685 925 2747 tolle
947 2686 1040 2748 mibi.

638 2878 699 2955 vl.

255 3038 333 3100 Naso
359 3056 435 3117 suo,
458 3039 559 3118 posuit
581 3056 690 3099 nomen
714 3040 763 3100 cui
786 3056 903 3120 paene,
925 3038 1019 3100 sodali

298 3127 390 3189 Mittit
413 3126 449 3187 ab
473 3125 597 3188 Euxinis
620 3127 677 3187 boc
700 3126 790 3187 breve
813 3146 933 3189 carmen
956 3130 1059 3207 aquis.

255 3216 292 3276 m
315 3218 341 3276 si
365 3224 451 3276 cauta
474 3232 579 3295 parum
603 3216 774 3295 scripsisset
796 3215 922 3298 dextra,
944 3218 1010 3296 quis
1036 3235 1146 3305 esses,

301 3302 439 3366 Forsitan
463 3303 561 3365 officio
585 3312 670 3383 parta
693 3303 824 3382 querella
847 3305 942 3368 soret.

226 3389 317 3452 sCur
340 3402 463 3471 tamen,
485 3391 543 3452 boc
567 3392 631 3452 aliis
654 3398 752 3452 tutum
775 3392 990 3475 credentibus,
1012 3413 1119 3481 unus,
1145 3413 1187 3465 (au

299 3478 456 3557 Appellent
479 3497 516 3539 ne
541 3486 570 3539 te
594 3481 724 3540 carmina
747 3489 868 3562 nostra,
891 3480 1003 3561 rogas?

257 3560 372 3631 Quanta
395 3567 435 3625 sit
457 3567 487 3625 in
511 3565 608 3626 media
632 3565 788 3629 clementia
812 3568 946 3632 Caesaris
968 3573 1032 3652 ira,
