2467 4042
193 235 259 305 228
601 242 795 295 ΕἊὸΤΟΒῊΜ

280 406 410 485 Tempus
433 408 491 467 erit
504 453 513 487 ,
536 424 605 466 oum
627 424 681 467 vos
704 405 866 485 orbemque
889 407 1027 469 tuebitur
1052 409 1160 492 idem,

215 500 267 556 550
323 494 362 555 Et
384 495 457 555 flent
479 497 544 573 ipso
567 512 650 555 sacra
674 494 790 555 colente
813 495 886 556 deo:

280 582 318 642 Et
337 600 429 661 penes
452 582 602 660 Augustos
625 584 738 662 patriae
761 581 853 643 tutela
877 583 1025 645 manebit.

325 670 407 731 llanc
430 670 474 730 las
495 673 615 749 imperii
638 671 722 731 irena
744 678 848 732 tenere
872 671 1011 732 domum.

280 758 352 819 lnde
376 776 468 838 nepos
491 765 638 837 natusque
661 758 709 820 dei
722 805 731 840 ,
755 758 824 819 licet
846 761 911 838 ipse
935 769 1080 842 recuset,
1149 758 1164 773 ”

325 846 460 907 Pondera
484 846 604 907 caelesti
628 855 726 907 mente
748 854 871 926 paterna
894 849 987 908 ieret.

216 947 267 996 555
282 934 379 1013 thue
402 952 456 1013 ego
479 937 632 1015 perpetuis
655 935 725 995 olim
749 935 888 995 sacrabor
910 938 941 996 in
964 938 1047 1017 aris,

326 1022 375 1081 Sic
398 1022 531 1100 Augusta
554 1040 662 1083 5505055
685 1022 757 1084 lulia
780 1025 892 1084 numen
915 1020 1006 1084 erit.'

282 1109 402 1171 Talibus
425 1119 458 1171 ut
481 1110 567 1171 dictis
591 1119 711 1171 nostros
734 1110 889 1172 descendit
911 1112 942 1171 in
966 1130 1086 1194 annos,

326 1197 466 1258 Substitit
487 1201 518 1258 in
541 1198 654 1259 medios
677 1201 809 1277 praescia
833 1198 932 1278 lingua
956 1217 1069 1262 sonos.

282 1286 435 1365 Puppibus
459 1303 596 1364 egressus
620 1285 702 1347 Latia
725 1290 807 1347 stetit
831 1286 898 1347 exul
920 1289 952 1347 in
975 1288 1095 1353 herba.

217 1386 269 1436 540
328 1374 431 1455 Felix,
454 1375 573 1434 exilium
597 1378 647 1435 cui
669 1374 752 1435 locus
774 1375 823 1435 ille
847 1373 921 1435 luit!

282 1462 343 1523 Nec
362 1480 445 1523 mora
462 1461 548 1540 longa
567 1464 643 1537 luit,
666 1462 783 1523 stabant
800 1481 876 1523 nova
893 1472 994 1542 tecta,
1013 1482 1125 1544 neque
1144 1469 1207 1530 alter

327 1550 476 1611 Montibus
499 1551 638 1611 Ausoniis
661 1550 773 1611 Arcade
796 1553 890 1611 maior
913 1558 997 1611 erat,

282 1639 360 1700 Ecce
383 1638 472 1700 boves
495 1638 566 1699 illuc
589 1638 763 1718 Erytheidas
787 1639 913 1718 applicat
936 1638 1026 1700 heros

327 1726 473 1787 Emensus
495 1725 576 1805 longi
598 1725 726 1805 claviger
748 1727 830 1787 orbis
852 1730 927 1787 iter.

217 1827 269 1877 545
283 1815 417 1894 Dumque
437 1815 506 1875 huic
525 1814 686 1893 hospitium
705 1814 810 1875 domus
829 1822 875 1875 est
893 1814 1048 1898 Tegeaea,
1065 1829 1207 1900 vagantur

328 1902 526 1963 lncustoditae
549 1902 625 1963 laeta
648 1920 702 1982 per
725 1920 794 1963 5555
816 1902 922 1963 bores.

284 1992 367 2052 Mane
391 1997 477 2051 erat:
509 2008 654 2051 excussus
677 2008 780 2051 somno
803 1990 977 2071 Tirynthius
1000 2002 1091 2053 actor

328 2079 370 2139 lle
394 2096 517 2139 numero
540 2087 643 2156 tauros
666 2080 756 2139 sentit
779 2077 882 2139 abesse
904 2078 998 2139 duos.

284 2167 368 2229 Nulla
390 2167 470 2228 ridet
493 2184 640 2248 quaerens
663 2169 745 2227 taciti
768 2168 890 2246 vestigia
912 2168 1002 2227 lurti:

218 2268 270 2317 550
328 2256 471 2316 Traxerat
493 2273 612 2316 aversos
635 2254 730 2316 Cacus
752 2256 784 2315 in
807 2263 890 2315 antra
913 2254 1011 2315 ieros:

286 2344 401 2422 Cacus,
425 2342 584 2418 Aventinae
607 2344 698 2403 timor
720 2350 809 2421 atque
832 2344 950 2402 infamia
973 2342 1089 2426 511550,

329 2431 395 2492 Non
418 2430 481 2492 leve
504 2432 637 2491 finitimis
659 2430 885 2511 hospitibusque
908 2430 1037 2492 malum.

226 2580 228 2584 ,
286 2519 353 2580 Dira
376 2520 440 2578 viro
463 2521 575 2600 iacies,
599 2521 679 2579 vires
701 2536 756 2597 pro
779 2536 926 2598 corpore,
949 2535 1064 2598 corpus
1230 2595 1231 2604 ἵ

329 2607 463 2667 Grande:
487 2616 571 2686 pater
593 2610 719 2667 monstri
741 2605 884 2667 Mulciber
907 2605 996 2667 huius
1021 2619 1114 2688 erat:
1230 2611 1231 2620 ’

222 2708 273 2757 555
287 2696 404 2773 Proque
428 2695 514 2755 domo
538 2694 633 2773 longis
657 2694 797 2774 spelunca
819 2694 987 2755 recessibus
1009 2698 1130 2777 ingens

272 2799 274 2801 ’
329 2782 457 2864 Abdita,
481 2785 527 2843 515
550 2785 624 2861 ipsis
647 2782 822 2843 invenienda
844 2783 934 2843 ieris,
1230 2773 1231 2786 ¹

281 2871 344 2933 ’055
367 2889 457 2950 super
480 2879 581 2949 postes
604 2871 748 2950 ailixaque
771 2870 893 2930 brachia
914 2871 1048 2950 pendent
1056 2922 1065 2952 ‚

331 2959 528 3038 squalidaque
551 2959 688 3020 humanis
712 2957 829 3019 ossibus
852 2958 930 3019 albat
951 2959 1083 3021 humus.

289 3047 411 3108 Servata
433 3046 508 3108 male
531 3054 615 3127 parte
638 3047 729 3107 boum
752 3046 819 3107 love
843 3056 930 3108 natus
952 3046 1075 3110 abibas:

221 3148 272 3197 500
331 3135 475 3214 Mugitum
498 3153 587 3196 rauco
611 3136 690 3196 iurta
713 3134 823 3196 dedere
846 3152 937 3196 sono.

288 3218 418 3303 ‘Accipio
442 3219 633 3284 revocamen'
659 3224 716 3303 ait,
738 3239 900 3302 vocemque
924 3230 1047 3284 secutus

330 3310 421 3392 lmpia
445 3331 499 3391 per
522 3312 609 3372 silvas
632 3312 726 3370 victor
749 3310 784 3370 ad
808 3319 892 3371 antra
915 3313 1010 3372 venit.

286 3396 337 3459 llle
361 3400 472 3461 aditum
496 3400 583 3461 fracti
604 3407 827 3478 praestruxerat
850 3398 935 3460 obice
958 3403 1089 3482 montis,

331 3485 384 3546 Vir
408 3490 477 3566 iuga
499 3490 661 3548 movissent
683 3490 814 3566 quinque
838 3486 884 3547 bis
906 3485 977 3548 illud
1001 3506 1099 3567 opus.

289 3572 398 3633 ”nitur
421 3573 470 3634 bio
492 3577 625 3653 umeris,
639 3606 675 3616 -
689 3573 810 3635 caelum
824 3593 942 3655 qnoque
965 3576 1087 3639 sederat
1108 3580 1210 3642 illis-
