2467 4042
452 233 536 304 xiv,
554 238 713 289 sos-aar.
829 253 905 291 once
1021 234 1085 300 289

161 402 300 483 Effugit.
327 402 434 462 amissa
456 401 606 462 sociorum
628 409 712 480 parte
736 398 869 462 dolentes

162 490 317 569 Multaque
340 489 497 568 conquesti
518 491 609 550 terris
633 487 787 549 allabimur
808 487 884 569 illis,

165 578 247 649 Quas
270 576 376 658 procul
398 576 468 638 hinc
491 578 615 638 cernis.
643 576 749 656 procul
768 584 836 659 est,
857 576 929 638 milri
952 576 1058 659 crede,

963 665 1086 727 ridenda

80 767 150 819 245
165 755 289 837 Insula,
311 757 373 816 risa
395 753 491 815 mihi:
513 761 630 835 tuque,
652 771 671 814 o
693 752 855 815 iustissime
878 753 1008 836 Troum,

164 844 241 906 Nate
260 843 342 930 dea,
365 874 408 886 —
431 860 529 922 neque
552 843 633 902 enim
654 842 737 904 finito
761 841 854 903 Narte
876 842 1026 903 vocandus

165 931 268 993 Hostis
291 948 347 1012 es,
370 931 491 1011 Aenea,
514 962 556 974 —
580 947 709 1011 moneo,
731 931 801 1010 fuge
823 930 911 992 htora
934 930 1052 992 Circes.

164 1019 227 1081 Nos
246 1037 366 1099 quoque
389 1017 511 1080 Circaeo
534 1018 657 1098 religata
679 1021 711 1078 in
732 1018 820 1080 litore
842 1021 934 1100 pinu,

164 1107 342 1188 Antiphatae
365 1124 513 1168 memores
535 1108 774 1185 inmansuetique
797 1105 950 1188 Cyclopis,

88 1209 151 1260 260
165 1195 214 1259 lre
238 1194 440 1276 negabamus,
464 1193 516 1256 sed
538 1201 618 1257 tecta
640 1196 741 1274 ignota
763 1194 864 1256 subire

165 1284 255 1346 Sorte
278 1301 383 1346 sumus
405 1283 497 1363 lecti3
520 1300 586 1345 sors
609 1299 658 1343 me
680 1283 831 1363 fidumque
853 1283 970 1346 Politen

164 1371 427 1452 Eurylochumque
450 1370 539 1433 simul
561 1372 745 1450 nimiumque
767 1370 914 1451 Elpenora
932 1375 1000 1432 rino

164 1461 277 1540 Bisque
299 1477 406 1522 norem
429 1460 526 1521 socios
549 1457 671 1521 Circaea
693 1459 730 1520 ad
752 1461 868 1521 moenia
891 1461 987 1521 misit.

167 1549 250 1620 Quae
273 1547 362 1611 simul
384 1549 558 1628 attigimus,
581 1549 778 1626 stetimusque
800 1550 832 1608 in
854 1548 955 1609 limine
977 1550 1067 1631 tecti,

94 1650 150 1701 eoo
166 1636 246 1698 Mille
267 1636 331 1716 lupi
353 1638 521 1714 mixtaeque
544 1636 623 1715 lupis
646 1653 793 1715 ursaeque
815 1635 938 1716 leaeque

167 1725 305 1787 Occursu
327 1725 426 1786 iecere
449 1732 584 1786 metum.
612 1724 666 1785 sed
688 1723 770 1785 nulla
792 1726 939 1806 timenda,

166 1812 312 1893 Nullaque
335 1820 400 1874 erat
421 1821 525 1875 nostro
548 1812 663 1874 iactura
685 1814 717 1873 iu
740 1831 865 1892 corpore
888 1814 1013 1877 vulnus:

168 1901 248 1974 Quin
270 1903 360 1963 etiam
381 1900 502 1962 blandas
525 1908 644 1962 morere
667 1918 722 1981 per
745 1906 814 1963 atra
836 1902 962 1985 caudas,

166 1990 334 2070 Nostraque
358 1988 511 2051 adulantes
535 1990 677 2051 comitant
698 1991 843 2071 vestigia,
866 1989 961 2052 donec

99 2078 328 2158 eooExcipiunt
349 2077 498 2159 famulae,
520 2095 633 2157 perque
657 2079 730 2139 atria
753 2096 900 2139 marmore
923 2086 1001 2140 tecta

168 2166 212 2228 Ad
235 2167 385 2228 dominam
407 2166 541 2227 ducunt.
568 2165 694 2245 pulchro
717 2166 802 2227 sedet
823 2165 872 2227 illa
895 2185 1035 2248 recessu,

169 2253 297 2316 Sublimi
318 2247 392 2315 solio
404 2301 414 2335 ‚
436 2253 602 2334 pallamque
625 2254 729 2316 induta
751 2256 895 2317 nitentem

169 2343 294 2423 insuper
317 2351 419 2404 aurato
443 2342 671 2405 circumvelatur
694 2344 819 2404 amictu.

168 2431 311 2493 Nereides
334 2431 538 2511 nymphaeque
562 2430 651 2492 simul
663 2478 673 2512 ,
695 2448 771 2510 quae
794 2430 903 2493 vellera
924 2434 1014 2495 motis

99 2532 154 2584 aot
168 2518 254 2582 Nulla
277 2517 400 2581 trahunt
421 2519 521 2598 digitis
544 2537 600 2581 nec
623 2518 672 2580 tila
694 2522 848 2598 sequentia
871 2520 1001 2583 ducunt:

169 2608 307 2670 Gramina
329 2605 514 2689 disponunt,
537 2625 717 2687 sparsosque
740 2610 804 2669 sinc
828 2609 932 2670 ordine
955 2610 1044 2671 llores

168 2697 337 2759 Secernuut
359 2695 481 2757 calathis
504 2699 657 2775 variasque
681 2695 831 2759 coloribus
853 2696 978 2759 herhas,

166 2785 235 2866 lpsa
253 2783 332 2865 quod
354 2783 409 2845 hae
433 2785 546 2847 iaciunt
564 2802 640 2864 opus
651 2831 661 2865 ,
684 2786 797 2866 exigit3
818 2787 904 2867 ipsa,
927 2789 994 2866 quis
1016 2806 1088 2850 usus

168 2873 294 2953 Quoque
318 2874 357 2934 eit
379 2872 525 2955 infolio,
547 2889 623 2952 quae
646 2875 686 2934 sit
707 2873 865 2935 concordia
888 2877 1006 2956 mixtis,

98 2974 155 3025 ato
168 2962 257 3023 Novit
279 2969 310 3022 et
332 2960 488 3022 advertens
510 2979 618 3041 pensas
642 2963 788 3023 examinat
809 2961 934 3024 herhas.

168 3049 248 3112 ilaec
271 3049 323 3111 uhi
346 3067 401 3111 nos
424 3049 518 3130 vidit,
541 3049 618 3111 dicta
641 3058 821 3130 acceptaque
844 3050 957 3132 salute,

168 3138 292 3201 uiuum
314 3136 413 3200 vultus
437 3146 467 3199 et
489 3137 619 3200 reddidit
642 3139 739 3199 omina
761 3140 855 3200 rotis.

167 3226 231 3289 Nec
252 3244 357 3308 mora,
379 3227 501 3288 misceri
522 3228 593 3288 tosti
615 3226 700 3288 iubet
717 3225 827 3289 hordea
850 3229 935 3307 grani

167 3314 312 3395 Nellaque
335 3316 455 3395 vimque
477 3317 553 3377 meri
576 3333 645 3377 cum
667 3313 742 3378 lact’e
767 3315 887 3395 coagula
910 3334 1014 3398 passo,

100 3414 154 3467 2⁷5
169 3403 286 3484 Oquue
310 3402 366 3466 sub
388 3403 443 3465 hac
467 3402 577 3465 lateant
598 3405 703 3465 furtim
725 3402 905 3485 dulcedine,
927 3422 1015 3466 sucos

167 3492 286 3555 Adicit.
314 3494 475 3573 accipimus
499 3509 582 3554 sacra
604 3493 671 3553 data
694 3491 801 3571 pocula
823 3491 942 3554 dextra.

168 3580 251 3652 Quae
274 3579 363 3643 nmul
385 3582 482 3642 arenti
504 3583 640 3642 sitientes
662 3579 816 3641 hausimus
838 3598 908 3662 ore,

132 3689 220 3733 orm.
233 3690 272 3733 11.
843 3685 876 3735 19
