2467 4042
312 272 350 331 X.
372 269 586 331 ARIADNE
607 271 649 335 18
663 271 764 333 -93,
997 270 1059 336 107

149 424 358 484 ‘pressimus'
374 425 513 484 exclamo
528 425 571 483 ‘te
586 424 660 484 duo.
683 424 779 484 redde
795 425 885 485 duos.

98 509 262 569 Venimus
278 507 342 568 huc
357 508 458 567 ambo.
479 524 534 568 cur
548 522 609 567 non
626 507 814 569 discedimus
829 509 942 570 ambo?

148 591 294 665 Pcrflde,
318 608 391 667 pars
406 591 519 666 nostri,
541 593 667 667 lectule,
689 589 788 652 maior
804 593 858 654 ubi
872 597 951 654 estt’

101 676 191 751 Quid
206 677 343 735 laciamt
365 691 427 752 quo
443 677 512 737 sola
527 676 630 736 lerart
652 682 741 737 vacat
755 676 856 738 insula
870 680 951 738 cultu

55 770 94 826 to
153 761 225 820 Non
240 759 401 821 hominum
415 761 524 832 video,
548 776 611 821 non
627 775 685 835 ego
701 761 782 821 lacta
795 760 897 821 boum.

103 844 210 904 Omne
225 845 308 904 latus
322 851 424 904 terroe
438 843 531 918 cingit
544 860 638 905 mare.
661 844 766 904 navita
779 861 941 920 nusquam,

151 928 245 989 Nulla
258 942 317 1003 per
330 927 490 1003 ambiguas
504 928 620 1003 puppis
639 928 718 989 itura
732 929 810 989 vias.

102 1011 207 1089 Finge
222 1012 291 1072 dari
305 1012 498 1086 comitesque
511 1012 584 1070 mihi
601 1018 776 1089 ventosque
792 1019 962 1089 ratemque,

154 1095 238 1171 Quid
252 1103 390 1171 sequare
417 1097 576 1157 Accessus
591 1102 673 1156 terra
688 1103 815 1172 paterna
830 1104 930 1172 negat.

59 1190 96 1245 to
107 1180 153 1242 Ut
164 1186 237 1241 rate
250 1180 334 1240 lelici
348 1186 458 1255 pacata
471 1194 528 1255 per
544 1195 682 1256 aequora
695 1179 791 1252 labar,

151 1263 319 1339 Temperet
331 1271 366 1324 ut
377 1269 488 1323 ventos
502 1264 637 1337 Aeolus,
657 1266 730 1325 extri
744 1279 809 1325 ero.

104 1348 178 1409 Non
195 1362 256 1423 ego
271 1354 317 1423 te,
339 1346 427 1408 Crete
442 1353 564 1408 centum
579 1346 700 1423 digestu
717 1364 774 1424 per
787 1347 892 1422 urbes,

151 1430 333 1507 Aspiciam,
355 1445 452 1507 puero
468 1432 591 1507 cognitu
603 1439 685 1492 terra
698 1432 774 1493 lovi.

106 1517 151 1576 At
165 1522 259 1592 pater
273 1521 304 1576 et
315 1514 407 1576 tellus
420 1514 503 1576 iusto
516 1523 645 1591 regnatu
658 1515 778 1591 parenti

64 1607 102 1663 tu
154 1598 285 1660 Pr0ditu
299 1605 371 1660 sunt
386 1599 483 1674 lucto,
503 1600 628 1660 nomina
642 1615 729 1677 cara,
752 1615 831 1675 meo,

109 1685 186 1745 curn
201 1682 273 1758 tibi,
295 1697 336 1742 ne
349 1683 449 1744 victor
461 1689 542 1744 tecto
557 1698 712 1744 morerere
725 1698 867 1756 recurvo,

154 1768 241 1843 Quee
258 1773 402 1842 regerent
415 1782 545 1842 passus,
569 1783 627 1843 pro
642 1767 722 1829 duce
736 1767 789 1828 llla
803 1767 890 1828 dedi:

110 1853 187 1913 Cum
204 1850 278 1910 milti
293 1851 421 1911 dicebas
436 1855 506 1927 ‘per
519 1866 578 1926 ego
593 1852 664 1927 ipsa
678 1852 815 1927 pericula
828 1851 906 1928 iuro,

152 1937 199 1996 Te
213 1936 296 2008 iore,
321 1934 395 1995 dum
408 1941 548 1996 nostrum
561 1935 646 1995 vivet
658 1943 801 2011 uterque,
824 1940 947 1997 meam?

67 2020 274 2094 isvivimus,
297 2025 329 2079 et
341 2032 405 2079 non
420 2035 503 2092 sum,
526 2016 663 2101 Theseu,
683 2026 766 2081 tua...
788 2020 820 2081 Si
838 2020 932 2081 modo
946 2020 1035 2096 vivis,

153 2103 282 2164 Femina
297 2100 412 2178 periuri
426 2102 534 2163 fraude
550 2103 672 2179 sepulta
685 2104 754 2164 viri.

111 2187 162 2248 Me
179 2202 307 2263 quoque
322 2202 384 2261 qua
399 2187 536 2262 tratrem,
558 2194 745 2263 mactasses,
766 2187 921 2264 improbe,
944 2191 1042 2251 clava.
1145 2190 1149 2199 '

153 2272 247 2331 Esset
261 2285 356 2347 quarn
371 2271 519 2345 dederas,
542 2279 640 2332 morte
655 2273 758 2335 soluta
772 2272 862 2333 fides.

111 2355 199 2416 Nunc
214 2370 273 2430 ego
289 2369 353 2414 non
368 2360 484 2416 tantum
499 2370 580 2430 quae
595 2372 664 2418 sum
677 2371 827 2433 passura,
850 2357 1006 2430 recordor,

69 2448 106 2502 80
161 2438 224 2500 Sed
239 2454 455 2516 quaecumque
468 2442 647 2515 potestulla
661 2441 768 2502 relicta
782 2439 855 2516 pati.

113 2522 286 2583 Occurrunt
299 2521 402 2583 animo
418 2524 567 2599 pereundi
581 2523 664 2584 mille
678 2526 809 2600 figurae:

153 2606 304 2683 Morsque
317 2605 418 2667 minus
433 2622 554 2683 poenae
570 2623 661 2684 quam
675 2624 763 2669 mora
777 2609 883 2669 mortis
898 2607 998 2669 habet.

112 2693 179 2752 lam
192 2690 253 2750 iam
266 2697 416 2752 venturos
431 2699 484 2753 aut
496 2690 556 2754 hac
570 2698 623 2752 aut
636 2692 782 2768 suspicor
795 2691 866 2752 illac

156 2774 213 2850 Qui
227 2774 343 2836 lanient
356 2775 449 2835 avido
464 2777 587 2837 viscera
601 2777 709 2851 dente,
731 2777 833 2851 lupos.

69 2867 102 2921 tio
112 2857 256 2919 Forsitan
271 2867 303 2919 et
316 2859 419 2919 fulvos
433 2860 523 2920 tellus
538 2862 602 2921 alut
614 2860 675 2921 istu
688 2860 808 2921 leones.

157 2942 231 3017 Quis
247 2942 320 3016 scit,
344 2959 383 3003 an
400 2943 478 3004 haec
492 2959 604 3005 saevos
618 2943 748 3020 tigridas
762 2944 864 3006 insula
877 2943 989 3006 habett

110 3027 148 3086 Et
164 3027 241 3087 ireta
255 3027 399 3088 dicuntur
413 3043 541 3103 magnas
556 3029 712 3102 expellere
727 3028 857 3104 phocas.

156 3110 231 3185 Quis
245 3117 330 3172 vetat
344 3119 376 3173 et
388 3112 509 3186 gladios
524 3126 581 3187 per
593 3111 674 3173 latus
688 3112 734 3172 ire
751 3119 873 3174 meum?

110 3194 239 3254 Tantum
253 3210 294 3255 ne
307 3193 420 3270 religer
434 3195 512 3256 dura
527 3195 650 3271 captiva
665 3203 782 3269 catena,

68 3290 102 3340 90
156 3278 242 3340 Neve
255 3278 375 3339 multem
390 3295 482 3340 serva
496 3279 626 3355 grandia
640 3295 740 3357 pensu
753 3296 861 3342 manu:

111 3362 165 3424 Cui
180 3362 270 3439 patei
284 3369 333 3424 est
344 3363 462 3437 Minos,
486 3363 534 3424 cui
548 3371 645 3424 meter
659 3364 721 3425 lilia
734 3362 860 3438 Phoebi,

155 3447 307 3524 Quodque
320 3447 419 3524 magis
435 3445 573 3522 memini,
597 3464 679 3523 quae
695 3447 748 3508 tibi
766 3455 856 3523 pacta
873 3448 925 3509 lui.

110 3531 143 3592 Si
158 3547 259 3608 mare,
281 3531 308 3593 si
324 3539 420 3593 terras
435 3539 638 3609 porrectaque
653 3532 743 3594 litora
755 3532 829 3608 vidi,
