2467 4042
172 295 232 358 248
550 296 718 356 REMED.
738 296 813 356 ΑΜ.

254 448 338 508 Nune
351 445 405 506 tibi
418 446 538 519 rivalis,
561 462 641 507 nune
657 448 764 508 durum
778 449 869 508 limen
884 448 1004 524 amanti,

295 532 379 591 Nono
394 529 523 590 subeant
538 531 647 591 mediis
661 530 750 591 inrita
765 532 861 592 verba
875 532 951 592 deis.

251 616 314 676 Nee
329 630 480 690 compone
495 630 616 689 eomas,
639 615 710 688 quia
724 616 768 675 sis
783 623 929 677 venturus
946 616 985 676 ad
1001 616 1101 690 illam,

190 709 242 766 aaa
294 700 356 759 Neo
372 706 444 773 toga
458 698 498 758 sit
511 700 582 758 laxo
598 698 818 774 conspicienda
832 699 909 762 sinu.

252 784 340 844 Nulla
353 783 406 856 sit,
428 789 461 843 ut
477 783 601 857 placeas
616 783 734 843 alienae
754 799 826 843 eura
842 784 969 859 puellae.

293 868 355 927 lam
372 866 462 926 lecito
476 881 493 925 e
510 868 610 926 multis
625 882 686 926 una
700 866 740 926 sit
753 868 804 927 illa
819 866 880 927 tibi.

253 951 316 1012 Sed
331 949 416 1034 quod
430 951 595 1025 praecipue
609 950 723 1011 nostris
738 950 897 1012 conatibus
913 950 1024 1025 obstet,

292 1034 442 1108 Eloquar,
466 1035 607 1108 exemplo
624 1049 776 1109 quemque
792 1035 921 1094 docente
936 1052 1003 1095 suo.

188 1129 240 1184 685
250 1117 423 1180 Desinimus
438 1118 539 1190 tarde,
564 1118 635 1191 quia
649 1133 707 1177 nos
722 1133 882 1193 speramus
898 1118 1002 1179 amari.

294 1202 371 1261 Dum
386 1201 445 1261 sibi
460 1201 592 1276 quisque
607 1203 721 1277 placet,
742 1202 867 1262 credula
879 1203 967 1263 turba
980 1217 1101 1263 sumus.

252 1287 292 1347 At
311 1293 342 1345 tu
357 1300 413 1344 neo
428 1300 544 1345 voees..
562 1284 635 1358 quid
653 1285 733 1350 enirn
751 1286 888 1349 lallaoius
903 1286 1004 1346 illist..

295 1369 407 1443 Crede,
429 1383 487 1428 neo
502 1376 643 1429 aeternos
662 1369 784 1445 pondus
799 1369 914 1431 habere
929 1370 1016 1431 deos.

250 1453 334 1512 Neve
348 1452 516 1528 puellarum
531 1452 662 1513 lacrimis
678 1468 837 1525 moveare,
861 1460 979 1514 caveto.

188 1546 240 1602 690
293 1537 331 1596 Ut
345 1535 467 1610 llerent,
489 1537 596 1596 oeulos
612 1537 752 1597 erudiere
768 1547 852 1597 suos.

250 1620 376 1681 Artibus
390 1619 557 1682 innumeris
572 1635 658 1681 mens
675 1627 870 1696 oppugnatur
883 1626 1046 1694 amantum,

292 1705 332 1765 Ut
345 1703 424 1779 lapis
438 1703 601 1779 aequoreis
618 1704 753 1778 undique
768 1705 877 1778 pulsus
892 1704 991 1779 aquis.

251 1788 312 1847 Nee
327 1803 438 1848 causas
453 1788 554 1863 aperi,
577 1802 672 1862 quare
687 1787 819 1848 divortia
836 1788 939 1847 melisa

292 1871 354 1931 Neo
370 1870 434 1945 dio,
458 1872 533 1946 quid
547 1872 664 1932 doleas.
687 1872 764 1931 elam
778 1878 879 1932 tamen
894 1887 995 1945 usque
1009 1871 1093 1932 dole.

187 1964 238 2020 695
249 1956 311 2015 Neo
326 1962 453 2030 peecata
466 1956 561 2027 refer,
583 1970 623 2015 ne
638 1955 740 2015 diluat.
764 1955 832 2030 ipse
848 1955 974 2028 lavabis,

291 2038 330 2099 Ut
344 2039 451 2099 melior
465 2055 559 2099 eausa
574 2054 669 2098 eausa
683 2039 724 2099 sit
737 2039 788 2099 illa
803 2046 864 2098 tua.

251 2122 306 2197 Qui
321 2122 405 2196 silet,
427 2130 475 2183 est
492 2124 607 2184 firmus.
632 2122 684 2198 qui
700 2123 773 2182 dioit
787 2122 880 2183 multa
896 2122 1017 2197 puellae

291 2205 420 2280 Probra,
443 2205 585 2267 satisfieri
602 2207 736 2282 postulat
750 2207 801 2267 ille
814 2204 883 2266 sibi.

248 2290 314 2349 Non
329 2305 387 2365 ego
403 2289 542 2351 Dulichio
558 2290 674 2351 lurialis
690 2306 775 2350 more
789 2289 925 2366 sagittas,

187 2382 238 2438 700
289 2374 351 2433 Nee
366 2381 470 2449 raptas
485 2374 583 2436 ausim
597 2374 736 2449 tinguere
749 2374 780 2434 in
795 2389 884 2435 amne
898 2374 1000 2433 laoes=

249 2458 311 2518 Nee
326 2474 384 2518 nos
401 2474 573 2534 purpureas
591 2458 677 2534 pueri
691 2458 890 2519 resieabimus
906 2458 986 2517 alasa

290 2542 353 2603 Nee
366 2558 456 2603 sacer
469 2549 533 2603 arte
549 2558 615 2603 mea
634 2543 731 2601 laxior
744 2558 834 2602 arens
849 2542 914 2602 erit.

250 2625 414 2687 consilium
429 2632 491 2701 est,
513 2627 730 2702 quodcumque
744 2641 832 2687 oano.
855 2631 960 2700 parete
975 2630 1106 2698 canenti,

290 2711 392 2786 thue
408 2710 498 2781 lacis,
523 2710 657 2786 coeptis,
680 2710 804 2770 Phoebe
818 2709 956 2781 saluber,
978 2708 1067 2769 ades.

186 2801 236 2858 iob
248 2793 389 2853 Phoebus
404 2794 502 2854 adest.
526 2809 659 2855 sonuere
675 2808 775 2872 lyrae,
795 2808 928 2853 sonuere
943 2792 1120 2867 pharetrae:

292 2877 386 2953 Signa
401 2879 492 2937 deum
506 2893 602 2938 nosco
618 2893 673 2953 per
685 2893 756 2937 sua:
779 2876 921 2937 Phoebus
937 2877 1035 2936 adest

250 2963 360 3022 conler
375 2963 552 3040 Amyclaeis
567 2961 748 3022 medicatum
766 2961 864 3021 vellus
879 2960 964 3019 aenis

290 3045 405 3105 Murice
420 3061 488 3106 eum
501 3046 604 3124 Tyrio.
627 3047 744 3121 turpius
759 3043 909 3105 illuderit.

247 3130 313 3190 Vos
330 3145 454 3206 quoque
470 3130 613 3190 formosis
629 3136 749 3189 vestras
767 3129 902 3188 oonlerte
917 3128 1034 3202 puellas

188 3220 237 3274 lto
290 3213 416 3289 lnoipiet
432 3213 573 3274 dominae
589 3229 741 3288 quemque
756 3212 873 3287 pudere
887 3227 973 3271 suae.

248 3293 382 3370 Utraque
397 3298 551 3357 formosae
565 3297 665 3357 Paridi
680 3303 808 3372 potuere
823 3294 934 3354 videri:

291 3380 352 3440 Sed
369 3381 427 3441 sibi
442 3382 592 3441 conlatam
608 3378 680 3439 vicit
693 3387 852 3455 utramque
866 3380 984 3438 Venus.
1037 3433 1042 3446 ,

248 3464 309 3524 Neo
325 3466 423 3524 solam
438 3464 560 3538 laniem,
584 3480 685 3524 mores
702 3479 827 3540 quoque
842 3463 948 3522 confer
960 3468 990 3521 et
1003 3470 1100 3523 artes:

289 3547 414 3605 Tantum
427 3547 540 3609 indicio
556 3564 595 3607 ne
609 3554 680 3607 tuus
697 3548 778 3608 obsit
793 3561 887 3606 amor.
