2467 4042
487 244 556 316 XV,
573 250 732 301 299-372.
808 264 979 303 ramoosas
1052 245 1115 311 315

194 410 392 490 Concipiuut.
419 419 597 490 tempusque
620 414 678 473 luit
689 459 699 494 ,
722 429 781 491 quo
805 414 885 474 navit
905 415 937 473 in
960 411 1066 494 undis,

192 498 279 559 Nunc
302 497 386 559 sedet
408 497 552 579 Ortygie.
579 501 679 561 timuit
702 500 898 562 concursibus
920 501 998 580 Argo

193 585 346 648 Undarum
369 602 486 666 sparsas
510 586 718 667 Symplegadas
742 588 900 671 elisarum,

194 673 276 746 Quae
298 692 381 735 nunc
402 677 541 736 immotae
564 683 700 756 perstant
721 678 877 756 ventisque
900 678 1061 737 resistunt.

126 774 180 826 eto
193 761 255 823 Nec
279 780 355 842 quae
377 762 527 842 sulpureis
550 763 635 824 ardet
656 763 827 825 iomacihus
850 765 944 825 Aetne

192 850 281 929 ignee
304 868 423 931 semper
446 853 525 932 erit3
547 868 645 931 neque
669 853 749 912 enim
770 852 829 913 fuit
850 855 937 932 ignea
959 869 1093 932 semper.

192 938 267 999 Nam
289 940 353 999 sive
374 948 422 1000 cst
444 938 551 1000 aniural
573 939 663 1000 tellus
685 941 809 1001 etvini
830 939 979 1019 habetque

194 1026 381 1106 Spiratuenta
402 1026 476 1088 locis
498 1027 646 1089 flammam
669 1026 833 1089 exhalantia
857 1028 975 1109 multis3

194 1113 332 1193 Spirandl
355 1122 472 1176 mutare
494 1117 556 1176 vias
568 1163 578 1196 ‚
601 1118 800 1195 quotiensque
822 1124 976 1197 movetur,

126 1214 179 1265 ero
192 1201 253 1263 Has
275 1203 362 1263 tiuiro
383 1210 505 1285 potest,
527 1203 592 1265 illas
615 1206 732 1283 aperire
755 1221 914 1266 caremas:

193 1291 261 1351 Sive
284 1289 364 1352 leves
386 1292 454 1351 imis
475 1293 557 1352 venti
580 1291 758 1352 cohibentur
779 1294 811 1352 in
834 1294 944 1374 antris,

194 1378 330 1457 Saxaque
353 1394 421 1440 cum
445 1381 523 1440 sexis
546 1387 577 1440 et
598 1378 759 1441 habentem
782 1383 895 1441 semina
917 1379 1050 1441 flammae

192 1466 348 1528 Materiem
369 1469 500 1549 iactant,
523 1485 558 1528 ea
580 1469 712 1548 concipit
733 1467 843 1530 ictibus
866 1472 984 1551 iguem3

192 1555 285 1615 huna
308 1553 517 1633 relinquentur
539 1555 649 1617 sedatis
672 1555 779 1634 frigida
800 1559 914 1618 ventis:

128 1654 181 1705 tto
196 1641 264 1702 Sive
287 1642 468 1704 bitumineae
490 1646 612 1723 rapiunt
633 1643 770 1705 incendia
791 1646 888 1728 vires,

193 1730 323 1792 Luteavc
344 1732 460 1810 exiguis
483 1732 644 1793 ardescunt
666 1732 788 1812 sulpura
810 1733 919 1814 fumis,

194 1818 308 1899 Nempe
330 1818 383 1879 ubi
406 1828 487 1879 terra
509 1818 593 1881 omos
616 1820 812 1900 alimentaque
839 1822 962 1901 pinguia
986 1819 1116 1882 llammae

194 1906 260 1968 Nou
283 1905 365 1968 dabit
387 1906 551 1988 absumptis
572 1925 629 1987 per
650 1907 771 1987 longum
793 1909 908 1971 viribus
930 1928 1053 1990 aarum,

120 2025 122 2029 >
193 1994 382 2074 Naturaeque
405 2012 493 2057 suum
515 1998 668 2058 nutrimen
691 1996 787 2060 deerit
809 1998 911 2080 edaci3

128 2094 181 2146 ato
194 2083 261 2144 Non
284 2085 361 2144 ieret
383 2083 432 2144 illa
454 2086 562 2146 famem
574 2131 583 2166 ,
606 2085 784 2164 desertaque
807 2086 927 2147 deseret
949 2088 1051 2166 ignes.

195 2171 269 2232 Esse
291 2174 374 2232 viros
395 2174 472 2233 lama
494 2180 542 2234 cst
562 2175 594 2233 in
616 2171 808 2253 Hyperborea
830 2172 968 2257 Pallene,

196 2259 254 2331 Oui
276 2259 390 2320 soleant
411 2259 526 2321 levibus
547 2259 639 2321 velari
662 2276 787 2341 corpora
809 2261 936 2343 plumis,
1018 2274 1041 2314 ¹.
1055 2275 1117 2316 oux·

196 2347 271 2408 Cum
293 2348 492 2410 Tritoniacam
515 2351 638 2410 noviens
661 2349 781 2410 subiere
803 2349 960 2430 paludem.

195 2435 281 2496 Haud
299 2436 439 2515 equidem
458 2437 571 2519 credo,
590 2454 709 2516 sparsae
725 2454 844 2516 quoque
858 2435 991 2499 membra
1006 2454 1118 2498 veneno

129 2536 181 2586 tto
195 2523 343 2585 Exercerc
368 2532 447 2586 artes
471 2524 627 2604 Scythides
650 2533 853 2586 memorantur
876 2524 1012 2586 easdem.

195 2612 286 2691 Siqua
308 2613 381 2674 tides
403 2612 495 2674 rebus
517 2621 617 2674 tamen
640 2621 688 2675 est
709 2613 842 2673 addenda
864 2612 1016 2694 probatis,

195 2698 300 2763 Nonne
322 2700 404 2762 rides
416 2748 427 2784 ‚
450 2718 654 2779 quaecumque
677 2718 760 2762 mora
781 2701 910 2763 tluidore
933 2701 1031 2762 calore

197 2787 328 2870 Corpora
351 2788 524 2870 tabuerint,
545 2792 578 2849 in
599 2807 689 2869 parva
713 2788 849 2850 animalia
870 2785 973 2851 verti?

194 2876 229 2937 ln
252 2877 359 2938 scrobe
380 2877 477 2938 llooos
499 2885 643 2938 mactatos
665 2876 759 2938 obrue
781 2886 902 2960 muros,
924 2909 967 2922 -
1035 2889 1117 2932 1-001·

128 2978 181 3027 ooo
196 2964 319 3045 Cognita
341 2983 391 3026 res
413 2983 472 3026 usu
495 2996 537 3010 --
561 2965 600 3026 de
621 2968 703 3045 putri
724 2967 840 3027 viscere
862 2966 973 3046 passim
1064 3013 1073 3023 s

195 3053 357 3133 llorilegae
380 3061 544 3116 nascuntur
567 3071 660 3136 apes,
684 3071 759 3132 quae
782 3071 865 3114 more
888 3061 1046 3134 parentum

195 3141 277 3202 Rura
300 3142 403 3203 colunt
424 3145 567 3222 operique
590 3143 690 3203 lavent
711 3143 744 3203 ia
766 3158 910 3221 spemque
932 3140 1082 3202 laborant.

195 3229 322 3292 Pressus
344 3231 436 3291 humo
457 3229 583 3292 bellator
606 3249 702 3309 equus
725 3229 880 3291 crabronis
902 3231 987 3309 origo
1011 3235 1074 3290 est.

196 3317 329 3380 Concava
351 3318 457 3380 litoreo
480 3321 507 3379 si
529 3318 631 3381 domas
653 3318 791 3380 bracchia
814 3335 941 3400 cancro,

129 3418 182 3470 tto
196 3405 302 3468 Cetera
325 3424 475 3486 supponas
497 3415 619 3489 terrae,
642 3408 679 3469 de
702 3413 787 3487 parte
810 3405 926 3487 sepulta

196 3494 339 3574 Scorpius
362 3495 454 3555 exibit
476 3494 628 3575 caudaque
650 3495 813 3556 minabitur
834 3511 929 3555 unca.

197 3581 338 3663 Quaeque
361 3583 458 3644 solent
481 3585 562 3644 canis
584 3583 707 3646 frondes
729 3586 864 3645 intexere
887 3581 946 3642 tilis
