2467 4042
1083 310 1103 352 V

55 449 228 522 perierunt,
246 442 519 501 11111101124.
543 440 688 515 Scriptura
701 443 828 514 elegans.
849 445 1029 502 vocabulaut
1039 448 1103 520 plu·

52 533 167 588 rimum
182 529 259 585 male
277 529 416 585 distincta.
440 527 608 599 pentametri
627 526 766 583 subducti.
794 527 893 583 variae
910 530 1066 602 scripturae
1085 548 1104 590 a

55 632 107 690 pr.
119 632 179 671 ma.
194 613 263 669 setis
276 614 449 682 trequentes.
468 611 496 667 A
512 611 640 667 secunda
659 626 745 668 manu
759 627 836 668 saec.
846 611 886 668 Xl
903 615 1103 688 correctiones,

57 702 183 773 glossae
204 704 230 752 ct
241 697 383 753 vocabula
393 696 422 750 in
438 696 566 767 margine
579 711 642 750 cum
654 696 726 751 notis
738 696 860 752 metricis
872 699 998 769 repetita·
1020 706 1103 756 ater·

58 787 101 840 tia
114 799 206 839 manu
217 798 294 838 saec.
304 779 356 835 XII
370 795 472 836 versus
483 780 512 834 in
526 781 654 852 margine
666 781 832 852 supplentur
842 788 906 852 post
918 783 1000 852 1331,
1011 785 1065 841 394
1076 790 1104 839 11

57 872 117 928 466
136 866 177 923 ad
195 868 257 924 471.
278 867 310 920 ln
328 864 410 920 Rem.
429 880 446 920 a
462 880 549 921 versu
565 868 620 924 760
635 865 795 920 aberratum
811 865 848 920 ad
864 868 933 936 801,
948 881 1004 938 qua
1024 883 1056 924 re
1077 868 1102 922 si

57 955 136 1008 torte
147 950 320 1022 paginarum
332 948 434 1004 modus
447 948 553 1004 codicis
568 946 716 1020 archetypi
726 948 880 1019 indicetur,
897 951 987 1022 possit
997 951 1103 1023 aliquid

57 1037 198 1092 conterre
211 1033 249 1090 ad
260 1034 454 1105 quaestionem
465 1033 580 1088 inlibris
592 1032 652 1088 Art
660 1049 726 1103 am,
737 1032 791 1087 uisi
801 1034 891 1103 latior,
903 1036 1102 1091 necessariam.
1229 1064 1231 1109 3

149 1123 179 1177 3.
199 1116 250 1187 (S)
268 1117 461 1189 Sangallensis
477 1117 543 1173 bibl.
564 1133 590 1171 n.
611 1119 664 1176 864
682 1118 784 1172 memb.
804 1121 830 1175 4.
854 1119 975 1174 continet
996 1119 1104 1175 Horatii
1188 1128 1191 1133 ’
1230 1132 1231 1139 ’

61 1219 153 1260 earm.
175 1203 264 1257 libros
280 1207 336 1257 tres
357 1208 384 1258 et
399 1207 510 1272 partem
524 1201 630 1272 quarti,
650 1217 726 1257 saec.
738 1199 804 1271 ΧΠ,
818 1202 961 1258 Lucanum
978 1203 1103 1259 raeaXl

64 1304 121 1352 u..
138 1285 305 1343 Sallustium
321 1302 398 1341 saec.
410 1284 462 1355 XI,
478 1284 572 1341 Ovidii
582 1285 705 1341 Amores
719 1303 742 1339 s.
755 1284 793 1340 Xl
804 1287 839 1341 ab
858 1288 1061 1359 epigrammate
1076 1293 1103 1343 et

60 1370 188 1429 disticho
207 1370 315 1442 primo,
332 1386 390 1425 non
401 1370 525 1438 omisso,
541 1385 631 1440 usque
643 1369 681 1425 ad
690 1385 768 1427 vers.
780 1370 853 1440 1117,
865 1374 908 1430 74.
932 1370 1041 1427 accedit
1051 1387 1101 1443 pa·

59 1456 131 1527 gina
148 1471 223 1523 uua,
238 1470 313 1524 quae
325 1454 431 1510 inserta
449 1459 492 1510 est
506 1454 578 1509 inter
596 1454 809 1524 quaternionem
826 1455 982 1511 secundum
1002 1463 1030 1511 et
1046 1462 1101 1510 ter-

60 1542 134 1596 tium
150 1545 179 1594 11
198 1554 226 1593 n.
239 1544 275 1597 15
290 1538 434 1610 insignita,
452 1539 599 1594 continens
611 1556 659 1594 vv.
679 1539 713 1593 111
726 1542 752 1608 7,
765 1541 798 1597 75
817 1539 854 1593 ad
870 1541 906 1595 111
922 1544 948 1610 9,
961 1546 1004 1597 10.
1027 1538 1098 1606 Qua·

62 1624 211 1681 lemiones
229 1630 296 1678 suut
312 1628 427 1694 praeter
448 1621 522 1678 hanc
537 1628 610 1692 tres,
635 1638 753 1693 quorum
771 1639 807 1678 ex
826 1624 916 1695 primo
936 1622 1102 1679 exciderunt

61 1708 188 1782 paginae
201 1708 276 1764 duae
287 1707 414 1777 mediae,
428 1724 478 1764 vv.
489 1708 538 1778 16,
549 1711 585 1765 44
595 1706 634 1763 ad
644 1707 657 1762 l
667 1710 693 1776 9,
705 1710 749 1765 74.
772 1704 917 1779 Scriptura
928 1707 1025 1762 similis
1036 1708 1101 1763 cod.

63 1793 100 1861 Ρ,
124 1808 176 1847 nec
192 1792 280 1847 multo
304 1791 454 1847 recentior.
483 1792 624 1848 vocabula
643 1790 791 1863 diligenter
810 1791 948 1847 distincta.
973 1807 1100 1862 rasurae,

63 1877 273 1943 correctiones,
285 1875 383 1933 variae
396 1875 551 1947 scripturae
562 1874 660 1945 ra'rae,
679 1874 732 1930 sed
746 1876 849 1946 ubique
867 1891 885 1931 a
900 1890 946 1947 pr.
957 1892 1011 1931 ma.
1028 1875 1101 1931 Ver-

64 1976 118 2015 sus
130 1960 306 2032 quadrageni
321 1960 404 2015 terni.
426 1959 593 2032 pentametri
610 1976 667 2015 non
682 1959 822 2016 subducti.
844 1959 990 2015 Librorum
1003 1965 1029 2016 et
1042 1962 1101 2016 ele·

65 2045 175 2116 51111111
194 2045 274 2100 initia
287 2044 391 2100 eodem
402 2045 487 2115 plane
505 2044 607 2114 modo,
626 2060 681 2115 quo
698 2044 726 2099 in
742 2045 779 2113 Ρ,
794 2044 931 2115 indicata,
952 2044 1007 2100 nisi
1024 2044 1101 2116 quod

64 2130 139 2183 iuter
159 2129 267 2200 elegias
286 2144 351 2185 raro
369 2145 471 2185 versus
488 2129 608 2200 spatium
625 2128 773 2184 intercedit
791 2133 819 2185 et
834 2129 943 2186 indices
960 2128 1100 2184 interdum

63 2212 165 2269 leviter
181 2214 363 2269 immutantur
380 2218 428 2269 aut
445 2213 614 2269 omittuntur.
643 2212 707 2268 Non
727 2220 894 2285 separantur
915 2214 961 2269 ell.
980 2214 1100 2270 eaedem

66 2313 139 2368 quae
154 2299 184 2352 in
196 2296 243 2352 PR
255 2298 318 2352 etII
332 2302 372 2355 13.
387 2313 539 2369 perperam
551 2298 733 2370 separaturll
745 2301 788 2368 19,
800 2301 845 2357 37.
869 2297 997 2355 Omissus
1009 2297 1100 2369 spatio

65 2380 162 2437 relicto
172 2397 276 2438 versus
287 2383 299 2437 l
311 2385 401 2449 1111
412 2382 485 2438 etde
497 2382 597 2453 quibus
610 2383 682 2438 iutra
693 2398 721 2453 p.
734 2398 762 2437 rx
774 2382 891 2438 dicetur.

147 2469 175 2523 1.
192 2464 245 2536 (G)
262 2464 498 2538 Guelferbytanus
509 2472 572 2521 mst.
586 2471 694 2523 extrav.
706 2471 759 2526 260
769 2468 850 2522 torm.
861 2471 888 2525 8.
900 2466 1099 2537 quaterniones

67 2550 164 2622 irrtegri
175 2551 317 2622 quinque,
332 2565 451 2621 quorum
463 2551 549 2606 ultimi
558 2550 681 2624 paginae
692 2551 840 2607 interiores
852 2552 887 2608 36
899 2553 969 2607 1137
982 2566 1039 2605 nou
1051 2567 1098 2605 co-

65 2630 196 2704 haerent,
209 2641 236 2691 et
245 2634 354 2707 pagiua
365 2651 422 2690 una
433 2633 590 2701 dimidiata,
606 2634 635 2691 h.
648 2652 674 2691 e.
687 2651 810 2708 superne
822 2635 963 2703 abscissa,
975 2635 1003 2689 in
1016 2651 1098 2705 quarn

67 2733 196 2774 arenam
208 2719 270 2775 sins
288 2718 392 2775 indicio
409 2717 474 2774 finis
492 2720 623 2776 desinunt
638 2719 799 2792 Epistolae,
818 2735 888 2791 quas
907 2719 954 2774 hic
972 2719 1043 2775 liber
1064 2735 1099 2774 ea

68 2803 263 2875 qualicumque
280 2804 438 2875 integritate
453 2804 591 2874 servavit,
608 2820 664 2875 qua
678 2805 787 2861 anobis
800 2804 929 2860 eduntur·
951 2805 1069 2859 lacunae
1082 2819 1099 2858 a

68 2886 175 2944 11011111
195 2889 311 2945 relictae
322 2904 423 2945 versus
435 2888 497 2943 Vll:
508 2892 553 2958 59,
565 2892 600 2947 70
617 2905 635 2945 a
647 2905 718 2946 voce
729 2890 904 2962 peregrinis,
917 2891 966 2958 71,
977 2888 1052 2943 Vllll
1065 2889 1097 2945 17

70 2984 163 3028 avoce
176 2970 274 3042 Quod,
289 2972 462 3044 syllabarum
476 2977 504 3028 et
517 2974 720 3030 vocabulorum
736 2974 853 3046 passim.
872 2972 982 3027 Versus
994 2972 1097 3041 ubique

12 3094 15 3133 1,
72 3055 239 3128 quadrageni
258 3056 327 3113 bini.
353 3058 520 3128 pentametri
535 3074 592 3112 non
611 3058 729 3113 reducti.
757 3058 840 3113 titulis
857 3073 959 3114 versus
977 3057 1098 3129 spatium

13 3138 16 3265 ι
73 3139 198 3196 cadolum.
222 3140 370 3213 Scriptura
387 3157 443 3196 non
461 3141 590 3198 eiusdem
608 3158 726 3212 manus,
743 3149 818 3199 certe
834 3158 892 3197 non
910 3141 1038 3218 eiusdem
1050 3157 1096 3196 ca-

74 3225 143 3294 mi,
159 3225 212 3282 sed
229 3227 361 3282 eiusdem
380 3225 408 3282 in
424 3242 512 3298 pagg.
531 3229 567 3284 lo
585 3227 700 3295 aetatis,
718 3232 749 3281 ut
765 3227 879 3298 opinor,
895 3242 970 3282 saec.
984 3224 1035 3280 XlI
1055 3225 1096 3279 in-

75 3309 164 3364 cuntis.
192 3310 220 3364 in
240 3310 426 3381 quaternione
442 3311 534 3382 primo
553 3327 652 3368 crassa
670 3317 697 3366 et
719 3312 821 3381 obesa,
845 3310 948 3368 deinde
965 3309 1052 3365 nitida
1070 3315 1097 3364 et

75 3399 169 3463 wgulo,
182 3400 311 3467 postrem
322 3394 447 3467 opallida
457 3401 485 3450 et
495 3395 585 3451 exilis.
608 3396 636 3450 in
650 3397 764 3467 pagella
773 3397 869 3451 ultima
879 3399 913 3452 41
926 3412 943 3451 a
956 3413 981 3450 v.
994 3392 1096 3447 XVIlll

78 3476 120 3533 tao
134 3479 216 3535 multo
233 3479 393 3548 recentior,
410 3494 486 3534 saec.
500 3480 627 3537 fortassis
638 3479 710 3535 Xlll.
731 3481 817 3553 paulo
827 3478 932 3535 deinde
950 3478 1033 3535 etiarn
1050 3492 1095 3530 re-

80 3561 171 3618 emor
187 3580 235 3635 ea,
255 3579 331 3635 quae
349 3564 465 3620 lacunas
477 3564 540 3620 illas
551 3580 607 3621 ma.
620 3581 665 3638 pr.
679 3565 790 3620 relictas
802 3564 927 3636 explevit
938 3568 966 3620 et
975 3562 1097 3635 primum
