2467 4042
159 215 201 280 28
318 235 458 272 rmrnon
570 215 751 271 METAMM.

246 382 417 444 AdmIratur
438 399 553 463 equos,
576 381 770 462 ambustaque
792 382 894 444 nubila
915 383 1044 446 sumant.

181 482 233 532 210
247 471 415 550 Corripitur
436 469 562 532 flammis
584 479 619 531 ut
642 489 776 550 quaeque
799 471 963 553 altissima,
984 473 1073 535 tellus
1084 522 1096 555 ,

246 559 389 638 Fissaque
412 561 473 638 agit
493 560 584 620 rimas
607 568 639 621 et
660 562 741 621 sucis
763 568 828 621 aret
849 559 1011 641 ademptis.

246 647 358 709 Pabula
379 655 564 730 canescunt,
585 666 655 712 cum
676 648 832 709 frondibus
854 652 954 722 uritur
976 651 1081 733 arhor,

246 737 456 815 Materiemque
479 754 534 798 suc
556 736 681 816 praehet
702 755 787 816 seges
810 737 892 798 arida
913 737 1038 800 damno.

247 826 342 886 Parva
363 842 495 904 queror.
522 844 645 905 magnae
662 833 792 905 pereunt
804 844 874 887 cmn
886 827 1044 889 moenibus
1057 827 1180 909 nrbes,
1232 824 1234 935 i

182 925 233 974 210
248 915 383 993 Cumque
406 914 468 975 suis
491 921 569 975 totas
590 915 710 994 populis
731 914 869 976 incendh
890 923 997 994 gentes

247 1003 281 1063 ln
304 1005 436 1064 cinerem
457 1010 599 1064 verttmt.
628 1002 717 1063 silvae
740 1021 809 1074 cum
830 1003 982 1065 montibus
1006 1004 1135 1088 ardent,

247 1091 340 1153 Ardet
362 1090 455 1152 Athos
477 1090 654 1172 Taurusque
678 1090 752 1152 Cilix
774 1100 807 1152 et
827 1092 950 1153 'lmolus
973 1101 1005 1154 et
1027 1092 1104 1155 Oete

247 1179 286 1242 Et
307 1188 372 1242 tum
394 1183 496 1261 sicca,
512 1182 596 1259 prius
619 1179 801 1241 creberrima
823 1180 955 1242 lontibus
978 1181 1029 1242 lde

247 1268 464 1348 Virgineusque
486 1267 610 1329 Helicon
634 1278 666 1330 et
686 1269 819 1331 nondum
842 1268 986 1349 Oeagrius
1009 1269 1161 1332 llaemos.

182 1369 234 1417 220
248 1357 340 1419 Ardet
362 1359 395 1418 in
416 1359 585 1418 inmenstun
603 1359 759 1436 geminatis
781 1356 901 1437 ignibus
923 1358 1036 1441 Aetne,

247 1447 454 1525 Parnasusque
478 1444 580 1525 biceps
603 1454 634 1506 et
656 1444 736 1525 Eryx
758 1453 789 1507 et
812 1444 944 1525 Cynthus
963 1456 994 1507 et
1017 1446 1151 1529 Othrys,
1220 1481 1233 1530 .'

247 1535 286 1596 Et
308 1535 428 1595 tandem
450 1532 567 1595 nivibus
590 1533 733 1614 Rhodope
756 1537 903 1616 caritura,
925 1534 1088 1615 libasque
1218 1533 1233 1606 Ϊ-

247 1623 449 1702 Dindymaque
472 1632 503 1684 et
524 1621 636 1701 Mycale
658 1631 805 1702 natusque
828 1623 865 1683 ad
888 1640 972 1684 sacra
990 1622 1170 1686 Cithaeron.
1214 1625 1232 1686 l

247 1713 309 1774 Nec
331 1719 458 1791 prosunt
482 1711 619 1791 Scythiae
641 1730 698 1772 sua·
717 1713 850 1791 frigere:
872 1710 1021 1773 Caucasus
1045 1714 1150 1795 ardet,
1224 1736 1234 1753 r

181 1810 232 1860 225
247 1801 381 1879 Ossaque
400 1818 469 1861 cum
490 1799 585 1860 Pindo
608 1802 761 1879 maiorque
784 1799 928 1862 amhohus
950 1799 1110 1883 Olympus,
1215 1799 1234 1841 ³

247 1891 411 1968 Aeriaeque
434 1888 522 1967 Alpes
545 1896 576 1949 et
598 1887 717 1949 nuhiler
739 1889 950 1969 Appenninus.
1226 1896 1229 1916 ³

247 1979 324 2040 Tum
346 1995 417 2038 vero
439 1975 593 2037 Phaethon
615 1979 731 2038 cunctis
754 1995 771 2037 e
789 1977 925 2057 partibus
948 1978 1054 2039 orbem

247 2068 360 2147 Aspicit
382 2083 541 2126 accensum
563 2083 620 2126 nec
642 2074 741 2126 tantos
764 2068 894 2127 sustinet
916 2074 1035 2147 aestuis,

247 2156 468 2233 Ferventesque
491 2170 584 2214 auras«
601 2153 683 2215 velut
705 2172 722 2215 e
744 2155 866 2214 fornace
887 2154 1036 2234 profunda

182 2255 233 2304 200
247 2244 307 2305 Ore
329 2242 445 2325 trehit,
466 2260 635 2320 currusque
658 2260 728 2303 siros
751 2242 930 2303 candescere
953 2245 1064 2324 sentit3

247 2333 286 2394 Et
308 2349 406 2410 neque
428 2333 488 2392 iam
510 2333 627 2391 cineres
650 2334 865 2409 eiectatamque
887 2330 1015 2391 favillam

247 2420 339 2482 Ferre
361 2427 483 2499 potest,
506 2418 659 2497 calidoque
682 2418 841 2480 involvitur
864 2419 997 2498 undique
1020 2420 1120 2502 inmo,
1218 2429 1231 2475 ι

248 2509 374 2587 Quoque
396 2516 465 2589 eat,
488 2514 539 2568 aut
561 2505 614 2567 uhi
637 2509 697 2588 sit,
719 2509 808 2586 picea
825 2507 950 2587 caligine
972 2517 1072 2570 tectus

247 2597 371 2675 Nescit,
394 2604 425 2657 et
447 2594 571 2656 arbitrio
593 2594 749 2656 volucrum
771 2604 906 2675 raptetur
928 2614 1093 2675 equorum.
1226 2650 1233 2660 .

181 2696 233 2747 230
248 2686 398 2764 Sanguine
410 2693 483 2746 tune
497 2684 626 2746 credunt
637 2687 670 2745 in
683 2701 808 2763 corpora
827 2702 942 2745 summa
963 2694 1069 2746 vocato
1086 2697 1108 2741 t.
1120 2698 1163 2738 ¹11·
1218 2699 1231 2738 tt

248 2774 427 2853 Aethiopum
448 2772 575 2853 populos
597 2774 716 2852 nigrum
738 2775 864 2833 traxisse
887 2771 1036 2835 colorem.

247 2862 324 2925 'lum
347 2862 425 2924 iacta
445 2869 493 2922 est
514 2859 607 2940 Libye
628 2863 721 2941 raptis
743 2860 899 2922 umoribus
916 2870 999 2922 aestu

247 2950 358 3012 Arida.
384 2958 448 3012 tum
472 2949 618 3030 nymphae
639 2951 735 3029 passis
757 2950 921 3028 fontesque·
937 2949 1080 3028 lacusque

176 3095 184 3114 ,
247 3038 402 3101 Dellerere
423 3041 537 3100 comis.
565 3040 685 3118 quaerit
706 3036 828 3099 Boeotia
850 3036 977 3119 Dircen,

183 3139 234 3189 240
247 3127 343 3207 Argos
365 3127 570 3208 Amymonen,
592 3126 711 3207 Ephyre
734 3125 888 3187 Pirenidas
910 3125 1022 3187 undas.

247 3215 310 3277 Nec
332 3218 437 3277 sortita
454 3216 520 3277 loco
543 3216 688 3277 distantes
710 3214 832 3276 ilumina
854 3217 935 3294 ripae

248 3305 325 3366 Tuta
347 3313 488 3366 manent.
516 3304 626 3366 mediis
644 3303 751 3364 'lanais
774 3304 897 3365 humavit
918 3305 950 3364 in
972 3301 1082 3386 undis,

248 3393 424 3472 Peneosque
447 3411 560 3474 senen,
582 3391 866 3472 Teuthranteusque
886 3390 1009 3472 Caicus,

248 3480 287 3541 Et
309 3480 390 3542 celer
411 3480 545 3543 Ismenos
568 3499 638 3543 cum
659 3481 806 3561 Phegiaco
828 3479 1028 3560 Erymantho,

183 3580 234 3630 245
248 3569 439 3648 Areurusque
462 3571 571 3630 iterum
593 3568 729 3630 Xanthus
741 3616 752 3652 ,
774 3569 927 3649 flavusque
949 3566 1124 3651 Lycormas,
1224 3569 1230 3628 ζ
