2467 4042
402 223 452 275 111.
471 234 506 275 vr
521 225 637 275 10-vrr
651 225 693 276 42.
1011 220 1055 286 49

132 389 194 451 Nee
217 406 322 470 mora,
347 387 417 466 quid
441 387 540 447 venias
565 386 695 466 quidve,
718 388 873 468 requiret,
897 405 997 466 agam.
1105 406 1107 410 ·

132 476 236 538 Vivere
261 495 308 538 me
333 476 414 537 dices
427 523 436 558 ,
460 475 512 536 sed
536 476 579 535 sic
592 522 601 555 ,
624 482 659 535 ut
681 476 780 535 rivere
804 473 913 556 nolim,
1083 476 1085 480 ’

131 566 192 627 Nec
215 564 291 625 maia
313 571 373 625 tam
396 564 484 643 longa
507 572 608 623 nostra
634 562 727 623 levata
750 580 851 644 mora3

131 653 171 714 Et
192 661 291 714 tamen
314 652 351 713 ad
374 651 495 732 Musas,
518 652 653 730 quamvis
676 668 829 725 nocuere,
852 652 980 733 reverti,

87 753 119 802 10
135 742 269 821 Aptaque
291 743 323 801 in
347 740 477 802 alternos
500 756 607 817 cogere
632 738 720 800 verba
743 739 852 816 pedes.

132 829 178 890 'Pu
196 847 315 908 qnoque
324 875 333 905 ,
353 829 400 889 dic
409 874 418 909 ,
437 828 544 889 studiis
559 827 767 888 communibus
783 827 890 906 ecquid
904 828 1056 906 inhaeres,

132 916 284 997 Doctaque
306 934 367 978 non
389 918 486 995 patrio
509 918 640 977 carmina
663 933 746 976 more
769 912 879 977 canis?

133 1004 208 1066 Nam
231 1004 286 1066 tibi
309 1023 378 1070 cum
401 1005 470 1065 fatis
493 1021 591 1064 mores
614 1012 719 1065 natura
742 1003 867 1083 pudlccs

131 1093 169 1154 Et
192 1111 275 1155 raras
298 1092 382 1154 dotes
405 1095 617 1172 ingeniumque
642 1091 740 1153 dedit.

84 1195 117 1243 15
131 1181 194 1243 Hoc
217 1199 272 1260 ego
295 1180 452 1261 Pegasidas
476 1180 585 1242 deduxi
607 1181 722 1264 primus
745 1180 781 1241 ad
805 1180 916 1262 undas,

132 1270 175 1331 Ne
198 1268 272 1330 maie
296 1269 440 1331 fecundae
463 1286 537 1329 rena
559 1270 674 1348 periret
695 1283 806 1350 aquae;

133 1356 251 1419 Primus
273 1357 303 1418 id
327 1359 429 1437 aspexi
452 1358 564 1419 teneris
587 1359 618 1418 iu
641 1358 765 1435 virginis
788 1359 891 1438 annis,

132 1444 230 1524 thue
252 1453 337 1525 pater
359 1453 444 1507 natae
469 1447 588 1524 duxque
612 1463 771 1523 comesque
795 1445 855 1507 sui.

134 1532 212 1612 Ergo
236 1535 262 1594 si
285 1542 440 1595 remanent
462 1536 546 1612 ignes
569 1532 624 1593 tibi
646 1536 776 1612 pectoris
799 1533 897 1614 idem,

83 1634 119 1683 20
134 1621 202 1683 Sola
226 1630 310 1682 tuum
334 1630 415 1684 vates
437 1621 542 1683 Lesbia
567 1623 665 1683 vincet
688 1639 780 1700 opus.

134 1710 193 1771 Sed
217 1728 321 1771 vereor
334 1757 343 1791 ,
366 1718 457 1772 nete
480 1728 545 1772 mea
568 1727 649 1772 nune
672 1710 791 1771 fortuna
814 1709 963 1791 retardet,

133 1799 262 1878 Postque
285 1816 367 1859 meos
391 1817 478 1861 casus
501 1802 541 1860 sit
564 1798 619 1860 tibi
641 1806 747 1881 peetus
770 1800 869 1860 iners.

134 1886 209 1948 Dum
231 1887 339 1968 licuit,
361 1893 411 1949 tua
435 1905 523 1966 saepe
546 1886 641 1967 mihi,
665 1887 720 1948 tibi
742 1894 844 1948 nostra
867 1885 1019 1968 legebam,

134 1975 226 2054 Saepe
250 1977 296 2037 tui
318 1975 429 2056 iudex,
452 1994 540 2055 saepe
563 1978 704 2055 magister
729 1993 828 2037 eramr

83 2077 118 2126 25
133 2064 192 2126 Aut
215 2082 269 2144 ego
292 2063 472 2143 praebebam
493 2065 581 2126 factis
604 2064 691 2125 modo
715 2063 851 2126 versibus
875 2081 981 2145 aures,

133 2153 214 2234 Aut,
237 2152 290 2214 ubi
312 2171 468 2234 cessares,
492 2171 581 2215 causa
603 2151 723 2215 ruboris
747 2169 846 2213 eram.

134 2239 271 2302 Forsitan
295 2241 452 2323 exemplo,
476 2244 546 2321 quia
568 2260 615 2302 me
640 2235 752 2303 laesere
775 2238 884 2320 libelli,

133 2327 179 2389 Tu
202 2347 321 2408 quoque
344 2332 386 2391 sis
408 2326 433 2410 ἦ·
455 2347 566 2409 poenae
589 2331 667 2391 sacta
689 2337 791 2390 secuta
813 2345 913 2388 meae.

133 2415 236 2500 Pone,
259 2416 387 2497 Perille,
411 2426 546 2500 metum,
569 2416 773 2480 tantummodo
796 2417 905 2478 semina
928 2415 1007 2477 nulla

85 2517 120 2568 30
134 2504 213 2566 Neve
237 2507 280 2566 rir
304 2509 462 2586 ascriptis
486 2507 580 2569 discat
601 2523 699 2568 amare
724 2507 803 2570 tuis!

134 2592 212 2673 Ergo
236 2593 367 2655 desidiae
391 2612 531 2677 remove,
554 2596 747 2676 doctissime,
770 2611 893 2675 causas,

133 2681 227 2763 Inque
250 2682 343 2744 bonas
366 2692 446 2745 artes
469 2693 500 2746 et
522 2693 573 2746 tua
596 2703 681 2746 sacra
703 2683 783 2748 redi!

42 2812 48 2852 ,-
133 2770 192 2833 Ista
215 2771 324 2834 decens
348 2773 439 2834 iacies
461 2773 557 2853 longis
581 2773 735 2835 vitiabitur
758 2773 860 2853 annis,

134 2859 276 2940 Rugaque
298 2864 331 2922 in
353 2863 473 2940 antiqua
496 2863 593 2923 fronte
617 2861 719 2923 senilis
742 2863 816 2942 erit3

85 2959 119 3010 35
134 2946 297 3026 inicietque
320 2966 441 3010 manum
463 2950 575 3010 formae
599 2949 738 3010 damnosa
761 2955 923 3030 senectus,

135 3034 216 3105 Quae
240 3038 398 3114 strepitum
422 3053 513 3114 passu
535 3054 595 3097 non
619 3038 744 3098 iaciente
770 3037 866 3113 venit3

134 3121 268 3201 Cumque
292 3123 398 3202 aliquis
422 3123 501 3184 dicet
523 3119 605 3184 ‘Fuit
627 3123 700 3183 baec
723 3116 873 3201 formosa',
897 3118 1029 3200 dolebis,

135 3209 173 3271 Et
195 3209 349 3288 specuium
373 3211 498 3272 mendax
522 3228 588 3272 esse
612 3228 738 3289 querere
761 3217 866 3270 tuum.

135 3298 212 3360 Sunt
234 3298 289 3360 tibi
308 3317 380 3379 opes
398 3299 553 3378 modicae,
577 3316 646 3360 eum
669 3300 711 3359 sis
729 3298 902 3378 dignissima
925 3297 1057 3376 mugnis:

84 3400 119 3450 40
133 3387 226 3467 Finge
249 3387 302 3449 sed
326 3389 469 3450 inmensis
492 3387 632 3448 censibus
656 3405 721 3449 esse
744 3403 849 3467 peres3

133 3475 245 3557 Nempe
269 3476 319 3537 dat
341 3477 396 3559 id,
420 3477 630 3557 quodcumque
648 3475 740 3552 libet,
763 3475 883 3536 fortuna
901 3475 1057 3556 rapitque3

133 3564 200 3627 irus
224 3573 254 3626 et
278 3573 324 3628 est
347 3566 464 3649 subito,
488 3567 540 3647 qui
562 3564 650 3627 modo
675 3564 806 3627 Croesus
829 3571 910 3627 erat.

97 3673 179 3718 oum.
205 3675 250 3720 111.
880 3667 898 3718 4
