2467 4042
343 271 650 349 acme-ms.

78 427 163 489 tluuc
175 442 227 503 ego
241 429 288 488 vel
303 441 394 487 caros
410 427 496 503 potui
510 427 626 487 violare
639 432 796 501 parentes,

131 509 217 571 Saeva
230 512 278 572 vel
292 511 321 571 in
338 520 465 572 sanctos
480 511 612 572 verbera
626 510 706 570 lerre
722 509 809 570 deos.

98 594 173 670 Quid,
190 611 247 655 uon
261 602 290 655 et
304 595 396 671 clipei
412 595 556 658 dominus
572 593 783 672 septemplicis
799 594 878 655 Aiax

131 676 229 739 Stravit
244 679 416 755 deprensos
433 683 495 740 lata
511 696 568 755 per
585 695 661 739 arva
674 693 800 753 gregeS,

97 761 234 824 lltvindex
247 764 276 824 iu
292 770 403 839 matre,
428 765 524 841 patris
539 765 639 824 malus
654 762 735 822 ultor
752 761 876 824 Orestes

70 856 93 907 lt
130 848 220 909 Ausus
235 850 264 909 in
282 864 413 910 arcanas
429 864 560 925 poscere
576 848 637 908 tela
654 847 752 907 deest

97 930 159 1006 Ergo
174 948 224 1008 ego
239 933 377 1008 digestos
393 934 479 1009 potui
494 931 611 993 laniare
631 931 810 1006 capillost..

31 1083 32 1099 χ
127 1014 179 1077 llec
191 1016 342 1078 dominam
357 1025 459 1078 motae
475 1017 650 1078 dedecuere
666 1031 783 1076 comae.

31 1172 32 1179 ἵ
99 1097 138 1158 Sic
151 1100 274 1163 lormosa
288 1103 358 1176 luit,
380 1104 472 1163 talem
489 1099 685 1162 Schoeneida
698 1099 798 1175 dicam

31 1190 32 1193 ’
128 1182 274 1246 Maenalias
289 1202 365 1247 arcu
379 1187 564 1247 sollicitasse
578 1186 671 1245 leras.

31 1292 33 1309 ›
70 1265 161 1327 ltlalis
175 1271 279 1344 periuri
294 1271 513 1346 promissaque
527 1271 660 1344 velaque
674 1267 784 1328 liresei

31 1364 32 1407 ς
128 1351 208 1412 Flevit
221 1355 403 1431 praecipites
421 1355 533 1415 Cressa
549 1353 658 1421 tulisse
672 1358 773 1413 notos.

98 1432 148 1508 Sic,
166 1436 218 1498 uisi
232 1439 346 1501 vittatis
363 1439 530 1515 quoderat
548 1437 723 1499 Cassandra
739 1437 874 1513 capillis,

31 1580 33 1589 ,
128 1518 271 1583 Procubuit
285 1525 417 1600 templo,
440 1529 526 1583 casta
539 1523 693 1595 Minerva,
715 1526 778 1582 tuo.
865 1523 1005 1603 [diuite.

31 1674 33 1683 ἱ
98 1602 153 1675 Quis
172 1607 238 1667 mihi
266 1623 328 1668 non
353 1608 523 1668 ‘demensi’
552 1607 622 1682 quis
648 1620 711 1666 nou
735 1605 809 1666 mihi
827 1606 1003 1692 '‘barbarel’

31 1710 32 1737 r
69 1691 93 1745 ut
130 1688 281 1763 lpsanihil.
317 1691 432 1769 pavido
450 1700 499 1752 est
511 1691 615 1766 lingua
633 1696 749 1751 retenta
763 1698 855 1752 metu.

98 1767 145 1832 Sed
157 1775 229 1836 taciti
244 1776 345 1841 lacere
359 1783 462 1837 tamen
478 1777 621 1837 convicia
635 1775 755 1836 vultus:

126 1855 184 1933 Egit
195 1876 242 1920 me
256 1861 389 1922 lacrimis
406 1876 461 1922 ore
476 1860 585 1921 silente
599 1876 695 1920 reum.

96 1938 156 2001 Arte
168 1959 247 2005 meos
261 1945 398 2006 humeris
411 1945 524 2006 vellem
540 1944 694 2005 cecidisse
707 1945 858 2005 lacertos=

31 2088 32 2099 ,
127 2023 227 2089 Utiliter
240 2030 324 2105 potui
340 2035 426 2106 parte
443 2045 549 2089 carere
564 2028 633 2088 mei.

31 2110 33 2149 l
70 2106 125 2167 alu
136 2125 192 2172 mea
205 2129 358 2176 vaesanas
377 2112 471 2174 habui
487 2111 651 2190 dispendia
665 2111 764 2186 vires,
823 2150 825 2153 -

126 2193 240 2258 revalui
255 2214 390 2274 poenam
406 2198 493 2259 fortis
508 2197 539 2258 in
555 2199 625 2274 ipse
637 2213 747 2257 meam.

31 2288 33 2361 j
97 2273 156 2348 outo
169 2281 234 2342 mihi
247 2283 424 2356 vobiscum,
449 2283 555 2343 caedis
571 2284 786 2357 scelerumque
800 2282 977 2343 ministrae?

31 2370 32 2419 ἴ
125 2361 217 2427 Debita
229 2367 400 2443 sacrilegae
413 2367 514 2426 vincla
529 2367 629 2428 subite
643 2375 769 2427 manus!

31 2422 33 2527 l
96 2442 143 2518 Au,
160 2448 183 2507 si
195 2451 368 2527 pulsassem
382 2449 538 2512 minimum
555 2452 594 2512 de
609 2450 701 2527 plebe
716 2451 875 2525 Quiritem,

31 2534 33 2625 ᾗ
67 2529 91 2585 tt
127 2526 272 2612 Plecterer,
296 2537 327 2597 in
344 2535 500 2596 dominam
515 2537 564 2597 ius
579 2535 652 2596 mihi
670 2537 769 2597 maius
786 2537 863 2597 eritl

31 2636 33 2703 l
94 2607 204 2679 Possim
216 2619 351 2700 Tydides
367 2622 516 2682 scelerum
532 2620 718 2682 monimenta
731 2620 863 2695 reliquit.

127 2698 170 2761 Ille
183 2704 264 2767 deam
278 2705 397 2782 primus
412 2705 551 2781 perculit.
578 2705 655 2764 alter
673 2720 741 2780 ego.

31 2852 33 2857 ‚
94 2777 215 2850 Etmiuus
229 2790 279 2851 ille
294 2805 422 2851 nocens.
451 2788 525 2849 mihi
542 2805 633 2865 quam
649 2789 818 2866 profitebar
832 2805 950 2869 amaro,

119 2865 200 2932 Laesa
213 2882 271 2936 este
290 2873 428 2952 Tydides
446 2889 559 2936 saevus
578 2876 608 2934 in
623 2873 714 2935 hoste
729 2874 793 2934 luit.

67 2946 107 3006 ttl
117 2967 196 3029 nuuc,
215 2959 395 3034 magnificos
409 2958 509 3020 victor
524 2959 631 3019 molire
646 2958 832 3035 triumphos,

126 3035 202 3115 Cinge
215 3058 334 3103 comam
350 3045 451 3119 lauro,
468 3049 604 3120 votaque
618 3043 716 3104 redde
730 3043 805 3103 lovi.

95 3114 211 3199 duaeque
224 3135 293 3188 tuos
308 3143 417 3189 caurus
433 3128 594 3189 comitatus
609 3128 698 3188 turba
712 3134 874 3204 sequetur,

125 3202 221 3272 clamet
234 3212 276 3273 ‘io
292 3212 363 3274 lorti
377 3212 459 3273 victa
474 3214 576 3288 puella
589 3213 656 3273 viro
672 3216 747 3274 estt’

94 3284 155 3348 lule
166 3300 209 3355 eat
221 3295 318 3359 effuso
336 3295 429 3358 tristis
445 3297 567 3374 captiva
583 3296 710 3372 capillo,

68 3372 89 3424 ll
128 3370 155 3432 Si
166 3377 290 3443 sinerent
305 3382 426 3456 laesae,
452 3380 582 3442 candida
597 3387 676 3456 tota,
697 3397 805 3456 genae.

94 3454 180 3530 Aldus
192 3461 338 3540 inpressis
353 3467 451 3526 luerat
465 3465 560 3526 livere
575 3464 711 3540 labellis,

124 3539 155 3604 El
166 3548 237 3607 collo
250 3549 354 3611 blandi
370 3551 470 3611 dentis
487 3550 601 3611 habere
616 3556 729 3610 notam.
