2467 4042
436 224 480 274 VI.
501 223 649 273 asu-⁵148.

292 392 343 456 16.
367 388 427 455 GC
474 391 524 455 17.
547 386 610 453 HG
659 388 708 454 18.
732 385 794 454 ΑΟ

133 513 166 573 lt
184 519 270 591 pater
293 508 447 569 lleliadum
470 507 568 568 radios
592 505 644 567 ubi
667 508 789 567 tinxerit
811 505 916 585 undis,

172 599 210 660 Et
233 599 331 676 cinget
354 598 486 676 geminos
510 594 593 657 stella
616 612 722 656 serena
745 593 846 675 polos,

133 687 223 748 Tollet
245 686 335 746 humo
359 684 469 745 validos
492 683 592 763 proles
615 681 723 762 Hyriea
746 682 889 742 lacertos.

72 789 121 840 777)
173 775 318 836 Cominus
341 771 467 851 Delphin
490 780 577 833 nocte
600 769 745 831 videndus
769 771 843 831 erit.

477 901 526 965 19.
549 898 608 965 Bc

133 1021 248 1082 Scilicet
270 1021 318 1081 hic
342 1020 411 1080 olim
435 1018 555 1079 Volscos
578 1018 756 1097 Aequosque
779 1017 894 1095 lagatos
989 1028 1045 1080 (22³)

174 1108 292 1168 Viderat
313 1110 345 1168 in
368 1108 502 1188 campis,
525 1105 627 1185 Algida
650 1114 730 1166 terra
742 1152 751 1185 ,
774 1107 851 1165 tuis:

131 1196 210 1257 Unde
234 1194 404 1257 suburbano
428 1195 548 1275 clarus,
571 1193 725 1274 Tuberte,
748 1192 899 1271 triumpho

172 1282 280 1344 Vectus
303 1301 336 1343 es
359 1286 389 1342 in
413 1285 529 1361 niveis,
552 1281 714 1362 Postume,
737 1283 831 1342 victor
855 1282 957 1359 equis.

68 1383 117 1432 725
131 1371 189 1431 lam
212 1389 264 1431 sex
287 1361 317 1429 ¹et
340 1368 463 1429 totidem
487 1369 569 1429 luces
592 1369 630 1428 de
653 1387 755 1429 mense
778 1376 957 1449 supersunt,

173 1457 249 1518 Huic
272 1475 364 1517 unum
388 1474 512 1517 numero
534 1465 568 1517 tu
591 1464 690 1516 tamen
713 1455 786 1516 adde
809 1455 904 1518 diem.

132 1545 179 1606 Sol
202 1544 263 1606 abit
285 1563 301 1605 a
325 1544 478 1624 Geminis,
501 1552 531 1605 et
553 1543 661 1605 Caneri
682 1545 766 1622 signa
789 1543 970 1605 rubescunt:

174 1633 277 1712 Coepit
300 1633 443 1693 Aventina
465 1631 559 1693 Pallas
583 1633 613 1692 in
637 1649 705 1692 aree
729 1632 802 1693 coli.

477 1761 528 1827 20.
553 1758 609 1825 CO

129 1879 189 1940 lam
213 1888 285 1959 tua,
308 1878 498 1959 Laomedon,
521 1879 617 1938 oritur
641 1895 757 1959 nurus,
781 1886 904 1958 ortaque
928 1884 1044 1938 noctem

64 1980 114 2029 730
172 1967 257 2033 Pellit
269 2014 278 2048 ,
303 1975 333 2028 et
355 1986 372 2027 e
395 1968 488 2046 pratis
511 1964 568 2026 uda
591 1967 698 2044 pruina
722 1965 813 2045 fugit:

128 2055 270 2136 Reddita,
293 2057 428 2135 quisquis
446 2057 473 2115 is
492 2060 555 2134 est,
579 2054 739 2114 Summano
762 2053 871 2132 templa
890 2053 1044 2133 feruntur,

173 2143 271 2224 Tum,
296 2161 364 2203 cum
387 2142 548 2221 RomaniS,
571 2141 707 2222 Pyrrhe,
729 2141 880 2202 timendus
903 2159 986 2202 eras.

128 2228 211 2290 Hanc
235 2248 353 2310 quoque
373 2249 441 2291 eum
463 2231 567 2310 patriis
590 2229 708 2290 Galatea
731 2231 878 2307 receperit
900 2229 1005 2308 undis,

172 2318 321 2397 Plenaque
345 2335 467 2379 securae
490 2325 570 2378 terra
594 2319 702 2397 quietis
726 2320 800 2397 erit,

59 2418 113 2467 735
130 2404 233 2484 Surgit
255 2405 346 2465 humo
369 2407 484 2466 iuvenis
506 2405 573 2465 telis
596 2403 713 2466 afflatus
736 2407 838 2484 avitis,

172 2492 211 2553 Et
232 2495 349 2573 gemino
372 2510 463 2553 nexas
485 2495 611 2572 porrigit
634 2511 728 2572 angue
750 2510 872 2553 manus.

125 2580 222 2642 Notus
245 2598 328 2640 amor
350 2579 523 2661 Phaedrae,
547 2587 616 2641 nota
639 2588 686 2641 est
707 2582 815 2641 iniuria
838 2579 962 2641 Thesei:

171 2666 293 2729 Devovit
315 2676 417 2730 natum
441 2668 579 2730 credulus
601 2668 651 2729 ille
675 2687 778 2730 suum.

125 2755 207 2833 [Non
228 2759 350 2837 impune
373 2758 440 2835 pius
463 2758 578 2817 iuvenis
600 2755 752 2818 Troezena
773 2756 912 2836 petebat:

52 2855 108 2905 740
172 2843 280 2905 Dividit
302 2843 454 2905 obstantes
477 2853 598 2923 pectore
622 2854 726 2907 taurus
749 2864 840 2926 aquas
851 2845 871 2922 .]

125 2931 252 2994 Solliciti
275 2940 428 2994 terrentur
451 2935 543 3014 equi,
566 2934 736 3013 frustraque
759 2935 868 2995 retenti

172 3019 229 3079 Per
252 3021 391 3100 scopulos
414 3020 567 3082 dominum
590 3021 724 3101 duraque
748 3039 817 3082 saxa
839 3020 977 3081 trahunt.

123 3104 284 3168 Exciderat
306 3126 399 3170 curru
410 3156 420 3188 ,
443 3109 573 3187 lorisque
596 3108 780 3169 morantibus
803 3115 885 3169 artus

171 3191 346 3273 Hippolytus
369 3196 466 3257 lacero
490 3214 615 3275 corpore
638 3204 741 3276 raptus
765 3204 845 3277 erat,

48 3293 105 3342 '145
122 3280 365 3362 Reddideratque
380 3286 525 3365 animam,
538 3284 666 3346 multum
679 3285 850 3363 indignante
865 3282 970 3344 Diana.
985 3293 1042 3345 (22⁴)

172 3365 288 3449 ‘Nulla'
313 3370 474 3433 Coronides
498 3368 602 3434 ‘eausa
626 3368 751 3434 doloris'
775 3375 832 3434 ait:

121 3451 275 3538 ‘Namque
298 3460 348 3538 pio
371 3460 471 3520 iuveni
492 3454 581 3522 vitam
604 3463 668 3522 sine
691 3461 810 3522 volnere
833 3461 972 3540 reddam,

170 3545 208 3608 Et
231 3547 337 3609 cedent
360 3549 418 3608 arti
440 3549 536 3609 tristia
559 3549 617 3610 lata
640 3543 756 3612 meae.'

79 3651 172 3695 oum.
198 3655 244 3696 ιιι
850 3654 885 3704 aa
