2467 4042
196 259 254 323 roo
575 207 824 319 aaaomas.

318 411 406 485 Quod
422 410 545 470 videant
560 409 656 483 oculi,
678 410 720 470 nil
735 409 794 471 nisi
809 411 880 472 litus
895 411 1017 472 habent.

277 495 450 567 Numine,
474 508 556 555 nunc
569 493 658 568 illuc,
677 499 708 554 el
720 501 852 570 utroque
867 496 933 554 sine
946 496 1054 556 ordine
1071 512 1172 559 curro.

234 591 269 642 20
320 580 393 639 Alta
406 578 559 654 puellares
575 576 676 638 tardat
688 576 802 639 harena
817 579 925 653 pedes.

276 665 394 723 Interea
408 668 471 723 toto
487 660 628 722 clamanti
642 661 730 722 litore
744 662 907 723 ‘Thessal’

317 745 501 807 Reddebant
515 760 627 805 nomen
642 759 779 809 concava
794 762 871 807 saxa
886 753 978 819 tuum,

274 831 311 889 lit
327 830 469 905 quotiens
484 844 543 904 ego
558 836 602 904 te,
624 829 734 890 totiens
749 831 837 892 locus
853 830 921 906 ipse
933 829 1077 891 vocabat.

318 914 389 989 Ipse
403 915 492 974 locus
507 912 639 973 miserae
653 915 733 973 ierre
746 913 870 975 volebat
885 929 986 990 opem.

232 1009 266 1060 25
277 999 367 1059 Mons
382 997 445 1058 luit.
468 1004 618 1074 apparent
632 997 757 1058 frutices
769 997 800 1057 in
817 998 929 1059 vertice
943 997 1020 1058 rari:

318 1083 405 1143 Nunc
420 1081 569 1158 scopulus
583 1081 686 1142 raucis
701 1080 816 1155 pendet
829 1083 944 1143 adesus
959 1082 1067 1158 aquis:

276 1165 433 1227 Ascendo.
455 1165 537 1226 vires
553 1165 674 1225 animus
690 1165 790 1225 dabat.
813 1174 906 1243 alque
919 1166 960 1227 itu
973 1167 1034 1226 late

316 1253 464 1327 Aequora
478 1256 645 1325 prospectu
659 1249 767 1309 metior
781 1252 841 1310 alta
856 1266 935 1310 meo.

276 1335 350 1394 inde
364 1349 454 1409 ego...
469 1349 540 1393 nam
553 1333 653 1394 ventis
668 1348 793 1409 quoque
806 1349 873 1395 sum
889 1333 1067 1395 crudelibus
1082 1352 1172 1396 usa...

232 1428 268 1483 30
320 1418 392 1479 Vidi
407 1416 566 1494 praecipiti
582 1417 713 1479 carbasa
727 1423 809 1478 tenta
823 1424 907 1478 noto.

275 1504 337 1562 Aut
352 1499 428 1577 vidi,
451 1507 504 1562 aut
516 1508 671 1577 tamquam
685 1517 765 1576 quae
779 1517 828 1562 me
842 1500 960 1563 vidisse
973 1509 1123 1581 putarem,

316 1585 468 1661 Frigidior
482 1586 580 1660 glacie
595 1585 845 1661 semianimisque
859 1585 911 1646 iul.

275 1670 338 1731 Nec
353 1671 499 1745 languere
514 1669 567 1730 diu
582 1670 695 1745 patitur
709 1669 807 1729 dolor.
830 1670 947 1731 excitor
961 1670 1023 1746 illo,

317 1753 443 1816 Excitor
457 1761 487 1814 et
501 1768 622 1813 summa
635 1753 754 1813 Thesea
769 1769 847 1815 voce
861 1768 951 1815 voco.
1087 1756 1090 1759 ’

232 1848 266 1902 35
278 1838 358 1912 ‘Quo
373 1838 488 1914 lugist’
512 1838 651 1898 exclamo
666 1837 829 1899 ‘scelerate
842 1845 996 1899 revertere
1009 1839 1143 1917 illeseu,

316 1923 418 1983 Flecte
432 1928 542 1981 ratem!
566 1937 724 1981 numerum
738 1937 801 1981 non
814 1921 908 1982 habet
921 1922 973 1982 illa
986 1928 1100 1984 suum!

277 2008 360 2068 Haec
375 2021 444 2081 ego.
467 2005 552 2081 quod
566 2005 637 2066 voci
651 2005 772 2080 deerat,
796 2005 944 2080 plangore
958 2006 1134 2082 replebamr

318 2088 457 2151 Verbera
472 2104 540 2149 curn
555 2087 659 2149 verbis
673 2088 768 2149 mixta
782 2089 868 2150 fuere
883 2090 969 2150 meis.

277 2174 309 2234 Si
326 2190 387 2234 non
401 2171 541 2248 audires,
563 2180 597 2233 ut
611 2173 720 2234 saltem
735 2187 861 2233 cernere
875 2188 998 2249 posses,

233 2269 268 2322 lu
320 2258 452 2317 iactatae
467 2258 527 2317 late
542 2256 632 2331 signa
647 2255 762 2333 dedere
776 2271 896 2317 manus.

275 2341 474 2417 Candidaque
487 2340 612 2417 inposui
626 2340 737 2415 longae
752 2338 905 2402 velamina
919 2340 1033 2417 virgae,

317 2425 440 2486 Scilicet
454 2425 566 2487 oblitos
581 2423 774 2484 admonitura
786 2423 856 2483 mei.

276 2512 400 2585 lamque
416 2509 513 2570 oculis
529 2515 654 2585 ereptus
670 2523 750 2568 eras.
777 2508 854 2567 Tum
868 2508 1001 2585 denique
1016 2507 1101 2569 ilevi.

317 2595 509 2669 Torpuerant
522 2592 631 2653 molles
650 2594 719 2654 ante
735 2591 842 2651 dolore
857 2607 964 2668 genae.

234 2687 267 2740 45
280 2677 358 2754 Quid
373 2678 476 2753 potius
490 2678 638 2751 iacerent,
662 2692 753 2752 quam
768 2691 817 2735 me
832 2675 1162 2752 mealumina‘ilereat,

317 2761 484 2838 Postquam
500 2759 656 2823 desierant
670 2762 741 2820 vela
754 2759 861 2820 videre
876 2767 950 2821 luat

274 2848 337 2907 Aut
350 2861 408 2921 ego
424 2843 545 2906 diffusis
561 2842 661 2905 erravi
676 2844 743 2906 sola
758 2844 886 2919 capillis,
950 2862 954 2869 ’

317 2929 420 3003 Qualis
436 2928 475 2990 ab
491 2928 610 3009 Ogygio
625 2928 745 2989 concita
757 2928 881 2989 Baccha
895 2928 972 2989 deor

275 3015 338 3075 Aul
351 3029 436 3074 mare
449 3012 645 3091 prospiciens
661 3013 692 3073 in
706 3028 785 3074 saxo
801 3012 911 3088 inigida
925 3012 1002 3089 sedi,

234 3110 269 3160 50
321 3097 479 3173 Quamque
494 3095 573 3175 lapis
587 3097 697 3171 sedes,
720 3104 782 3158 tom
796 3095 876 3173 lapis
891 3097 961 3173 ipsa
975 3094 1026 3157 lui.

278 3182 378 3257 Saepe
390 3185 490 3242 torum
503 3188 626 3258 repeto,
651 3182 702 3258 qui
717 3197 775 3241 nos
791 3186 954 3256 acceperat
967 3179 1086 3255 umbos,

320 3266 383 3328 Sed
398 3281 460 3327 non
475 3273 622 3341 acceptos
637 3265 826 3328 exhibiturus
841 3271 914 3341 erat,

275 3350 314 3411 Et
326 3357 391 3425 tua,
415 3367 494 3427 quae
508 3366 639 3427 possum
652 3365 710 3426 pro
724 3355 769 3424 to,
791 3348 924 3426 vestigia
937 3355 1040 3426 tango,

320 3432 484 3509 Strataque
499 3450 579 3511 quae
594 3432 739 3494 membris
753 3434 912 3510 intepuere
929 3432 999 3495 tuis.

235 3518 440 3591 aalncurnbo,
463 3517 658 3594 lacrimisque
672 3525 739 3580 toro
756 3524 897 3579 manante
911 3518 1047 3594 prolusis
