2467 4042
199 199 267 269 320
607 201 802 254 ressone!

222 379 274 430 son
289 366 415 446 Respice
438 365 639 426 Thestiaden:
669 364 796 425 flaminis
816 363 995 426 absentibus
1021 369 1123 445 arsit;

333 454 427 517 Causa
450 463 519 534 est,
541 453 621 533 quod
644 452 778 514 Phoebes
801 470 851 513 ara
873 455 940 519 sine
963 455 1041 532 igne
1067 455 1145 516 init.

288 543 414 622 Respice
437 541 632 604 Tantaliden:
664 541 767 602 eadem
789 541 844 601 dea
865 540 931 601 vela
954 542 1107 604 tenebat.

333 631 421 709 Virgo
444 639 513 710 eat,
535 640 567 691 et
588 640 705 709 spretos
727 629 773 689 his
796 639 895 690 umen
917 629 981 689 ulta
1008 630 1119 691 iocos.

289 718 446 800 Hippolyte
469 718 593 798 infelix,
616 717 707 778 vehes
728 715 857 778 coluisse
879 716 1021 798 Dionen,

222 820 276 869 ato
333 807 407 869 Cum
431 808 630 867 consternatis
652 805 825 884 diripereris
849 808 952 884 equis.

290 894 389 974 Longa
412 896 526 956 reterre
549 911 632 955 mora
655 902 702 954 est
723 902 859 955 cometa
880 891 990 954 oblivia
1017 894 1156 956 damnis.

333 982 380 1044 hle
404 1000 523 1063 qnoque
546 982 669 1044 Romani
693 985 873 1061 praeteriere
895 990 1022 1060 patres.

290 1071 368 1143 Quid
392 1072 542 1151 lacerent,
565 1088 620 1149 par
642 1070 722 1149 quod
744 1071 847 1131 lieretn
870 1070 1034 1131 manifesta
1058 1067 1185 1133 doloris?

334 1159 491 1239 Exigereru
514 1167 634 1220 nostrae
657 1158 754 1237 qualia
776 1158 880 1218 damna
903 1154 1026 1218 notae?

224 1260 276 1309 ato
292 1246 409 1308 Excidit
431 1248 561 1308 cilicium
584 1249 664 1308 tristi
686 1247 779 1308 mihi.
820 1246 900 1308 nulla
921 1245 1038 1307 tuebar

335 1335 415 1396 Rura
427 1382 436 1417 ,
459 1353 515 1396 nec
538 1338 568 1396 in
592 1338 689 1414 pretio
713 1335 818 1396 iaculis
841 1335 948 1394 honus
971 1344 1064 1398 erat:

290 1423 363 1485 Lilia
385 1423 558 1485 deciderant
569 1471 579 1504 ‚
602 1423 693 1484 riolos
716 1441 800 1484 arere
823 1422 962 1502 rideres,

334 1510 454 1591 Filaque
478 1513 597 1591 punicei
621 1511 759 1591 languida
780 1512 855 1572 lanta
878 1513 980 1571 croci.

292 1598 385 1679 Saepe
409 1599 481 1661 mihi
504 1600 657 1679 Zephyrus
680 1595 792 1660 “dotes
816 1615 1014 1678 corrumpere
1041 1599 1109 1661 noli

224 1700 277 1749 320
336 1687 402 1768 lpsa
426 1683 520 1749 tnas''
544 1687 638 1749 dixit.
679 1688 734 1748 dos
756 1687 828 1748 mihi
850 1687 915 1747 vilis
938 1693 1028 1748 erat.

290 1774 449 1838 Florebant
472 1777 575 1856 oleae,
591 1778 679 1837 'venti
701 1792 830 1836 nocuere
854 1777 1006 1853 protervi:

335 1863 494 1925 Florebant
516 1871 655 1944 segetes,
677 1863 820 1942 grandine
842 1862 918 1923 laesa
942 1861 1061 1925 Ceres:

291 1952 324 2013 ln
348 1971 400 2032 spe
424 1953 492 2013 vitis
515 1959 601 2031 erat,
624 1951 738 2012 caelum
762 1953 903 2031 nigrescit
924 1949 962 2010 ab
984 1955 1109 2013 austris

336 2038 373 2101 Et
396 2039 494 2101 subita
517 2040 639 2100 frondes
662 2040 854 2101 decutiuntur
876 2056 968 2117 aqua

225 2140 277 2190 aaa
292 2128 353 2190 Nec
377 2128 455 2189 volui
479 2129 543 2189 lieri
556 2174 564 2207 ,
589 2145 644 2188 nec
668 2143 734 2189 sum
758 2126 887 2189 crudelis
909 2127 939 2186 in
963 2127 1032 2209 ira3

336 2215 412 2279 Cura
436 2215 598 2294 repellendi
622 2215 674 2276 sed
697 2215 770 2276 mihi
793 2213 872 2275 nulla
896 2214 967 2274 init.

292 2303 462 2365 Convenere
486 2313 607 2384 patres,
632 2312 662 2364 et
673 2349 683 2384 ‚
707 2306 732 2365 si
754 2303 830 2364 bene
852 2302 1105 2385 tioreatannus,

336 2391 513 2454 Numinibus
537 2393 648 2452 nostris
671 2409 768 2452 anana
791 2392 864 2452 lesta
887 2398 1014 2450 vovent.

291 2481 457 2542 innuimus
480 2488 569 2541 voto.
611 2479 716 2541 consul
738 2497 806 2541 cnm
830 2477 951 2539 consule
974 2477 1068 2540 ludos

226 2581 278 2631 830
336 2568 488 2630 Postumio
512 2567 624 2629 Laenas
648 2567 819 2646 persoluere
844 2560 947 2627 mihi.'

293 2656 443 2728 Quaerere
467 2656 616 2735 conabar,
641 2672 731 2734 quare
754 2655 872 2716 lascivia
894 2655 987 2714 maior
1060 2694 1065 2703 «

336 2743 389 2806 llis
412 2746 489 2806 locet
511 2747 542 2806 in
564 2744 644 2806 ludis
665 2744 846 2822 liberiorque
869 2745 969 2803 iocus.
1125 2816 1129 2823 ι

293 2831 351 2895 Sed
376 2832 447 2893 mihi
470 2835 642 2913 succurrit,
666 2850 775 2893 numen
799 2848 857 2891 non
882 2847 947 2890 esse
970 2844 1141 2917 seuerum,

336 2921 470 3001 Aptaque
494 2920 607 2982 deliciis
630 2938 754 2981 munera
776 2920 855 2980 serre
878 2918 979 2978 deant.

226 3021 277 3072 ost
292 3009 437 3089 Tempora
460 3008 598 3070 sutilibus
623 3011 782 3086 cinguntur
804 3014 865 3069 tota
888 3007 1028 3087 coronis,

337 3095 375 3159 n:
396 3098 468 3159 latet
490 3100 598 3159 iniecta
623 3096 774 3175 splendida
798 3109 899 3156 mensa
921 3090 1009 3154 rosa.

291 3185 401 3247 Ebrius
424 3188 562 3265 incinctis
584 3184 698 3265 philyra
721 3184 841 3246 conviva
866 3179 978 3261 capillis

337 3273 452 3355 Saltat,
476 3283 507 3335 et
527 3273 701 3351 imprudens
725 3275 819 3334 utitur
842 3280 904 3331 arte
928 3266 1023 3330 meri.

293 3359 401 3424 Ebrius
424 3362 461 3423 ad
484 3362 591 3422 durum
615 3363 761 3423 formosae
785 3360 874 3421 limen
897 3360 1009 3419 arnicas

229 3461 280 3510 “to
338 3450 464 3531 Cantat,
487 3449 597 3511 hahent
619 3460 725 3511 unctae
749 3448 845 3510 mollia
869 3455 947 3509 serta
970 3463 1103 3511 comae.

292 3536 377 3598 Nulla
401 3546 541 3599 coronata
562 3545 747 3619 peraguntur
770 3538 847 3597 seria
870 3537 989 3616 leonte,
