2467 4042
215 280 273 344 136
588 279 858 340 EPISTULAE.

251 442 286 494 aa
340 432 457 509 Sumts,
481 447 604 509 quaque
620 431 697 507 bibi,
720 439 751 494 tu
768 449 892 509 quoque
908 441 993 510 parte
1009 437 1101 498 bibis.

296 520 335 577 A!
361 519 502 592 quotiens
518 516 634 592 digitis,
658 518 800 592 quotiens
816 534 873 593 ego
890 525 968 579 tecta
983 524 1089 582 notavi

337 601 431 678 Signa
446 601 610 677 supercitia
627 618 726 677 paene
741 602 885 678 loquente
899 603 975 662 dari.

293 686 329 747 Et
343 703 438 762 saepe
453 684 594 759 extimui,
618 701 657 745 ne
670 686 720 745 vir
733 702 819 746 rneus
836 687 887 747 iiia
902 687 1028 763 videret,

335 772 400 831 Nan
417 770 491 830 satis
506 769 633 830 occultis
649 770 819 846 erubuique
833 772 924 832 notis.

249 862 282 916 115
296 854 398 931 Saepe
411 857 460 914 vel
476 854 602 930 exiguo,
627 856 676 915 vei
693 856 775 916 nulio
791 872 944 915 murmure
960 856 1024 916 dixi
1093 919 1096 925 ,

334 940 392 999 ‘Nil
412 940 505 1016 pudet
521 939 624 998 hune'.
647 954 704 999 nee
720 956 781 1000 vox
796 939 873 1000 baec
888 957 956 1000 rnen
973 941 1051 1001 iaisu
1066 942 1132 1003 fuit.

292 1022 372 1085 Orbe
388 1039 514 1099 quoque
530 1023 558 1082 in
575 1039 701 1084 mensae
717 1025 776 1100 legi
791 1023 849 1084 sub
866 1024 988 1084 nornine
1003 1033 1124 1099 nostro,

334 1108 421 1184 Quod
437 1107 570 1169 dedueta
584 1123 669 1169 mero
684 1108 781 1169 littera
797 1109 881 1182 iecit,
905 1123 982 1170 nuo.

292 1193 422 1254 Credere
438 1208 486 1252 me
501 1198 599 1252 tamen
614 1192 676 1254 hoe
692 1195 781 1253 acuta
795 1200 942 1254 renuente
957 1195 1082 1269 negavi.

247 1285 282 1339 90
334 1277 369 1337 Ei
384 1277 471 1351 mihi,
494 1276 553 1336 iarn
569 1276 663 1337 didici
682 1276 728 1337 sie
743 1293 801 1353 ego
821 1293 916 1353 posse
933 1278 1028 1353 ioqui.

290 1361 345 1424 His
360 1378 418 1437 ego
433 1359 604 1437 blanditiis,
628 1362 654 1421 si
671 1370 835 1436 peccatura
853 1362 989 1437 fuissem,

331 1444 492 1507 Plecterer.
514 1444 563 1505 bis
582 1452 722 1522 poterant
740 1453 866 1521 pectora
880 1453 985 1508 nostra
1002 1448 1085 1524 capi.

182 1562 194 1583 ο
289 1530 344 1591 Est
359 1546 499 1607 queque,
522 1531 687 1605 confiteor,
710 1531 804 1591 iacies
821 1530 875 1592 tibi
889 1547 970 1591 rara.
993 1539 1159 1608 potestque

331 1615 419 1675 Velie
435 1614 494 1675 sub
509 1616 671 1691 amplexus
688 1614 731 1674 ire
748 1617 849 1691 puelia
864 1622 944 1676 tuos.

246 1707 280 1762 96
292 1700 396 1759 Altera
411 1699 459 1759 vet
476 1699 577 1774 potius
595 1697 668 1757 tetix
683 1699 752 1759 sine
766 1696 892 1759 crimine
907 1699 968 1773 flat,

331 1783 428 1859 Quam
442 1782 532 1844 cadat
546 1792 673 1843 externo
691 1790 796 1845 noster
810 1800 916 1844 amone
932 1783 1048 1859 pudor!

288 1867 381 1929 Disce
394 1883 464 1929 rneo
480 1868 623 1943 exemplo
639 1867 806 1928 formonsis
822 1884 918 1944 posse
933 1883 1048 1931 carere.

328 1952 384 2013 list
397 1950 495 2013 virtus
513 1950 631 2028 placitis
647 1951 834 2013 abstinuisse
849 1952 949 2012 bonis.

287 2036 383 2113 Quam
397 2038 509 2098 multos
525 2036 627 2110 eredis
643 2036 772 2097 iuvenes
787 2044 910 2112 optare,
934 2039 1017 2111 quod
1033 2046 1138 2114 optas,

228 2131 276 2184 iob
329 2121 384 2197 Qui
401 2121 543 2197 sapienti
565 2121 674 2182 oculos
690 2137 727 2180 an
743 2120 827 2181 Paris
842 2137 924 2182 unus
939 2120 1058 2183 babeat

285 2205 352 2267 Non
369 2213 399 2267 tu
415 2206 485 2280 pius
502 2205 618 2280 cernis,
639 2205 696 2265 sed
713 2206 782 2280 pins
797 2205 976 2266 temerarius
992 2207 1110 2269 audes=

327 2291 391 2351 Nee
406 2289 459 2350 tibi
475 2289 545 2365 pius
561 2288 680 2362 cordis,
703 2289 760 2348 sed
775 2289 875 2349 minus
891 2290 954 2350 oris
969 2290 1069 2352 adest.

285 2376 368 2437 Tune
387 2389 445 2452 ego
460 2382 490 2435 te
504 2375 616 2434 vetlem
631 2374 721 2434 ceteri
737 2374 862 2434 venisse
877 2374 989 2448 arina,

328 2457 402 2519 cnm
417 2474 484 2518 mea
499 2457 658 2532 virginitas
674 2457 755 2517 mitte
770 2459 867 2533 petita
879 2459 997 2533 praeis:

224 2552 271 2606 tob
283 2543 315 2605 Si
330 2550 359 2605 te
377 2542 538 2615 vidissem,
561 2542 679 2618 prinrus
694 2542 734 2601 de
748 2540 830 2601 mitte
845 2543 969 2604 fuisses.

325 2627 442 2688 Iudicio
457 2626 577 2687 veniam
595 2627 641 2685 vir
655 2627 739 2686 dabit
753 2627 822 2701 ipse
836 2642 915 2688 meo.

283 2711 332 2773 Ad
349 2728 500 2788 possessa
516 2711 604 2771 venis
622 2716 848 2787 praeceptaque
862 2711 976 2786 gaudia
991 2727 1093 2774 serus.

326 2795 406 2872 Spes
422 2802 474 2856 tua
490 2795 570 2855 tenta
586 2795 650 2856 tuit.
675 2796 758 2865 quod
776 2795 869 2869 petis,
889 2797 966 2856 aiter
980 2794 1084 2857 habet.

282 2882 322 2943 Ut
336 2889 435 2942 tamen
452 2887 590 2955 optarem
606 2880 671 2940 tieri
687 2887 737 2939 tna
751 2877 859 2940 Troica
873 2881 1015 2956 coniunx,

224 2975 272 3029 tlt)
323 2965 451 3025 invitam
466 2964 512 3025 sie
527 2980 575 3023 me
589 2980 647 3025 nec
663 2964 821 3026 Menelaus
837 2962 936 3024 habet

283 3051 396 3111 Desine
411 3049 517 3123 molle,
540 3064 666 3124 precor,
691 3047 793 3108 verbis
810 3050 983 3110 convellere
998 3057 1119 3125 peetus,

324 3134 408 3193 Neve
422 3132 509 3205 mihi,
534 3149 624 3208 quarn
642 3140 670 3193 te
685 3132 763 3191 dieis
778 3147 895 3204 amare,
916 3148 1009 3193 noce:

283 3218 344 3279 Sed
360 3218 443 3291 sine,
464 3233 555 3292 quam
572 3216 674 3278 tribuit
687 3222 800 3276 sortem
816 3216 952 3290 fortuna,
976 3218 1063 3293 tueri,

323 3303 386 3362 Nee
403 3300 534 3378 spoiinnr
550 3301 646 3362 nostri
664 3313 751 3376 turpe
767 3299 893 3376 pudoris
908 3300 997 3361 habe.

222 3397 270 3451 tta
281 3389 320 3447 At
334 3387 442 3449 Venus
458 3385 517 3446 hoe
532 3392 622 3461 pacta
637 3391 699 3459 est,
721 3392 752 3445 et
766 3385 794 3445 in
810 3387 889 3445 attae
905 3384 1035 3446 vallibus
1051 3387 1125 3447 ldae

324 3473 399 3532 Tres
415 3468 467 3532 tibi
485 3486 519 3530 se
535 3469 634 3530 nudas
651 3467 817 3530 exhibuere
832 3469 924 3529 deae:

282 3556 412 3628 Unaque
428 3569 495 3614 curn
511 3569 652 3628 regnum,
676 3553 747 3614 beiti
763 3555 848 3614 duret
863 3555 957 3614 attera
973 3556 1105 3619 taudem.
