2467 4042
282 171 416 238 296
531 189 828 227 »mmm
860 189 992 226 lvx-:a
1113 168 1470 224 METAMM.

460 336 628 399 Dicta
671 336 907 416 placent
950 336 1156 414 paucis
1183 380 1198 396 .
1253 338 1489 396 numeri
1534 338 1773 398 maioris
1820 339 1997 399 amici

462 426 719 486 Acmona
765 425 1121 502 corripimus
1149 468 1165 484 .
1220 425 1320 484 cui
1364 424 1729 503 respondere
1774 425 1996 487 volenti

461 512 585 574 Vox
611 515 836 592 pariter
862 513 1142 590 vocisque
1170 512 1263 573 via
1291 519 1384 573 est
1410 519 1686 575 tenuata:
1714 531 2041 594 comaeque
2100 526 2150 570 ε.
2177 538 2354 570 ωεστ.

463 602 531 663 In
575 600 806 680 plumas
852 599 1074 661 abeunt
1098 646 1116 680 ‚
1159 599 1379 679 plumis
1424 618 1575 661 nova
1620 601 1769 663 colla
1813 610 2113 682 teguntur

331 701 435 753 500
461 690 830 768 Pectoraque
877 694 940 749 et
982 696 1265 769 tergum3
1310 690 1565 750 maiores
1608 689 1885 751 bracchia
1930 708 2168 770 pennas

461 779 777 858 Accipiunt
798 824 818 858 ,
864 775 1170 855 cubitique
1212 775 1374 837 leves
1422 779 1737 839 sinuantur
1780 780 1845 840 in
1890 779 2051 860 alas;

461 866 670 946 Magna
711 865 932 946 pedum
978 865 1192 944 digitos
1236 882 1377 944 pars
1422 874 1715 946 occupat:
1768 884 1994 946 oraque
2038 886 2252 929 cornu

464 954 747 1016 indurata
791 956 988 1032 rigent
1011 1000 1030 1034 ‚
1075 953 1374 1031 finemque
1418 955 1483 1014 in
1528 955 1800 1015 acumine
1845 964 2084 1036 ponunt
2101 1002 2122 1018 .

463 1043 638 1106 Hunc
684 1041 877 1122 Lycus
903 1089 922 1123 ‚
966 1042 1127 1102 hunc
1173 1041 1306 1104 Idas
1351 1049 1414 1103 et
1448 1059 1585 1104 eum
1621 1041 1976 1104 Rhexenore
2010 1043 2304 1123 Nycteus
2322 1092 2346 1126 ,

334 1142 436 1195 505
463 1132 639 1193 Hunc
684 1133 935 1192 miratur
976 1129 1178 1193 Abest
1223 1137 1288 1191 et
1330 1129 1472 1191 dum
1517 1133 1809 1193 mirantur
1836 1178 1854 1212 ‚
1901 1131 2163 1193 eandem

465 1221 778 1300 Accipiunt
822 1220 1032 1280 faciem
1061 1265 1074 1278 .
1130 1236 1536 1297 numerusque
1583 1237 1657 1280 ex
1701 1221 1932 1298 agmine
1978 1223 2179 1283 maior

469 1308 750 1370 Subvolat
770 1354 790 1388 ‚
837 1315 898 1369 et
942 1324 1140 1368 remos
1184 1307 1409 1386 plausis
1454 1306 1839 1369 circumvolat
1883 1307 1992 1369 alis
2010 1356 2026 1370 .

468 1396 533 1458 Si
577 1395 887 1457 volucrum
933 1413 1083 1474 quae
1129 1397 1209 1455 sit
1254 1394 1585 1456 subitarum
1629 1396 1817 1456 forma
1843 1444 1862 1478 ,
1908 1398 2180 1476 requiris
2197 1444 2218 1479 ,

465 1483 547 1546 Ut
589 1503 710 1545 non
756 1501 1082 1563 cygnorum
1107 1530 1126 1564 ‚
1171 1485 1259 1544 sic
1304 1482 1451 1544 albis
1494 1485 1764 1563 proxima
1810 1487 2019 1564 cygnis
2039 1532 2052 1546 .

336 1584 441 1636 510
468 1571 579 1634 Vix
624 1572 900 1652 equidem
945 1570 1052 1632 has
1098 1570 1271 1632 sedes
1318 1579 1379 1632 et
1421 1570 1651 1652 Iapygis
1698 1572 1861 1633 arida
1906 1571 2103 1635 Dauni

469 1661 622 1723 Arva
665 1678 849 1740 gener
894 1668 1071 1721 teneo
1118 1661 1359 1720 minima
1405 1677 1541 1720 cum
1586 1668 1755 1738 parte
1801 1678 2077 1722 meorum
2095 1657 2141 1722 .’

486 1742 495 1749 ’
556 1748 861 1810 Hactenus
908 1747 1164 1809 Oenides
1193 1793 1207 1808 .
1263 1745 1525 1808 Venulus
1573 1746 1887 1827 Calydonia
1933 1767 2122 1828 regna

470 1838 901 1916 Peucetiosque
949 1838 1116 1898 sinus
1160 1835 1566 1914 Messapiaque
1614 1853 1750 1897 arva
1794 1837 2120 1916 relinquit.

468 1927 537 1988 In
584 1926 800 2006 quibus
846 1932 1016 1986 antra
1058 1923 1220 1985 videt
1244 1971 1261 2005 ‚
1310 1942 1459 2002 quae
1504 1922 1689 1984 multa
1733 1924 1938 1985 nubila
1983 1924 2132 1986 silva

338 2025 442 2076 515
469 2014 547 2075 Et
590 2013 832 2084 levibus¹
863 2014 1068 2074 cannis
1113 2013 1381 2073 nutantia
1426 2014 1753 2091 semicaper
1796 2012 1923 2073 Pan

471 2103 641 2164 Nunc
678 2110 846 2164 tenet
871 2147 885 2162 .
933 2109 994 2162 at
1029 2100 1283 2180 quodam
1321 2108 1645 2161 tenuerunt
1678 2108 1951 2180 tempore
1986 2101 2323 2183 nymphae.

471 2191 697 2271 Apulus
741 2190 847 2251 has
891 2188 989 2250 illa
1032 2195 1236 2268 pastor
1282 2190 1525 2268 regione
1569 2188 1798 2267 fugatas

471 2279 716 2340 Terruit
738 2325 758 2359 ‚
801 2285 864 2339 et
905 2279 1098 2357 primo
1146 2275 1343 2337 subita
1387 2274 1703 2337 formidine
1747 2279 1967 2338 movit:

471 2367 607 2428 Mox
633 2414 651 2448 ‚
696 2365 800 2429 ubi
844 2383 1014 2426 mens
1058 2365 1236 2425 rediit
1284 2373 1345 2424 et
1388 2370 1799 2444 contempsere
1846 2372 2240 2449 sequentem,

342 2467 446 2517 520
474 2455 562 2516 Ad
609 2472 925 2517 numerum
971 2455 1147 2513 motis
1192 2451 1445 2532 pedibus
1492 2451 1715 2514 duxere
1762 2452 2010 2514 choreas
2030 2499 2047 2514 .

472 2542 774 2622 Improbat
817 2541 923 2602 has
967 2548 1172 2620 pastor
1198 2587 1216 2621 ‚
1263 2539 1536 2619 saltuque
1581 2543 1845 2603 imitatus
1890 2544 2114 2621 agresti

473 2631 710 2693 Addidit
754 2630 1027 2691 obscenis
1074 2630 1337 2690 convicia
1382 2630 1609 2689 rustica
1652 2628 1863 2691 dictis:

473 2718 597 2778 Nec
642 2720 809 2798 prins
857 2736 922 2779 os
969 2719 1199 2798 tacuit,
1258 2735 1434 2795 quam
1488 2724 1730 2797 guttura
1786 2717 2050 2778 condidit
2108 2717 2311 2782 arbor.

481 2808 669 2866 ιιι-[ωι-
721 2810 877 2866 enirn
922 2813 1058 2867 est:
1105 2822 1249 2866 suco
1294 2805 1474 2866 liceat
1517 2822 1879 2884 cognoscere
1924 2824 2154 2869 mores.

348 2910 449 2958 525
481 2898 709 2974 >Quippe
765 2902 959 2955 nutam
1002 2892 1236 2972 linguae
1284 2892 1447 2954 bacis
1492 2892 1745 2955 oleaster
1791 2896 2006 2954 amaris

481 2986 773 3042 Exhihet:
821 2984 1106 3062 asperitas
1149 2981 1470 3043 verborum
1515 2983 1697 3042 cessit
1740 2983 1803 3042 in
1845 2981 2006 3043 illas·
2100 2995 2307 3041 ιαονι.

569 3074 717 3130 ilinc
769 3070 869 3130 uhi
902 3069 1079 3149 legati
1124 3068 1358 3130 rediere
1382 3116 1402 3150 ‚
1447 3077 1657 3149 negata
1701 3069 1962 3131 ferentes

481 3166 653 3221 Arum
705 3158 902 3218 Aetola
949 3157 1062 3220 sibi
1087 3204 1106 3238 ‚
1151 3157 1359 3220 Rutuli
1403 3159 1532 3218 sine
1576 3155 1802 3218 viribus
1847 3156 1965 3218 illis

485 3250 637 3306 Hella
681 3250 963 3309 irffitrueta
1000 3254 1218 3325 gerunt
1245 3294 1259 3308 .
1306 3245 1676 3324 multumque
1703 3244 1775 3305 ab
1804 3254 2059 3326 utraque
2088 3248 2303 3310 cruoris

352 3350 454 3398 ὣς]
489 3338 661 3394 Parte
713 3338 881 3394 [latur
911 3383 924 3396 .
980 3335 1099 3395 fert
1143 3352 1285 3395 ecce
1331 3333 1529 3395 avidas
1573 3334 1635 3394 in
1681 3335 1857 3414 pinea
1900 3334 2142 3396 Turnus

485 3426 665 3482 Texta
709 3426 861 3482 facea
893 3446 907 3502 3
953 3425 1239 3503 ignesque
1277 3424 1491 3484 timent
1513 3469 1532 3505 ,
1569 3421 1787 3500 quibus
1824 3422 1982 3484 unda
2018 3426 2304 3504 pepercit.

481 3514 717 3586 Iamque
769 3514 958 3588 picem
1004 3520 1065 3572 et
1111 3528 1279 3572 ceras
1326 3510 1720 3589 alimentaque
1766 3518 1968 3573 cetera
2009 3511 2264 3573 flammae
