2467 4042
608 244 658 296 EX
675 243 794 298 PONTO

652 441 747 516 VIII.

285 587 431 649 Redditus
454 593 500 648 est
522 584 609 647 nubis
632 584 740 648 Caesar
763 602 831 646 eum
853 584 980 647 Caesare
1004 605 1136 672 nuper,

333 675 415 748 Quos
438 673 511 736 mibi
534 675 662 756 misisti,
684 672 809 735 blaxime
832 672 939 754 Cotta,
964 674 1065 740 dees.

286 764 384 844 thue
407 771 493 826 tuum
511 779 620 825 munus
638 779 814 843 numerum,
832 780 921 841 quem
939 763 1057 847 debet,
1077 765 1213 844 haberet,

330 852 386 914 Est
407 851 449 915 ibi
472 850 647 913 Caesaribus
668 849 751 912 Livia
772 852 874 913 iuncta
895 852 979 914 suis.

256 942 450 1020 aelrgentum
473 939 542 1003 felix
565 941 705 1019 omnique
727 938 844 1001 beatius
866 957 957 1019 auro,

331 1029 439 1110 Quod,
462 1029 553 1091 luerit
574 1030 704 1108 pretium
728 1045 797 1089 eum
818 1027 916 1107 rude,
939 1046 1059 1093 numen
1085 1031 1197 1094 babet.

284 1117 350 1180 Nun
374 1117 447 1180 mibi
470 1116 586 1180 divitias
608 1115 704 1178 dando
727 1117 838 1178 maiora
860 1115 1015 1198 dedisses,

330 1205 492 1268 Caelitibus
515 1206 614 1267 missis
637 1212 739 1266 nostra
761 1204 817 1266 sub
841 1222 893 1266 ora
915 1203 1034 1267 tribus.

285 1294 339 1357 Est
360 1294 492 1375 aliquid,
515 1302 650 1373 spectare
672 1293 745 1355 dees
767 1302 799 1355 et
820 1293 922 1355 adesse
946 1303 1081 1376 putare,

238 1396 271 1446 ιο
330 1382 368 1445 Et
391 1386 477 1463 quasi
499 1400 567 1444 eum
590 1399 661 1444 vero
684 1383 805 1443 numine
827 1399 914 1462 pesse
938 1380 1042 1460 loqui.

286 1472 437 1545 Quantum
459 1489 531 1534 aveo
543 1517 554 1554 ,
576 1471 676 1552 redii,
704 1488 760 1532 nee
787 1488 834 1532 me
857 1477 940 1532 tenet
966 1470 1080 1532 ultima
1109 1473 1216 1553 tellus,

329 1559 427 1640 thue
450 1561 557 1642 prius,
580 1558 677 1620 media
699 1575 802 1639 sospes
824 1560 855 1620 in
878 1557 957 1619 Urbe
982 1576 1113 1624 meror.

285 1648 446 1711 Caesareas
469 1648 555 1709 video
578 1647 677 1709 vultus
689 1693 699 1730 ,
722 1648 803 1710 velut
825 1654 893 1708 ante
916 1645 1079 1709 videbam:

329 1736 384 1799 Vix
406 1737 496 1799 buius
519 1737 580 1798 voti
602 1754 672 1817 spes
693 1736 751 1798 luit
773 1735 833 1797 ulla
854 1734 945 1797 mibi.

238 1837 270 1887 15
285 1824 383 1905 thue
407 1823 569 1886 salutabam
591 1842 703 1887 numen
726 1824 874 1905 caeleste,
897 1824 1010 1885 salute.

329 1913 415 1986 Quod
438 1913 543 1975 reduci
565 1912 702 1994 tribuas,
725 1913 789 1993 nil,
811 1920 906 1994 puto,
929 1912 1026 1974 maius
1051 1912 1177 1977 babes.

284 2001 497 2071 Quidnestris
521 2002 615 2063 oeulis
638 2004 697 2063 nisi
719 2000 781 2063 sula
803 1999 913 2062 Palatia
935 1998 1077 2063 desunt?

298 2099 300 2102 ’
328 2088 386 2160 Qui
409 2089 515 2172 loeus,
538 2089 636 2151 ablato
658 2089 805 2171 Caesare,
828 2090 893 2151 vilis
916 2091 990 2151 erit.

284 2177 371 2240 Hune
400 2196 454 2259 ege
482 2196 551 2240 eum
578 2186 732 2259 spectem,
761 2179 863 2241 uideor
890 2177 963 2239 mihi
988 2193 1135 2241 eernere.

832 2266 972 2347 Remam3
1175 2281 1214 2333 (aa

236 2365 270 2416 20
328 2354 402 2417 Nam
424 2357 537 2436 patriae
560 2356 666 2418 faeiem
688 2356 817 2417 sustinet
837 2354 888 2417 ille
910 2371 998 2417 suae.

283 2442 382 2505 Faller
393 2487 403 2521 ,
426 2461 464 2505 an
486 2445 555 2506 irati
577 2443 650 2505 mibi
673 2444 796 2505 suntin
818 2444 946 2522 imagine
969 2441 1094 2525 vultus,

331 2530 486 2612 Terraque
509 2533 610 2594 nescio
634 2531 705 2612 quid
728 2533 821 2593 ferma
845 2532 985 2594 minanda
1007 2529 1135 2595 babet?

283 2618 378 2681 Parce
390 2667 399 2701 ,
421 2621 466 2681 vir
488 2621 625 2682 inmenso
647 2622 742 2683 maier
765 2619 924 2683 virtutibus
946 2617 1038 2699 erbe,

329 2707 468 2787 lustaque
492 2708 639 2771 vindictae
662 2710 814 2788 supprime
837 2710 921 2770 trena
943 2715 1032 2772 tuae.

236 2806 270 2857 25
284 2795 400 2876 Parce,
422 2814 553 2876 precor,
575 2796 665 2859 saecli
688 2796 779 2859 decus
802 2796 959 2864 indelebile
983 2798 1105 2878 nestri,

329 2883 491 2947 Terrarum
514 2884 779 2964 dominum'quem
802 2903 856 2947 sua
879 2903 952 2947 eura
974 2885 1061 2945 laeit.

283 2972 341 3035 Per
364 2975 476 3052 patriae
499 2990 631 3055 nemen,
659 2991 734 3054 quae
757 2981 788 3036 te
811 2972 866 3036 tibi
887 2975 984 3036 carior
1004 2973 1074 3051 ipso
1102 2983 1174 3055 est,

328 3060 386 3124 Per
409 3078 571 3141 numquam
593 3061 701 3124 surdos
723 3065 755 3123 ln
778 3069 830 3124 tua
853 3070 919 3124 veta
942 3061 1031 3140 deus,

283 3149 401 3229 Perque
424 3152 482 3213 turi
505 3152 638 3234 seciam,
661 3168 736 3232 quae
758 3168 813 3232 par
836 3149 890 3212 tibi
913 3150 976 3212 sola
998 3158 1127 3229 reperta
1152 3161 1200 3215 est
1207 3197 1213 3230 ,

235 3249 269 3299 30
327 3236 366 3299 Et
389 3239 440 3300 eui
460 3240 599 3302 maiestas
622 3257 683 3302 non
706 3255 832 3302 onerosa
854 3247 906 3300 tua
928 3247 991 3301 est:

283 3326 401 3405 Perque
424 3326 480 3390 tibi
503 3326 629 3390 similem
652 3329 771 3391 vlrtutis
793 3331 921 3408 imagine
944 3335 1065 3409 nalum,

328 3414 462 3477 Moribus
485 3416 626 3495 adgnosci
648 3419 701 3497 qui
723 3421 793 3478 tuus
817 3435 882 3478 esse
905 3424 1027 3498 potest,

282 3501 400 3579 Perque
423 3511 491 3564 tues
514 3504 561 3565 vel
583 3521 636 3564 aro
660 3505 788 3586 dignos,
811 3504 857 3566 rel
879 3513 963 3586 patre
986 3511 1139 3586 nepotes,

327 3587 386 3657 Qui
408 3592 531 3651 veniunt
553 3607 660 3669 magne
682 3609 738 3671 per
761 3600 811 3653 tua
834 3594 916 3655 iussa
937 3592 1051 3673 gradua
