2467 4042
468 215 518 266 111.
536 217 695 268 133-106.
1023 213 1085 276 167

26 445 27 466 ,
124 393 153 443 tc
210 378 319 440 Ultima
340 397 409 459 pars
433 380 547 438 animae
570 377 641 438 dum
665 377 738 438 mibi
760 385 873 459 restat,
897 379 985 440 ades.

168 468 312 546 Quodque
336 485 391 545 ego
410 474 615 545 praestarem,
639 467 665 525 si
687 473 717 526 te
737 468 829 543 magis
852 468 916 543 ipse
940 465 1085 547 valerem,

211 553 242 616 id
266 556 339 615 mibi
350 602 360 636 ,
384 572 452 614 cum
475 552 570 613 veieas
594 552 702 613 fortius
724 555 811 635 ipsa,
833 554 929 614 refer.

166 643 264 722 Exigit
286 643 343 704 boc
367 642 483 703 socialis
507 659 588 701 amor
612 641 776 719 foedusque
801 644 958 703 maritum:

210 731 343 791 Moribus
366 729 445 810 boc,
468 731 597 790 coniunx
609 776 619 809 ,
643 731 736 806 exigis
759 731 823 808 ipsa
845 731 926 791 tuis.

121 831 152 881 75
167 818 229 880 Hoc
252 818 353 879 domui
376 817 490 896 debes,
513 817 550 877 de
574 835 631 896 qua
651 819 806 896 censeris,
828 825 863 877 ut
884 817 963 877 iiiam

209 905 276 967 Non
298 907 391 984 magis
414 906 521 965 oiiiciis
544 922 632 984 quam
656 904 802 984 probitate
826 904 921 966 colas.

167 994 280 1057 Cuncta
302 994 373 1055 licet
395 993 508 1072 iacias,
530 995 588 1052 nisi
611 995 672 1053 eris
695 991 849 1053 laudabilis
873 1011 965 1074 uxor,

210 1082 274 1143 Non
298 1084 409 1160 poterit
432 1080 514 1141 credi
536 1079 644 1141 Marcia
668 1080 747 1141 culta
771 1080 841 1142 tibi.

165 1170 226 1232 Nec
249 1188 352 1231 sumus
374 1169 506 1250 indigni:
539 1185 617 1249 nec,
641 1170 666 1228 si
690 1171 733 1229 vis
756 1186 826 1228 vera
848 1168 951 1249 fateri,

119 1271 152 1320 80
211 1257 342 1320 Debetur
365 1259 479 1317 meritis
501 1258 595 1335 gratia
620 1256 699 1316 nulia
722 1258 814 1316 meis.

165 1345 310 1406 Redditur
332 1345 382 1405 ilia
404 1343 524 1424 quidem
547 1345 652 1421 grandi
675 1362 743 1404 cum
767 1345 869 1405 iecore
893 1345 996 1426 nobis,

210 1433 344 1512 Necte,
369 1435 395 1491 si
418 1433 517 1510 cupiat
528 1478 539 1510 ,
562 1430 679 1491 laedere
702 1450 806 1493 rumor
827 1431 933 1494 babet:

167 1520 225 1581 Sed
248 1529 346 1582 tameo
368 1519 425 1579 boc
448 1520 535 1579 iactis
557 1518 684 1598 adiunge
708 1519 858 1599 prioribus
881 1538 991 1602 uuum,

212 1608 271 1669 Pro
295 1609 406 1668 nostris
430 1615 462 1667 ut
486 1609 527 1667 sis
550 1606 704 1667 ambitiosa
728 1608 828 1668 maiis.

119 1708 152 1758 85
167 1695 205 1757 Ut
228 1698 326 1756 minus
349 1694 456 1755 infesta
479 1697 590 1755 iaceam
612 1699 757 1775 regione,
780 1695 897 1777 labora,

212 1783 321 1845 Claude
343 1800 399 1844 nec
423 1783 513 1844 officii
535 1800 604 1861 pars
628 1786 687 1844 erit
710 1782 767 1844 uila
790 1787 852 1845 tui.

166 1872 269 1950 Magna
292 1879 383 1951 peto,
407 1870 542 1931 sednon
565 1880 665 1931 tamen
688 1871 832 1932 invidiosa
854 1876 987 1951 roganti:

211 1959 309 2038 thue
332 1977 365 2019 ea
389 1977 449 2019 non
472 1967 596 2040 teneas,
620 1968 683 2020 tuta
706 1960 825 2039 repulsa
848 1969 898 2021 tua
921 1969 983 2022 est.

165 2048 226 2110 Nec
250 2048 322 2109 mibi
346 2065 512 2125 succense,
535 2050 644 2108 totiens
668 2050 695 2108 si
718 2050 847 2108 carmine
871 2057 973 2109 nostro
1041 2065 1084 2117 (act

117 2149 152 2198 90
211 2136 297 2209 Quod
320 2136 392 2196 iacis
405 2183 414 2215 ‚
438 2145 472 2196 ut
494 2137 584 2196 iacias
596 2182 606 2215 ,
630 2144 718 2215 teque
742 2138 881 2217 imitere,
905 2155 996 2216 rogo.

166 2224 307 2285 Fortibus
330 2225 459 2284 assuevit
482 2222 602 2284 tubicen
626 2224 792 2304 prodesse3
815 2242 929 2303 suoque

210 2312 276 2373 Dux
298 2310 374 2372 bene
397 2314 557 2390 pugnantis
579 2313 683 2372 incitat
705 2330 757 2373 ore
781 2314 881 2374 viros.

165 2399 241 2461 Nota
265 2408 314 2459 tua
338 2407 385 2459 est
406 2399 539 2478 probitas
562 2408 729 2477 testataque
754 2408 871 2479 tempus
893 2404 925 2462 in
948 2419 1052 2464 omne:

211 2487 256 2548 Sit
279 2489 373 2547 virtus
396 2489 485 2548 etiam
509 2505 567 2547 non
591 2487 737 2567 probitate
761 2490 875 2549 minor.

116 2586 152 2637 95
166 2575 231 2636 Non
255 2573 309 2637 ribi
332 2575 488 2636 Amazonia
511 2585 558 2636 est
580 2594 635 2655 pro
660 2594 706 2636 me
730 2576 872 2637 sumenda
895 2581 1027 2660 securis,

210 2663 389 2724 intercisa
412 2663 469 2725 leri
490 2663 570 2743 pelta
593 2663 722 2742 gerenda
746 2682 851 2727 manu.

164 2752 282 2814 Numen
306 2752 487 2813 adorandum
511 2760 579 2813 est:
609 2771 669 2813 non
693 2762 726 2814 ut
749 2753 821 2814 mihi
844 2755 895 2815 bat
917 2758 1062 2838 amicum,

211 2840 269 2903 Sed
293 2842 332 2901 sit
355 2850 390 2902 ut
411 2844 520 2902 iratum
533 2889 542 2921 ,
566 2860 655 2921 quam
678 2842 734 2903 fuit
757 2850 825 2903 ante
838 2891 847 2923 ,
871 2846 986 2906 minus.

166 2928 266 2990 Gratia
288 2932 314 2990 si
338 2929 417 2991 nulia
440 2937 508 3008 est,
532 2929 669 2991 lacrimae
692 2930 748 2991 tibi
769 2934 862 3009 gratia
885 2933 976 2993 dent.

98 3028 152 3079 100
212 3016 272 3076 iiac
295 3027 381 3095 potes
404 3026 455 3077 aut
477 3017 556 3078 nulia
580 3027 664 3095 parte
687 3036 805 3078 movere
829 3018 917 3080 deos.

166 3103 248 3175 Quae
272 3104 385 3164 tibine
409 3105 507 3164 desint
519 3150 529 3185 ,
551 3103 628 3165 bene
651 3124 705 3183 per
723 3104 799 3165 mala
822 3115 922 3166 nostra
946 3115 1084 3188 caretur3

210 3191 316 3270 Meque
339 3194 402 3251 viro
425 3192 516 3252 flendi
540 3194 624 3270 copia
646 3192 728 3252 dives
751 3191 852 3254 adest.

165 3279 263 3358 thue
286 3297 368 3339 meae
393 3297 443 3340 res
466 3288 536 3339 sunt
548 3326 558 3359 ,
581 3281 684 3359 ornni,
706 3290 801 3360 puto,
824 3289 958 3362 tempore
981 3281 1083 3345 ssebis.

209 3367 269 3429 Has
292 3367 410 3429 fortuna
435 3366 489 3427 tibi
512 3375 613 3428 nostra
638 3371 785 3429 ministret
808 3387 898 3448 opes.

97 3468 149 3518 105
166 3456 198 3517 Si
221 3475 284 3517 mea
304 3474 385 3517 mors
403 3454 575 3517 redimenda
594 3466 667 3538 tua,
690 3457 769 3537 quod
790 3456 966 3540 abominor,
986 3467 1083 3539 esset,

208 3545 326 3607 Admeti
348 3548 500 3626 coniunx,
523 3563 611 3626 quam
635 3549 828 3628 sequereris,
851 3555 931 3607 erat.

1216 3007 1218 3068 i

1216 3071 1217 3130 i
