2467 4042
449 267 480 317 V.
500 269 647 319 ost—722.
698 275 700 279 “

135 425 214 486 Talia
238 426 403 488 Mercurius
426 437 583 507 poscentes
607 427 684 488 ridet
706 426 742 488 ab
766 428 840 508 alto,

113 525 115 529 ’
180 513 218 573 Se
242 532 354 574 memor
377 514 512 595 Ortygias
536 518 717 593 surripuisse
740 514 848 575 boves.

38 664 40 701 ¹
336 708 340 715 »
477 679 529 742 20.
552 675 613 743 Do

38 752 41 789 Ι

38 850 39 879 ι
134 821 171 879 At
194 820 265 881 mihi
288 821 403 902 pande,
427 839 555 901 precor,
579 828 659 881 tanto
684 819 804 880 meliora
827 822 956 900 petenti,

38 932 43 991 r
178 907 211 968 ln
235 908 374 970 Geminos
397 928 431 969 ex
456 927 515 987 quo
539 917 671 988 tempore
695 906 831 968 Phoebus
855 916 918 968 eat.

68 1008 120 1055 sss
136 990 227 1056 Cum
250 997 373 1057 totidem
396 996 433 1057 de
456 1015 557 1057 mense
581 996 645 1058 dies
668 1013 824 1074 superesse
848 994 977 1074 videbis,

38 1145 40 1152 ,
179 1083 256 1153 Quot
280 1094 349 1145 sunt
372 1084 510 1144 Herculei
534 1086 609 1144 laeta
632 1078 756 1144 laboris'
781 1086 837 1143 ait.

37 1201 40 1207 ·
134 1165 217 1230 ‘llio’
241 1190 295 1250 ego
320 1167 491 1251 respondi
498 1190 616 1233 eausam
641 1171 712 1232 mihi
735 1171 841 1231 sideris
863 1166 986 1231 huius.'

38 1295 47 1332 ,,
177 1258 301 1320 Causam
324 1260 450 1321 laoundo
474 1260 601 1320 reddidit
624 1278 675 1321 ore
699 1259 792 1320 deus:
889 1314 895 1323 .

134 1341 340 1408 ‘Abstulerant
361 1356 460 1427 raptas
482 1347 622 1408 Phoeben
645 1346 838 1426 Phoebesque
862 1365 994 1408 sororem

38 1446 119 1497 aaut)
177 1433 360 1513 Tyndaridae
384 1435 491 1495 fratres
504 1483 513 1515 ,
536 1436 584 1496 hio
607 1453 721 1516 eques,
744 1434 793 1495 ille
816 1434 914 1514 pugil.

38 1564 45 1601 ,
132 1520 212 1581 Bella
235 1533 339 1601 parant
351 1570 360 1603 ,
384 1531 581 1602 repetuntque
604 1541 673 1583 suas
696 1531 726 1583 et
749 1523 840 1583 irater
863 1532 893 1583 et
915 1523 997 1603 ldas,

176 1609 327 1690 Leucippo
351 1612 416 1671 fieri
438 1619 541 1690 pactus
566 1619 691 1690 uterque
714 1628 822 1690 geum.
876 1624 878 1628 ·

133 1693 185 1758 llis
209 1716 313 1779 amor,
335 1707 370 1759 ut
391 1707 548 1780 repetant,
570 1698 651 1779 illis,
674 1707 708 1759 ut
730 1698 854 1759 reddere
879 1698 989 1777 nolint,

38 1846 50 1868 ,
177 1786 310 1866 Suadet3
334 1795 364 1847 et
385 1805 422 1847 en
445 1805 533 1848 eausa
555 1796 666 1866 pugnat
690 1796 815 1866 uterque
838 1788 918 1865 pari.

44 1884 118 1952 ,⁷05
132 1873 270 1953 liliugere
294 1873 450 1935 Oebalidae
473 1893 563 1935 orrrsu
586 1884 710 1954 potuere
734 1882 910 1956 sequentes,

42 2041 44 2044 Α
177 1961 236 2023 Sed
260 1965 354 2024 visum
379 1963 469 2023 aeleri
491 1966 609 2023 vincere
633 1973 720 2043 turpe
744 1963 829 2041 luga.

43 2090 52 2133 ς
131 2049 220 2111 Liber
243 2049 279 2111 ab
303 2050 458 2111 arboribus
481 2051 564 2112 locus
587 2058 654 2132 est,
678 2060 744 2130 apta
767 2069 835 2111 area
857 2069 988 2130 pugnae:

38 2182 51 2217 „
175 2139 376 2200 Constiterant
398 2139 479 2200 illio.
520 2157 628 2200 nomen
652 2139 784 2219 Aphidna
806 2138 890 2199 loco

40 2216 53 2312 3
133 2225 258 2287 Pectora
281 2227 423 2288 traiectus
445 2226 562 2306 Lynceo
586 2227 691 2287 Castor
714 2225 749 2287 ab
773 2244 844 2287 ense

38 2323 120 2403 ,tto
177 2315 242 2375 Non
266 2323 420 2394 expectato
445 2314 564 2375 volnere
587 2317 697 2394 pressit
720 2314 860 2375 humum

135 2401 216 2464 Ultor
240 2403 323 2464 adest
346 2402 471 2484 Pollux,
495 2411 525 2463 et
547 2402 663 2482 Lyncea
686 2403 817 2483 perforat
840 2401 922 2462 hasta

38 2548 53 2573 ,2
176 2491 241 2561 Qua
264 2493 363 2552 cervix
386 2509 506 2551 umeros
529 2494 699 2552 continuata
721 2492 847 2593 premit.

38 2568 55 2676 J,
135 2576 226 2639 lbat
218 2597 249 2639 m
274 2578 352 2640 buno
375 2578 440 2640 ldas
453 2580 593 2660 ,nixque
617 2588 663 2639 est
685 2579 793 2639 loris
785 2597 852 2658 rgne
876 2577 1031 2658 repulsus,

42 2668 43 2671 ’
176 2665 247 2726 Tela
271 2675 369 2727 tamen
393 2667 512 2728 dextrae
536 2667 659 2727 fulmine
684 2675 765 2746 rapta
788 2674 913 2746 negant.

38 2444 54 2495 ,l

38 2720 121 2814 Ἤ
136 2752 252 2834 lamque
277 2755 353 2835 tibi,
375 2754 501 2835 Pollux,
525 2755 638 2815 caelum
662 2755 787 2816 sublime
811 2753 945 2834 patebat,

176 2842 251 2903 Cum
274 2837 393 2903 “mea'’
418 2838 562 2904 dixisti“
564 2845 685 2923 percipe
709 2843 819 2916 verba,
843 2841 943 2922 pater!

136 2927 217 2998 Quod
242 2930 314 2991 milri
337 2932 388 2992 das
412 2934 465 2991 uni
488 2931 601 2992 caelum
615 2934 757 3013 ,partire
781 2930 915 2992 duobus:
930 3021 934 3027 ι

178 3017 335 3080 dimidium
358 3027 420 3080 toto
444 3037 567 3080 munere
590 3023 685 3080 maius
709 3014 812 3081 erit.''

38 3075 49 3121 ³⁰
136 3101 211 3165 Dixit
232 3116 263 3167 et
285 3107 397 3168 alterna
420 3107 543 3168 lratrem
566 3110 692 3169 statione
716 3108 858 3169 redemit

38 3197 123 3297 ,720
179 3191 253 3255 Utile
277 3195 419 3256 sollicitae
443 3195 525 3256 sidus
550 3204 710 3275 utrumque
734 3191 825 3257 rati.'

41 3330 56 3384 d

37 3419 52 3472 A

378 3360 429 3425 21.
452 3358 480 3424 E
500 3356 649 3423 AGON·
656 3357 702 3424 Ν)

38 3517 55 3561 r
138 3495 179 3557 Ad
200 3499 301 3562 lanum
324 3503 448 3585 redeat,
471 3506 523 3582 qui
546 3505 684 3582 quaerit,
708 3503 819 3582 Agonia
839 3504 911 3584 ¹quid
936 3505 1013 3564 sint:

37 3581 64 3717 1235
180 3585 259 3656 erae
282 3598 379 3652 tamen
403 3593 434 3651 in
458 3593 540 3652 lastis
563 3592 620 3652 hoo
639 3609 757 3670 quoque
781 3600 898 3671 tempus
921 3589 1046 3652 habent.

43 3692 59 3736 r
