2467 4042
182 246 242 312 ne
568 228 816 311 nnnnrnes.

263 402 399 478 perfide,
422 401 559 464 sensisti.
582 401 654 478 quis
668 401 750 462 enim
764 403 845 465 bene
859 403 940 465 celat
952 415 1113 468 emerent

305 486 426 547 Eminet
441 485 555 547 indicio
569 486 694 563 prodita
708 485 832 547 flemme
847 504 916 549 sue.

262 571 378 632 Dicitur
391 569 508 633 interea
523 570 576 631 tibi
590 571 657 643 lex,
680 578 714 632 ut
728 571 807 632 dura
822 572 959 632 ferorum

221 666 256 718 te
308 654 436 716 Insolito
452 670 612 732 premeres
625 669 753 715 vomere
766 657 847 716 eolla
860 655 964 718 boum.

263 739 369 800 Martis
384 745 471 800 erant
483 738 562 800 tauri
577 740 754 816 plusquam
769 756 827 815 per
841 755 958 802 cornea
970 744 1069 820 saevi,

306 824 441 899 Quorum
454 823 599 885 terribilis
613 823 740 900 spiritns
754 824 834 900 ignis
849 831 930 885 eretz

262 910 344 968 Aere
357 909 456 985 pedes
471 907 580 982 solidi,
603 914 826 985 praetentaque
840 908 970 972 neribus
982 927 1066 991 eene,

303 993 395 1068 Nigra
408 1009 465 1070 per
478 991 613 1054 adflatus
627 991 706 1054 haee
722 1008 848 1068 quoque
861 995 943 1055 reete
958 1010 1046 1058 snos.

219 1085 253 1140 45
265 1076 390 1138 Semina
404 1083 565 1153 praeterea
579 1077 715 1154 populos
732 1077 873 1153 geniture
886 1077 1001 1140 iuberis

306 1160 461 1237 Spargere
478 1161 592 1223 devote
604 1163 667 1224 lete
681 1177 737 1238 per
750 1178 826 1223 arva
838 1179 940 1236 menn,
1003 1208 1008 1217 .

263 1245 320 1321 Qui
337 1253 475 1321 peterent
488 1246 569 1307 netis
583 1261 690 1307 seeum
703 1252 756 1306 tua
771 1261 903 1324 corpere
916 1247 1000 1310 toties

303 1330 360 1390 ltla
374 1336 423 1392 est
435 1330 595 1406 agrimtee
604 1329 718 1392 messis
731 1331 838 1408 iniqua
852 1346 921 1392 sue.

262 1415 391 1475 Lumine
405 1416 560 1490 custodis,
581 1414 785 1477 meeumbere
798 1416 905 1477 neseis
918 1429 1039 1493 somne,

220 1511 255 1563 50
306 1499 439 1561 Ultimus
455 1506 503 1561 est
517 1500 622 1575 alique
636 1498 782 1576 decipere
795 1506 861 1561 erte
874 1500 972 1563 labor.

263 1584 388 1645 Dixerat
402 1586 526 1646 Aeetes.
549 1584 659 1646 maesti
674 1584 862 1660 eonsurgitis
875 1599 993 1660 ornnes,

301 1668 474 1745 Mensaque
489 1684 663 1745 purpureos
679 1669 794 1730 deserit
807 1671 870 1731 site
882 1675 980 1731 tores.

263 1753 358 1828 Quam
371 1752 426 1814 tibi
441 1760 517 1816 tune
530 1754 623 1830 longe
636 1768 766 1830 regnum
779 1753 883 1815 dotale
897 1754 1036 1817 creusae

303 1840 342 1899 Et
357 1854 450 1900 socer
464 1846 495 1900 et
508 1837 610 1914 magni
626 1844 698 1899 nate
713 1838 851 1900 Creontis
865 1844 973 1899 erentt

219 1934 253 1985 55
263 1922 370 1984 Tristis
385 1922 462 1984 nbis.
485 1923 584 1985 oeulis
599 1921 764 1984 abeuntem
779 1938 960 1998 prosequor
968 1922 1049 1997 ndis,

302 2008 341 2068 Et
355 2007 434 2069 dixit
445 2007 532 2070 tenni
543 2022 699 2069 murmure
712 2007 818 2082 lingna
832 2007 944 2067 ‘vetet‘

260 2092 301 2153 Ut
317 2093 452 2169 positum
465 2092 550 2169 tetigi
564 2091 699 2153 melaino
713 2092 794 2153 mele
808 2091 916 2152 sanein
929 2093 1051 2167 leeturn,

302 2181 382 2238 Aeta
395 2183 445 2238 est
459 2193 517 2253 per
535 2176 679 2239 interimas
691 2191 756 2238 nex
769 2175 857 2248 nihi,
882 2181 998 2252 quante
1011 2176 1076 2239 mit

259 2261 341 2323 Ante
356 2262 465 2322 oeulos
479 2260 622 2337 taurique
636 2274 724 2323 meos
740 2267 927 2337 segetesque
940 2260 1103 2334 neiendee,

218 2355 252 2408 60
304 2347 385 2406 Ante
399 2362 487 2408 meos
502 2347 612 2408 deuios
626 2345 756 2422 pervigil
770 2344 880 2421 anguis
893 2351 969 2406 erat.

260 2431 453 2504 timeamus,
476 2430 718 2492 hinetimorest
740 2428 1207 2506 ipsumtimoreugetamerem

300 2515 392 2575 Mane
406 2522 486 2588 eret,
509 2521 540 2576 et
552 2514 688 2577 thelame
703 2529 777 2576 eure
792 2521 921 2590 recepta
934 2528 1027 2576 seror

259 2599 488 2677 Disiectamque
501 2615 609 2660 mmes
624 2599 820 2675 adversaque
834 2598 864 2659 in
881 2614 937 2661 orn
950 2598 1101 2660 iacentem

302 2684 434 2761 invenit,
456 2690 488 2745 et
501 2683 636 2745 leerimis
650 2683 754 2745 omnia
768 2684 861 2759 plene
873 2680 962 2745 meis.

217 2779 250 2831 65
264 2768 336 2829 Orat
350 2785 443 2845 opem
457 2768 582 2847 Minyis.
604 2768 682 2845 petit
695 2768 807 2842 nitere,
827 2775 859 2829 et
871 2769 968 2828 nitere
980 2765 1131 2851 hebetetg

300 2854 440 2914 Aesonio
456 2852 560 2915 iuveni
575 2852 661 2928 quod
674 2859 765 2928 rogat
778 2852 846 2926 ille,
866 2852 985 2913 demus.

259 2938 314 2998 Est
327 2953 435 2999 nemus
450 2944 481 2998 et
494 2937 592 3015 pieeis
607 2943 638 2998 et
651 2935 813 2998 irondibns
827 2935 906 2997 iiieis
921 2942 1029 3012 atrum,

303 3023 362 3082 Vix
377 3022 448 3084 itlue
462 3023 557 3083 radiis
573 3021 650 3083 solis
665 3021 752 3083 edire
765 3021 846 3082 lieet.

260 3105 338 3166 Sunt
351 3107 381 3166 in
397 3123 468 3168 eo...
485 3108 607 3169 ruerent
621 3111 734 3167 certe...
750 3104 879 3166 delubra
894 3104 1029 3168 Dieneee

129 3213 134 3226 ·
217 3198 250 3252 70
303 3192 406 3252 Aurea
419 3189 582 3252 barbaries
595 3195 656 3252 stet
670 3189 731 3251 dee
744 3191 825 3250 reeta
839 3205 942 3250 menn.

258 3274 384 3347 Nescis,
404 3291 444 3335 nn
458 3275 642 3337 exciderunt
653 3289 774 3336 meeum
792 3274 883 3335 locet
902 3273 1052 3335 Venimus
1065 3273 1156 3336 tiltres

301 3358 399 3421 Orsus
413 3374 449 3420 es
462 3357 560 3420 infido
575 3359 623 3422 sie
637 3359 724 3437 prior
737 3373 795 3420 ore
809 3355 903 3434 toqui·

258 3444 323 3505 ‘lus
337 3442 392 3503 tibi
406 3449 437 3504 et
449 3443 606 3525 arbitritum
623 3451 749 3505 nostrae
760 3444 883 3504 fortuna
898 3441 1008 3504 salmis

299 3526 450 3603 Tradidit,
472 3527 568 3604 inque
581 3537 633 3591 tue
647 3536 698 3590 est
712 3526 836 3602 viteque
849 3541 998 3603 morsque
1012 3541 1116 3589 menn.
