2467 4042
436 242 469 294 V.
488 252 522 295 1v
535 244 628 294 48-v
643 244 684 294 64.

145 401 274 464 Consilio
298 404 418 482 lugiunt
440 404 582 485 aethera,
604 403 722 485 Ponte,
745 412 847 466 tuum.

145 491 299 573 Consilio,
322 509 478 553 commune
503 510 620 553 sacrum
643 510 713 553 cum
735 493 840 553 iiatin
862 511 913 554 ara

145 578 323 662 Fratribus,
347 579 459 641 alterna
483 583 536 660 qui
557 583 675 659 periere
698 598 806 662 manu,

98 679 130 727 35
145 667 212 745 lpsa
235 666 292 728 sibi
315 668 453 748 discors,
476 676 626 747 tamquam
649 668 806 729 mandetur
829 668 866 729 ab
888 667 965 749 illis,

146 755 300 817 Scinditur
322 757 354 815 in
376 763 477 836 partes
501 764 564 817 atra
587 755 684 817 favilla
707 756 796 818 duas.

144 842 232 923 Hoc,
255 844 399 925 memini,
423 844 571 924 quondam
594 845 660 905 lieri
683 861 743 913 non
766 862 853 923 posse
876 843 1037 927 loquebar,

145 931 186 992 Et
208 948 256 992 me
279 930 428 993 Battiades
450 932 548 993 iudice
572 932 664 993 salsus
688 941 768 993 erat:

147 1018 253 1079 Omnia
275 1036 356 1080 nunc
379 1019 492 1100 credo,
516 1038 584 1081 oum
607 1027 642 1081 tu
665 1038 724 1081 non
748 1020 857 1082 stultus
881 1020 917 1081 ab
940 1030 1022 1082 arcto

96 1118 130 1168 40
144 1107 262 1187 Terga,
285 1125 398 1188 vapor,
421 1108 539 1168 dederis
562 1109 782 1187 Ausoniamque
805 1115 908 1188 petas.

144 1194 224 1255 Haeo
248 1213 319 1274 ergo
342 1194 394 1256 lux
417 1204 485 1276 est,
510 1214 585 1276 quae
609 1199 638 1258 si
658 1214 718 1257 non
741 1204 806 1258 orta
829 1196 952 1279 luisset,

145 1282 231 1343 Nulla
255 1282 312 1344 luit
334 1285 445 1344 misero
468 1285 544 1345 lesta
566 1284 693 1346 videnda
715 1285 804 1346 mihi.

146 1369 248 1430 Edidit
270 1370 343 1431 baec
366 1389 466 1433 mures
488 1371 547 1433 illis
569 1371 703 1433 heroisin
726 1391 855 1454 aequos,

149 1456 224 1528 Quis
247 1466 312 1520 erat
334 1458 441 1520 Eetion
464 1460 637 1538 Icariusque
660 1468 762 1540 pater.

98 1545 220 1606 tulleta
243 1546 386 1626 pudicitia
409 1556 455 1608 est
477 1543 501 1627 †
524 1550 616 1609 moris
635 1548 831 1628 probitasque
854 1548 1005 1626 fidesque:

147 1635 185 1695 dt
207 1652 268 1695 non
291 1644 362 1696 sunt
384 1637 441 1696 ista
464 1637 571 1715 gaudia
592 1643 661 1697 nata
685 1637 750 1718 die,

146 1721 205 1782 Sed
228 1722 313 1784 labor
336 1730 367 1783 et
389 1741 479 1785 curae
502 1726 682 1803 fortunaque
705 1724 839 1786 moribus
861 1726 974 1805 impar,

146 1808 286 1890 lustaque
310 1810 347 1872 de
371 1812 460 1874 viduo
483 1831 577 1892 paene
602 1812 732 1891 querella
755 1820 837 1874 toro.

149 1897 269 1959 Scilicet
292 1899 424 1961 adversis
446 1900 579 1980 probitas
603 1903 733 1962 exercita
756 1899 847 1985 rebus

97 1997 132 2046 eo
147 1985 238 2048 Tristi
262 1990 416 2049 materiam
438 1996 573 2067 tempore
595 1988 691 2050 laudis
713 1988 820 2051 babet.

148 2073 181 2135 Si
204 2074 277 2135 nihil
299 2076 402 2137 inlesti
424 2076 518 2138 durus
541 2077 665 2137 vidisset
687 2076 804 2157 Ulixes,

147 2162 295 2241 Penelope
319 2161 389 2224 lelix
401 2210 410 2244 ,
435 2164 487 2225 sed
511 2167 575 2226 sine
598 2165 685 2225 laude
709 2165 804 2226 loret.

147 2249 248 2311 Victor
270 2250 430 2312 Echionias
454 2255 480 2313 si
502 2255 547 2314 vir
570 2261 756 2334 penetrasset
778 2255 809 2313 in
833 2270 935 2334 eroes,

147 2336 284 2400 Forsitan
306 2338 450 2401 Euadnen
474 2342 521 2402 rix
545 2359 598 2402 sua
621 2348 724 2402 nosset
746 2341 873 2401 humus.

99 2437 133 2487 ee
148 2426 223 2487 Cum
245 2425 326 2488 Pelia
349 2431 465 2507 genitae
488 2437 534 2489 tot
556 2431 639 2510 sint,
663 2447 718 2489 cur
740 2428 848 2490 nobilis
871 2447 930 2490 una
953 2424 1025 2490 est?

148 2514 262 2594 Nempe
285 2516 342 2577 luit
363 2518 474 2578 misero
497 2525 590 2596 nupta
614 2517 694 2596 quod
718 2535 778 2577 una
799 2519 881 2578 viro.

148 2601 264 2684 Effice,
287 2610 321 2665 ut
343 2603 447 2666 lliacas
470 2613 571 2684 tangat
592 2607 676 2684 prior
699 2604 773 2667 alter
797 2604 940 2667 barenas:

147 2690 305 2753 Laodamia
329 2692 402 2753 nibil
425 2711 480 2754 our
503 2694 674 2773 reseratur,
698 2696 763 2755 erit.

147 2779 186 2840 Et
208 2788 280 2861 tua,
304 2781 383 2860 quod
407 2782 509 2843 malles
521 2830 531 2861 ,
553 2785 648 2863 pietas
671 2783 772 2861 ignota
795 2789 945 2863 maneret,

101 2878 135 2929 60
150 2866 311 2947 Implerent
333 2872 414 2931 venti
437 2872 463 2930 si
486 2888 550 2932 mea
573 2870 638 2932 vela
661 2872 725 2933 sui.
789 2893 793 2900 ·

148 2953 184 3014 ui
207 2964 305 3016 tamen
330 2964 360 3018 et
383 2956 491 3018 Caesar
515 2959 561 3019 dis
584 2976 763 3038 accessere,
787 2958 839 3020 sed
863 2956 954 3036 olim,

150 3041 314 3120 dequarint
335 3043 434 3123 Pylios
457 3063 526 3105 cum
550 3054 600 3108 tua
623 3046 682 3106 lata
706 3046 787 3125 dies,

149 3127 216 3189 Non
239 3129 335 3209 mibi,
359 3134 411 3210 qui
433 3148 559 3209 poenam
582 3133 677 3192 fateor
699 3135 868 3213 meruisse,
890 3130 943 3191 sed
965 3130 1009 3192 illi

150 3215 291 3298 Parcite,
314 3236 389 3297 quae
413 3218 494 3280 nullo
518 3219 605 3298 digna
628 3217 730 3280 dolore
754 3217 850 3281 doletl
