2467 4042
148 279 189 340 X.
210 279 279 339 AR.
301 275 344 338 94
357 311 393 321 -
407 273 478 338 150.
514 276 565 337 XI·
589 275 743 338 caducis
766 275 901 339 1-16.
982 275 1045 341 tlte

137 431 247 491 Filius.
270 435 415 490 auctores
428 443 506 487 saxa
521 428 693 506 iratumque
706 429 759 488 tui.

93 515 133 576 iri
147 517 305 586 lacerent,
328 519 362 573 ut
377 527 427 571 rue
440 527 561 573 sunum
573 514 614 573 de
627 528 736 589 puppe
750 512 889 572 videres:

136 598 295 659 Movisset
308 597 412 657 vultus
427 603 546 656 maesta
559 596 658 671 ligura
670 603 752 657 tuos.

31 694 79 747 135
89 685 181 744 Nunc
196 696 324 758 quoque
337 695 401 740 non
415 682 528 753 doubs,
552 681 609 740 sed
625 696 687 757 que
700 687 807 758 potes,
825 680 932 756 aspice
942 690 1040 743 ruente

139 767 328 826 Haerentem
341 765 489 839 scopulo,
511 779 604 841 quern
620 780 698 840 uaga
712 766 814 841 pulsnt
827 780 924 840 aquea

91 851 215 927 Aspice
230 849 388 909 demissos
403 848 534 923 lugentis
548 863 636 909 more
650 849 779 925 capillos

138 935 178 994 Et
191 934 315 994 tunicas
332 932 466 992 lacrimis
480 932 560 992 sicut
573 932 612 992 ab
628 932 725 994 imbre
738 932 854 1009 mavis

94 1020 220 1095 corpus
233 1022 269 1078 ut
280 1016 424 1093 inpulsae
439 1024 562 1092 segetes
577 1016 774 1095 aquilonibus
788 1017 901 1090 horret,

28 1115 80 1168 140
137 1103 316 1176 Litteraque
331 1100 457 1161 articulo
473 1116 585 1177 pressa
598 1108 746 1161 tremente
760 1100 852 1162 labat

93 1187 164 1248 Non
179 1194 212 1247 te
226 1200 284 1261 per
297 1184 468 1245 meritum...
485 1185 631 1261 quonlam
645 1186 865 1249 maleccssit...
880 1186 993 1248 adoro:

138 1269 252 1331 Debita
265 1268 307 1329 sit
319 1269 402 1329 lacto
417 1269 514 1344 gratia
525 1271 612 1330 nulla
626 1284 712 1329 rueoz
810 1328 814 1334 .

93 1355 162 1415 Sed
176 1368 236 1414 nec
249 1367 355 1428 poena
369 1352 503 1428 quidem.
539 1352 572 1414 Si
587 1368 650 1412 uon
664 1368 723 1429 ego
739 1369 837 1414 eausa
850 1354 967 1429 salutis,

138 1438 209 1500 Non
224 1444 328 1497 tamur
343 1443 405 1509 est,
428 1452 483 1498 our
497 1437 542 1497 sis
554 1443 589 1497 tu
603 1436 676 1497 mibi
692 1452 787 1497 cause
801 1437 896 1497 reeb.

31 1534 80 1588 145
91 1525 160 1584 Has
175 1521 231 1583 tibi
247 1520 425 1597 plangendo
440 1520 579 1595 lugubria
594 1527 720 1597 pectora
733 1524 835 1582 lassas

138 1606 252 1667 Irrlelix
266 1605 360 1665 tendo
374 1610 458 1664 trans
474 1604 552 1665 freta
564 1607 658 1679 longa
671 1621 797 1666 manns:

96 1692 162 1752 Hos
178 1689 249 1764 tibi,
272 1688 325 1764 qui
341 1694 503 1766 superant,
527 1689 659 1750 ostendo
677 1696 800 1750 maesta·
812 1690 956 1766 capillos:

139 1775 199 1835 Per
213 1773 356 1835 lacrimas
372 1788 443 1848 oro,
469 1788 547 1847 quas
562 1779 615 1833 tua
629 1773 710 1834 laeta
723 1781 862 1835 movente

95 1861 202 1920 Flecte
219 1864 331 1930 ratem,
350 1857 488 1929 Theseu,
511 1870 667 1932 versoque
679 1858 819 1919 relabere
831 1866 940 1920 vento!

32 1955 82 2008 1⁵⁰
138 1942 172 2004 Si
190 1943 274 2020 prius
290 1942 453 2013 occidero,
473 1947 507 2002 tu
518 1947 620 2001 tamen
636 1957 711 2003 ossa
724 1943 818 2004 teres.

501 2156 553 2219 XI.

95 2237 201 2351 Siqua
213 2282 318 2335 tamen
331 2275 435 2335 caecis
451 2275 595 2336 errabunt
607 2274 724 2349 scripta
738 2274 845 2348 lituris,

140 2357 259 2420 Oblitus
273 2377 294 2419 a
309 2358 454 2420 dominae
469 2360 566 2419 caede
579 2358 701 2419 libellus
716 2359 781 2420 erit

96 2445 213 2504 Dextra
224 2445 490 2517 tenetcalanrum,
512 2445 651 2504 strictum
663 2449 747 2503 tenet
759 2444 855 2504 altera
869 2443 981 2506 terrum

139 2527 179 2588 Et
192 2527 271 2588 iacet
283 2526 448 2602 ingrerrrio
462 2527 568 2589 charta
580 2529 682 2588 soluta
693 2543 780 2588 meur

66 2622 84 2674 5
96 2612 182 2673 Haec
196 2618 244 2672 est
256 2611 410 2672 Aeolidos
425 2611 510 2672 fratri
523 2610 686 2674 scribentis
703 2612 815 2687 imago.

141 2694 195 2756 Sic
208 2694 322 2755 videor
334 2696 412 2757 duro
427 2711 523 2772 posse
537 2698 663 2773 placere
677 2695 765 2772 patri.

98 2780 170 2855 lpse
184 2778 272 2840 necis
287 2794 434 2854 cuperem
448 2787 573 2842 nostrae
588 2786 745 2857 spectator
758 2781 893 2853 adesset,

139 2863 350 2939 Auctorisque
365 2865 463 2925 oculis
475 2866 651 2941 exigeretur
665 2878 755 2940 opus.

96 2948 136 3010 tir
150 2948 238 3009 leurs
253 2954 303 3008 est
316 2949 473 3024 multoque
487 2947 553 3010 suis
566 2948 767 3010 truculentior
781 2948 875 3021 euris,

58 3044 91 3097 lo
142 3031 327 3108 Spectasset
340 3032 433 3093 siccis
448 3035 577 3094 vulnera
592 3038 701 3094 nostra
713 3032 812 3108 gerris.

98 3115 224 3177 Scilicet
237 3123 287 3176 est
299 3114 431 3192 aliquid,
452 3132 520 3178 curn
537 3117 641 3178 saevis
656 3117 762 3177 viuere
775 3115 885 3176 ventis.

137 3199 269 3274 iugenio
284 3200 393 3277 populi
407 3202 551 3263 convenit
563 3202 615 3262 ille
627 3202 687 3262 sui.

97 3284 151 3346 Ille
164 3283 246 3346 Noto
259 3284 468 3363 Zephyroque
482 3292 512 3345 et
526 3285 667 3348 Sitironio
681 3285 828 3362 Aquiloni

139 3369 288 3445 imperat,
310 3375 341 3430 et
355 3369 473 3445 pinnis,
494 3370 576 3431 liure
590 3375 751 3446 proterve,
773 3369 845 3430 tuis.

59 3462 90 3515 15
100 3452 234 3529 imperat
245 3452 321 3514 beut
342 3453 451 3515 ventis.
472 3454 606 3515 tumidae
619 3469 685 3515 nou
700 3452 924 3530 imperalium:

138 3536 287 3599 Possidet
301 3544 332 3599 et
345 3536 426 3599 vitiis
441 3554 538 3614 regna
551 3538 671 3600 minore
685 3539 762 3600 suis.
