2467 4042
239 209 305 276 292
640 211 832 264 russonum

371 375 493 455 Quaque
516 374 664 455 Carysteis
687 376 834 454 frangitur
856 377 937 437 anda
962 380 1066 440 vedis.

164 534 168 541 ⁴
275 511 282 522 .
328 463 461 543 [Transit
482 472 513 524 et
535 462 684 545 lendum,
707 463 804 542 lapsas
826 463 880 525 ubi
902 467 1038 544 perdidit
1061 468 1120 528 ains

372 552 473 613 Icarus
485 598 494 633 ,
518 561 548 613 et
568 560 667 613 restae
690 553 810 613 uomina
832 553 903 613 seoit
927 554 1059 633 equae]

263 652 314 704 285
328 641 404 702 Turn
426 641 506 701 laeve
529 638 660 719 Creten,
683 640 785 701 dextra
807 639 982 720 Pelopeidas
1005 643 1104 705 nudas
1177 654 1196 699 n

373 729 510 809 Deserit,
534 737 565 789 et
586 727 709 788 Veneris
732 746 817 805 saera
839 728 969 808 Cythera
990 734 1089 809 petit.

328 816 404 878 Hine
426 834 507 877 mere
525 816 734 896 Trinacrium,
758 816 887 878 nendens
905 817 959 878 nbi
980 820 1121 896 tinguere
1137 821 1196 879 tenu

372 904 499 966 Brontes
522 911 553 964 et
576 904 718 983 Steropes
740 905 979 984 Acmonidesque
997 907 1120 987 soient,

329 995 524 1073 Aequornque
547 993 616 1053 Afra
639 992 711 1071 legit
723 1038 732 1073 ,
756 991 926 1072 Sardoaque
948 1012 1046 1073 regna
1070 998 1179 1057 siuisnn

263 1095 315 1144 290
372 1081 543 1160 Respieite
566 1083 657 1141 remis
669 1126 679 1162 ,
702 1080 920 1159 Ausoniamque
942 1093 1048 1144 tenet.

330 1170 412 1231 Ostia
435 1170 620 1251 contigeret,
643 1186 701 1247 qua
724 1187 757 1229 se
779 1168 946 1250 Tiberinus·
960 1173 992 1232 iu
1017 1171 1114 1234 &um

373 1257 483 1319 Dividit
502 1266 536 1318 et
558 1274 661 1336 eampo
685 1256 823 1318 liberiore
846 1266 946 1320 natet:

330 1346 434 1407 Omnis
456 1364 548 1426 eques
571 1349 720 1424 mixtoque
743 1341 930 1424 gravissunt
953 1345 1048 1425 plebe
1071 1359 1177 1410 senatus

374 1434 485 1496 Obvius
508 1434 543 1495 nd
567 1434 658 1494 Tusci
680 1433 811 1493 ssrrnrinis
834 1452 885 1494 ore
908 1436 1007 1496 venit.

264 1534 315 1586 tet
330 1522 499 1584 Procedant
521 1525 633 1602 pariter
655 1529 766 1582 matres
789 1529 931 1600 nataeque
954 1539 1118 1603 nurusque

374 1611 516 1690 Quaeque
539 1610 641 1672 odunt
663 1619 782 1670 sanctos
803 1612 971 1689 virginitate
993 1611 1104 1674 ineos.

330 1698 438 1762 Sedula
461 1700 611 1760 inueniri
633 1705 772 1759 contento
795 1697 1072 1762 martinianam:

374 1787 428 1849 Vix
451 1786 532 1848 subit
554 1786 691 1847 adversas
705 1785 830 1865 hospita
845 1787 934 1847 ansus
952 1805 1073 1865 aquas.

331 1877 414 1938 Sioea
437 1876 488 1937 din
511 1877 608 1936 iuerat
628 1873 740 1955 tellus,
763 1876 828 1934 sitis
850 1883 967 1935 usserat
988 1875 1124 1939 herbas:

265 1977 317 2028 ooo
376 1964 459 2025 Sedit
480 1963 584 2024 limoso
607 1980 711 2043 pressa
734 1964 833 2023 cerina
857 1962 947 2024 vado.

331 2054 473 2131 Quisquis
495 2051 580 2112 ndest
601 2054 706 2130 operi,
729 2051 797 2129 pius
820 2066 908 2130 quens
930 2069 986 2129 pro
1010 2061 1103 2130 parte
1127 2052 1196 2114 labor

374 2141 499 2202 Adiuvat
522 2148 552 2200 et
574 2141 661 2200 sortis
683 2154 755 2200 voce
780 2148 902 2200 sonante
915 2157 1054 2202 ›mauus.

330 2229 381 2290 Illa
405 2227 485 2290 volnt
507 2227 604 2288 medio
627 2227 742 2289 stabilis
764 2227 849 2288 sedet
869 2227 966 2288 insuia
982 2238 1107 2306 ponto.

375 2318 499 2378 Attoniti
522 2325 656 2378 monstro
679 2323 818 2394 stantque
839 2323 1008 2395 paventque
1032 2320 1112 2379 viri.

265 2417 317 2469 eoo
332 2405 451 2468 Claudia
475 2405 583 2476 Quinta
606 2421 701 2484 genus
722 2405 829 2465 Clauso
852 2403 1001 2465 mierebnt
1026 2406 1064 2466 ab
1090 2406 1168 2486 alu,

374 2493 436 2555 Neo
458 2495 549 2554 facies
571 2496 668 2572 imper
690 2491 842 2553 nobilitate
864 2493 939 2554 fuit:

331 2581 417 2644 Casta
441 2582 582 2662 quidem,
609 2581 661 2642 sed
686 2599 745 2642 non
770 2588 803 2642 ot
825 2580 960 2641 eredita.
1001 2598 1117 2644 rumor
1141 2586 1196 2659 iniq

374 2671 534 2751 Laeserat,
558 2680 589 2731 et
611 2669 677 2730 falsi
699 2670 832 2731 criminis
854 2677 918 2730 eota
940 2686 993 2730 ren
1017 2680 1088 2732 est.

331 2758 435 2821 Cultus
457 2767 488 2819 et
510 2761 622 2819 ornatis
645 2761 725 2819 varie
748 2757 882 2837 prodisse
905 2757 1022 2837 capillis

203 2909 207 2917 ,
265 2861 316 2911 nlo
374 2847 498 2926 Obiuit,
521 2846 557 2907 ad
580 2846 693 2925 rigidos
715 2856 909 2926 prompteque
930 2845 1035 2925 lingna
1056 2867 1172 2912 senes.

330 2935 463 2997 Conscia·
476 2952 561 2996 mens
583 2936 660 2996 renti
683 2936 776 2996 famae
798 2935 950 2995 meudaeia
972 2937 1062 2998 risit:

375 3024 433 3086 Sed
457 3042 511 3084 nos
533 3024 563 3084 in
586 3024 692 3086 vitium
715 3023 834 3085 credule
857 3022 944 3084 turba
967 3042 1102 3088 sumus.

330 3112 409 3175 Haeo
432 3111 483 3173 nbi
507 3120 654 3173 castarum
678 3113 824 3192 prooessit
845 3111 882 3172 ab
905 3113 1024 3190 agmine
1047 3126 1195 3177 mamam.

374 3201 413 3262 Et
435 3200 571 3262 inanibus
593 3217 699 3279 puram
722 3200 852 3261 fluminis
874 3200 973 3261 hausit
996 3200 1139 3286 aquam,

265 3302 316 3352 315
330 3291 389 3351 'l'er
412 3298 501 3369 ceput
515 3292 637 3350 inrorat
649 3336 658 3368 ,
681 3297 728 3350 ter
750 3288 827 3350 tollit
848 3291 879 3349 iu
902 3288 1025 3350 aethere
1048 3293 1188 3371 palmas,

376 3378 562 3456 Quicumque
585 3380 754 3459 aspiciunt,
777 3385 876 3439 mente
899 3395 1004 3439 cerere
1028 3391 1152 3458 putant
1174 3412 1193 3423 ⁶

332 3464 556 3544 summissoque
579 3483 657 3544 genu
680 3464 777 3527 voltus
799 3467 831 3526 in
853 3468 980 3545 imagine
1008 3468 1108 3532 divae

364 3549 453 3627 ,Figit
465 3597 474 3631 ‚
497 3562 529 3613 et
550 3552 605 3613 hos
628 3552 689 3613 edit
712 3556 795 3614 crine
817 3555 932 3616 iacente
955 3572 1072 3619 sonos:
