2467 4042
335 232 393 302 ill,
409 229 445 301 8,
460 229 502 292 36
520 263 555 274 -
572 229 607 303 9,
623 226 675 290 44.

94 387 177 460 Ecce,
197 400 272 462 puer
286 383 418 445 Veneris
435 384 493 443 lert
509 397 714 457 eversamque
729 381 903 458 pharetram

129 472 162 531 lit
174 473 283 531 fractos
297 484 390 528 arcus
405 476 437 529 et
452 467 520 528 sino
534 468 604 528 luce
621 467 730 527 lacem.

94 556 208 632 Aspice,
230 554 375 614 demissis
392 560 427 613 ut
440 558 491 613 eat
506 550 689 612 miserabilis
705 551 778 622 alis,

66 651 90 703 lt
132 639 309 715 Pectoraque
322 638 435 697 infesta
453 637 561 697 tundat
578 642 686 711 aperta
702 650 802 694 manu.

96 723 240 799 Excipiunt
253 722 397 782 lacrimas
414 721 516 797 sparsi
533 735 589 796 per
606 719 687 780 colla
701 718 819 794 capilli,

131 807 242 883 Oraque
257 806 393 880 singultu
408 805 602 866 concutiente
616 810 740 864 sonant.
803 848 807 853 .

97 891 192 951 Fratris
208 892 238 951 in
251 892 378 951 Aeneae
395 891 441 951 sic
455 889 541 950 illum
559 889 667 949 funere
682 887 786 946 dicunt

131 976 284 1050 Egressum
300 976 405 1050 tectis,
428 973 556 1049 pulcher
571 973 649 1045 lule,
672 969 742 1031 tuis.

68 1060 151 1121 colec
163 1061 254 1120 minus
271 1066 318 1120 est
332 1060 465 1121 contusa
479 1060 585 1117 Venus
604 1056 753 1117 moriente
768 1053 901 1129 Tibullo,

131 1144 215 1218 Quom
228 1143 330 1205 iuveni
344 1145 428 1220 rupit
443 1158 512 1203 cum
528 1142 612 1201 ierus
626 1141 739 1216 inguen
756 1155 842 1213 aper.

100 1230 132 1287 nt
143 1228 213 1288 sacri
226 1236 313 1290 vates
331 1235 360 1288 et
375 1227 479 1288 divum
494 1241 569 1286 cura
585 1232 748 1285 vocamur!

133 1311 197 1373 Sunt
210 1314 315 1387 etiam,
337 1313 391 1386 qui
408 1328 466 1373 nos
481 1325 594 1371 numen
609 1309 725 1369 habere
741 1314 861 1384 putent!

99 1393 201 1458 Scilicet
215 1413 304 1458 omne
318 1412 442 1457 sacrum
458 1411 542 1456 mors
560 1395 725 1470 inportuna
739 1392 890 1469 profanat

68 1488 94 1539 nt
134 1479 266 1542 Omnibus
282 1480 434 1542 obscuras
453 1480 538 1539 inicit
550 1479 602 1537 illa
616 1494 736 1539 manus.

98 1562 161 1638 Quid
174 1574 255 1641 pater
267 1565 413 1638 ismario,
434 1564 510 1640 quid
525 1570 621 1623 mater
635 1562 750 1639 proluit
766 1559 910 1637 Orpheot

130 1648 255 1711 Carmine
271 1649 347 1726 quid
363 1649 463 1710 victas
480 1647 670 1723 obstipuisse
686 1647 789 1706 seras?

97 1733 207 1796 belinon
224 1734 254 1794 in
271 1734 360 1794 silvis
374 1732 454 1792 idem
470 1738 571 1808 pater,
595 1732 733 1804 aelmon,
754 1729 822 1789 altis

128 1818 230 1880 Dicitur
244 1818 340 1879 imita
355 1817 552 1878 concinuisse
565 1817 645 1894 lyra.

66 1902 179 1963 iiidice
193 1901 394 1975 Maeoniden,
419 1918 530 1977 aquo,
550 1916 607 1963 ceu
625 1900 710 1960 sonte
725 1898 867 1975 perenni,

129 1988 228 2049 Vatum
242 1987 350 2048 Pieriis
368 2001 424 2047 ora
439 1986 575 2061 rigantur
590 1984 692 2061 aquis.
789 2054 793 2062 ¹

96 2070 166 2131 llnuc
181 2089 303 2148 quoque
319 2086 438 2133 summa
454 2070 521 2130 dies
538 2070 625 2145 nigro
643 2069 809 2130 submersit
823 2073 963 2128 ‘tisernoz

128 2155 283 2233 Diffugiunt
298 2156 410 2217 avidos
427 2154 562 2214 carmina
579 2156 648 2215 sola
662 2169 765 2228 rogos.

24 2252 25 2335 t
97 2237 173 2302 norat
185 2257 261 2318 opus
277 2248 397 2301 vatum:
419 2238 540 2300 Troiani
557 2236 783 2308 imolaboris,

24 2362 25 2367 κ
67 2327 92 2381 to
131 2325 278 2401 Tardaque
295 2331 446 2386 nocturno
463 2325 523 2384 tela
538 2328 658 2383 retexto
672 2320 762 2383 dolos

24 2402 25 2485 i
98 2404 137 2467 Sic
148 2409 278 2471 Nemesis
295 2412 436 2484 longum,
461 2407 506 2468 sic
521 2407 607 2467 Delia
623 2423 735 2467 nomen
751 2404 921 2477 habebunt,

129 2492 220 2554 litera
232 2510 307 2555 cura
320 2508 446 2564 recens,
469 2493 566 2552 altera
582 2491 698 2567 primus
714 2506 810 2549 antor.

97 2573 159 2647 Quid
170 2595 223 2640 vos
238 2594 328 2640 sacra
344 2578 471 2638 iuvant?
492 2576 567 2652 quid
583 2590 664 2637 nunc
678 2574 834 2653 Aegyptia
850 2580 977 2648 prosunt

130 2659 234 2722 Sisimi
254 2662 330 2739 quid
345 2662 376 2721 iu
392 2677 491 2722 vacuo
508 2660 691 2722 secubuisse
703 2664 793 2720 toron

24 2752 25 2761 ¹
70 2742 159 2804 tubum
170 2747 283 2823 rapiant
298 2750 380 2807 mata
397 2749 457 2807 iata
472 2747 622 2817 bonos,...
641 2744 791 2819 ignoscite
807 2744 931 2804 sasso...

130 2826 268 2895 Sollicitor
282 2831 384 2893 nullos
400 2846 472 2891 esse
490 2837 597 2905 putare
611 2830 701 2890 deos.
744 2882 753 2899 ,

98 2907 160 2971 live
173 2915 251 2990 pius,
273 2915 415 2977 moriere.
448 2914 519 2990 pius
535 2915 604 2975 cole
620 2929 725 2986 sacra,
748 2914 900 2973 colentem

128 2995 200 3059 llors
214 3001 318 3075 gravis
331 3016 351 3060 a
364 3000 485 3075 templis
500 2996 531 3058 iu
550 3014 628 3058 cava
644 2997 735 3058 busta
750 2996 858 3057 trahet.

98 3075 261 3146 Carminibus
278 3083 403 3147 confide
417 3083 519 3144 bonis.
552 3083 645 3156 iacet,
665 3097 754 3156 ecce,
774 3081 928 3141 Tibullus:

72 3164 94 3218 ⁸⁰
134 3165 183 3226 Vix
197 3178 297 3232 manet
313 3175 411 3231 etoto
426 3184 523 3243 parva
538 3168 624 3243 quod
638 3183 715 3226 urna
732 3167 823 3241 capit.

98 3244 175 3324 Tene,
196 3269 281 3315 sacer
296 3261 400 3327 vates,
424 3251 567 3312 flammae
581 3267 715 3327 rapuere
730 3252 869 3325 rogales,

129 3331 291 3400 Pectoribus
309 3339 397 3415 pasci
413 3351 471 3397 nec
485 3337 612 3397 timuere
625 3335 708 3396 tuist

100 3414 181 3480 Aurea
195 3429 368 3491 sanctorum
384 3421 559 3497 potuissent
575 3421 690 3496 templa
705 3421 832 3481 deomm
924 3421 927 3425 ’

130 3498 226 3583 Urere,
247 3524 329 3585 quae
343 3514 460 3568 tantum
476 3506 652 3567 sustinuere
669 3504 768 3567 nefas.
