2467 4042
219 216 287 284 304
627 216 820 270 suenorum

242 395 294 448 oto
307 382 387 445 llaec
410 381 497 444 modo
520 380 658 443 verrebat
680 388 807 442 stantem
830 380 954 442 tibicine
978 382 1108 463 villam,

351 471 437 533 Nunc
460 471 562 531 matris
585 469 693 549 plumis
716 487 770 530 ova
792 468 917 530 iuvanda
940 469 1056 551 dabat,

307 562 367 622 Aut
389 558 497 620 virides
519 557 652 638 multas,
674 565 726 619 aut
748 558 856 637 longos
878 557 993 637 colligit
1018 558 1133 640 albos,

277 704 280 709 .
352 648 411 709 but
432 646 573 709 humilem
597 654 680 725 grato
704 646 820 707 calfacit
841 649 909 725 igne
931 647 1059 711 locum.

308 735 346 797 Et
368 745 466 798 umen
488 734 616 796 assiduis
639 743 759 796 exercet
781 734 901 795 brachia
923 735 1013 814 telis,

244 837 296 889 too
354 825 562 903 Adversosque
586 825 680 884 minas
703 824 823 901 frigoris
845 840 926 883 arma
949 833 1058 903 parat.

309 912 402 975 Filius
424 912 513 973 huius
537 921 601 972 erat
622 912 719 991 primo
742 911 868 973 lascivus
890 914 922 973 in
945 929 1041 992 aero,

354 1001 571 1079 Addideratque
594 1017 688 1060 annos
710 999 747 1061 ad
770 1000 829 1060 duo
851 999 944 1061 lustra
968 1000 1070 1063 duos.

308 1089 337 1150 ls
360 1090 439 1169 capit
461 1090 587 1150 extremi
610 1088 725 1168 volpem
748 1088 878 1149 convalle
901 1087 1018 1151 salicti:

351 1177 522 1239 Abstulerat
543 1176 651 1238 multas
674 1176 723 1237 illa
746 1177 877 1238 cohortis
900 1195 986 1237 aves.

245 1279 297 1329 tob
311 1265 460 1346 Captivam
484 1265 592 1344 stipula
615 1265 760 1344 faenoque
783 1264 904 1326 involvit
916 1311 925 1346 ‚
949 1275 989 1347 et*
1002 1268 1096 1345 ignes

351 1355 516 1417 Admovet:
549 1362 672 1415 urentes
694 1355 798 1432 ellugit
820 1353 868 1414 illa
892 1370 1018 1416 manusc

307 1443 372 1515 Qun
394 1445 470 1522 fugit
482 1490 492 1524 ,
514 1442 647 1504 incendit
669 1441 960 1504 vestitosmessibus
984 1458 1098 1524 agros3

351 1530 505 1592 Damnosis
527 1532 607 1592 vires
630 1530 748 1609 ignibus
770 1548 841 1590 aura
865 1529 969 1590 dabat.

307 1618 430 1681 Factum
453 1618 547 1697 abiit,
570 1622 750 1680 monimenta
773 1627 914 1681 manent.
956 1635 1028 1679 nam
1053 1620 1169 1682 deicere

854 1715 970 1785 captans

241 1809 292 1860 tto
350 1795 437 1858 Nunc
459 1814 579 1876 quoque
601 1794 649 1856 lex
672 1795 786 1874 volpem
809 1793 985 1856 Carseolana
1005 1804 1112 1874 vetat,

306 1883 403 1965 thue
426 1883 488 1947 luat
510 1902 644 1964 poenas,
666 1900 740 1963 gens
761 1883 835 1944 haec
857 1881 1027 1944 Cerialibus
1051 1886 1155 1965 ardet3

350 1972 476 2052 Quoque
499 1971 585 2033 modo
609 1979 726 2051 segetes
748 1971 898 2052 perdidit,
921 1973 986 2051 ipsa
1008 1969 1130 2051 perit.'

650 2110 702 2175 20.
725 2107 788 2173 FN

305 2238 442 2300 Proxima
465 2255 533 2299 cum
556 2238 657 2298 reniet
678 2245 774 2298 terras
796 2238 894 2298 visura
917 2243 1060 2315 patentes

350 2326 515 2387 Memnonis
537 2327 568 2386 in
592 2327 688 2386 roseis
711 2325 789 2387 lutea
811 2337 906 2387 mater
929 2327 1036 2406 equis,

241 2427 291 2478 tto
306 2415 348 2477 lle
369 2414 446 2476 duce
469 2415 593 2494 lanigeri
616 2417 755 2494 pecoris,
777 2417 830 2492 qni
851 2412 983 2492 prodidit
1005 2413 1137 2496 Hellen,

351 2503 401 2564 Sol
424 2502 506 2564 abit.
548 2520 669 2581 egresso
691 2505 809 2564 victima
832 2505 925 2562 maior
946 2502 1052 2565 adest.

306 2591 398 2654 Vacca
422 2594 516 2653 sitan
539 2593 667 2672 uaros,
690 2608 749 2653 non
772 2599 819 2652 est
836 2608 1017 2669 cognoscere
1037 2604 1204 2676 promptulo

350 2679 422 2742 Pars
444 2682 527 2760 prior
549 2690 694 2762 apparet,
716 2682 881 2760 posteriora
903 2679 1012 2741 latent.

307 2768 366 2831 Seu
388 2776 488 2831 umen
512 2776 557 2830 est
579 2777 704 2850 taurus,
728 2770 789 2829 sire
813 2775 859 2829 ost
879 2768 935 2828 boc
958 2768 1074 2832 femina
1098 2775 1201 2853 signnn

241 2870 293 2921 tto
351 2857 463 2919 lunone
486 2859 576 2919 invita
598 2875 708 2919 munus
731 2859 840 2917 amoris
861 2855 966 2917 nabet.

566 2996 618 3060 21.
646 2993 675 3060 G
694 2992 863 3060 PAR-N>

307 3122 371 3184 Nox
394 3121 488 3204 abiit,
510 3124 667 3201 oriturque
690 3141 818 3183 aurora.
859 3121 966 3183 Parilia
989 3140 1120 3201 poscor.

349 3211 415 3273 Non
439 3229 547 3290 poscor
569 3212 701 3292 frustra,
726 3214 752 3272 si
774 3212 852 3271 iavet
874 3209 949 3271 alma
970 3209 1078 3275 Pales.

306 3299 387 3361 blma
410 3299 518 3379 Pales,
541 3301 638 3360 faveas
661 3301 789 3378 pastoria
813 3317 895 3360 sacra
919 3301 1058 3381 canenti,

349 3387 520 3467 Prosequor
542 3388 640 3449 ollicio
664 3390 690 3449 si
712 3395 763 3449 tua
786 3388 860 3448 festa
883 3389 950 3467 pio.

241 3476 393 3537 inocente
418 3494 472 3555 ego
496 3476 532 3538 de
555 3475 647 3537 ritulo
671 3479 801 3537 cinerem
824 3476 1007 3557 stipulasque
1030 3476 1137 3540 fabalis
1200 3532 1201 3535 ,

350 3563 444 3642 Saepe
467 3564 521 3626 tuli
544 3564 653 3645 plena,
676 3564 779 3626 februa
802 3574 882 3626 casta
894 3610 905 3645 ‚
928 3582 1035 3626 manu.
1200 3572 1201 3583 ¹

1199 3798 1201 3903 Χ
