2467 4042
459 243 541 313 xm,
560 249 718 300 εει-400.
821 262 925 301 nom
1027 242 1092 308 267

170 409 267 491 Saepe
289 409 390 471 videm
412 418 528 490 patrem
551 416 748 471 monstratum
770 416 903 477 amatre
926 406 1039 471 solebat
1047 407 1069 487 .]

168 498 291 577 lemque
314 500 391 559 viam
413 496 519 559 suadet
540 496 647 558 boreas
658 544 669 580 ,
690 496 820 576 flatuque
843 497 975 559 mcundo

169 585 300 649 Carbasa
321 594 403 647 mota
424 593 553 665 sonant3
575 584 661 647 lubet
682 587 728 647 uti
750 587 846 647 navita
868 587 982 648 renos.
1094 582 1100 592 ’

96 687 154 737 400
169 671 295 757 ‘Troia,
317 672 402 735 valel
425 667 570 752 rapimur’
592 672 721 734 clamant
732 721 742 756 ‚
771 672 842 735 dant
871 672 972 735 oscula
994 681 1111 735 terrae·

167 762 325 844 Troades,
348 769 379 823 et
399 764 513 842 patriae
535 762 680 823 fumantia
701 769 780 823 tecta
801 760 991 840 relinquunt.

168 850 280 913 Ultima
303 849 477 911 conscendit
499 849 623 912 chosam
635 896 646 932 ,
668 848 837 911 miserabile
859 852 943 932 usu,

169 938 204 1001 ln
228 938 335 1001 meliis
357 937 478 1000 Hecuba
501 945 548 1000 est
569 946 706 1000 natorum
729 940 848 1001 inventa
870 936 1053 1018 sepulchris:

168 1026 367 1089 Prenseutem
388 1025 519 1089 tumulos
542 1033 631 1106 atque
654 1026 772 1088 ossibus
794 1025 895 1088 oscula
917 1026 1036 1088 dantem

97 1127 153 1178 ano
168 1114 323 1178 Dulichiae
345 1122 463 1177 traxere
486 1132 613 1177 manus.
641 1123 741 1176 mineo
763 1116 853 1176 unius
874 1114 991 1197 hausit,

168 1204 265 1284 loque
288 1205 357 1265 sinu
378 1206 497 1265 cineres
518 1221 623 1265 cecum
644 1203 713 1265 tulit
735 1202 872 1265 Hectoris
894 1203 1034 1265 haustos:
1115 1208 1123 1222 ⁶

169 1290 312 1354 Hectoris
331 1293 364 1353 iu
385 1291 500 1354 tumulo
523 1308 630 1352 mum
653 1291 690 1352 de
712 1293 824 1353 vertice
846 1292 979 1375 crinem,

168 1379 298 1442 Inimica
319 1382 446 1462 inopes,
469 1381 582 1441 crinem
604 1379 799 1459 lacrimasque
822 1378 959 1459 reliquit.

215 1467 271 1530 list
282 1517 292 1549 ,
314 1466 367 1529 ubi
389 1467 478 1528 Troia
500 1468 558 1530 luit
569 1514 579 1549 ,
600 1467 745 1548 Phrygiae
768 1469 917 1530 contraria
938 1465 1027 1529 tellus

96 1569 156 1620 430
168 1556 315 1618 Bistoniis
336 1555 467 1617 habitata
488 1558 582 1617 viris.
608 1555 821 1635 Polymestoris
842 1554 903 1616 illic

168 1645 264 1724 Regia
286 1643 368 1705 dives
390 1651 476 1725 erat,
498 1645 601 1705 cuite
616 1645 773 1706 commisit
795 1642 933 1705 mendum

170 1733 272 1814 Clam,
289 1730 452 1814 Polydore,
469 1740 572 1813 pater,
589 1731 785 1812 Phrygiisque
798 1733 924 1793 mmovit
936 1729 973 1792 ab
987 1732 1093 1811 armis3

170 1819 336 1883 Consilium
358 1821 498 1902 sapiens,
521 1819 644 1881 sceleris
666 1821 724 1881 nisi
746 1822 877 1900 praemia
898 1836 1018 1899 magnas

169 1908 337 1971 Adiecisset
357 1924 452 1989 opes,
475 1910 565 1969 enimi
586 1909 741 1969 irritamen
763 1909 863 1969 arari.

97 2008 157 2062 400
169 1996 213 2059 Dt
234 1996 343 2058 cecidit
363 1996 483 2058 senuna
502 1995 656 2076 Phrygum
667 2043 678 2079 ,
700 1997 779 2076 capit
800 1997 910 2076 impius
932 2012 1035 2057 ensem

170 2085 237 2148 llcx
259 2084 429 2165 Thracum,
450 2083 613 2164 iuguloque
636 2087 684 2145 sui
706 2083 825 2146 ‹lemislt
846 2083 974 2164 alumni3

170 2173 213 2235 Et
233 2179 383 2252 mam
404 2171 469 2235 tolli
491 2189 560 2233 cum
582 2189 709 2253 corpore
732 2173 857 2234 crimina
878 2180 1018 2253 possent,

170 2261 346 2324 hommem
368 2260 490 2341 scopulo
513 2259 663 2322 subiectas
684 2263 766 2323 misit
786 2263 819 2322 in
840 2259 953 2323 undas.

169 2349 274 2412 Litore
296 2348 436 2410 Threicio
458 2348 584 2410 classem
606 2348 747 2428 religarat
767 2348 903 2430 Atrides,

97 2452 158 2504 440
172 2438 252 2501 Dum
273 2455 354 2499 mare
376 2444 536 2518 pacatum,
558 2437 630 2499 dum
651 2445 758 2499 ventus
781 2438 903 2498 amicior
926 2444 1022 2498 esset.

171 2526 229 2587 llic
252 2524 352 2588 subito
363 2573 373 2608 ‚
396 2533 526 2605 quantus
548 2543 617 2587 cum
638 2527 752 2588 uteret
773 2542 840 2588 esse
863 2521 994 2607 solebat,

171 2614 243 2675 Exit
263 2614 354 2676 hume
376 2612 434 2684 late
456 2621 567 2696 rupta,
589 2613 753 2694 similisque
776 2615 901 2676 minanti

172 2703 330 2783 Temporis
351 2701 432 2764 illius
453 2701 568 2764 vultum
590 2701 740 2764 referebat
762 2701 909 2785 lchlllee,

172 2790 241 2862 Quo
263 2790 346 2852 ierus
367 2792 478 2853 iniusto
501 2791 589 2871 petiit
609 2789 828 2870 Agamemnona
849 2791 949 2852 ferro:

98 2892 158 2945 440
174 2874 381 2940 ‘Inmemores'
404 2896 463 2958 que
486 2874 556 2939 ‘mel
579 2874 742 2940 disceditis'
764 2880 862 2959 inqiut
884 2873 1025 2940 ‘Achivil

174 2965 349 3046 Obrutaque
371 2974 419 3028 est
440 2983 559 3028 mecum
579 2967 700 3028 urmtis
723 2968 817 3046 grath
839 2962 986 3029 nostrae?

89 3046 96 3055 '
172 3054 218 3117 lle
241 3051 351 3116 lacltel
374 3061 467 3134 utque
491 3071 590 3117 meum
612 3072 673 3116 non
696 3055 736 3116 sit
757 3055 823 3116 sine
844 3053 958 3116 honore

885 3139 1093 3221 sepulchrum,

173 3231 275 3294 Placet
295 3229 443 3293 Achilleos
465 3236 591 3291 mactata
612 3229 760 3309 Polyxena
782 3223 914 3291 manes?

173 3316 275 3382 Dixit:
298 3328 350 3401 et,
371 3309 469 3379 inmiti
491 3320 581 3380 seclis
601 3317 776 3400 perentibus
798 3315 940 3398 umbrae,

100 3421 160 3472 400
174 3408 269 3488 Rapta
289 3408 358 3469 sinu
380 3408 484 3468 matrls
495 3453 505 3488 ,
529 3423 617 3486 quam
639 3408 698 3466 iam
719 3423 813 3487 prope
837 3404 899 3466 sola
921 3401 1055 3487 fovebat,

172 3496 272 3559 Fortis
294 3503 325 3557 ct
346 3494 449 3557 lulelix
471 3501 503 3557 et
523 3494 591 3574 plus
614 3512 703 3574 quam
726 3495 835 3557 lemine
856 3493 940 3573 virgo

173 3582 300 3647 Ducitur
318 3584 354 3645 ed
376 3583 546 3664 mmulum,
569 3583 695 3662 diroque
717 3583 752 3644 fit
772 3581 869 3644 hostia
891 3579 998 3643 busto.
