2467 4042
435 237 492 306 ΙΠ,
511 242 669 293 cat—sas.
786 255 899 292 1606666
1017 237 1058 302 63

132 404 201 466 1106
222 403 331 486 probat
344 403 516 465 Alcimedon
529 449 539 485 ‚
561 404 658 482 etqui
672 405 865 483 requiemque
880 403 1057 483 modumque

130 491 212 555 Voce
237 491 326 555 dabat
348 494 461 574 remis,
484 493 651 553 animorum
673 490 807 553 hortator
829 490 986 573 Epopeus3

55 594 116 645 620
132 581 197 643 1106
221 599 327 643 omnes
351 580 418 641 alii:
440 580 567 661 praedae
590 588 651 641 tam
675 598 762 641 caeca
784 579 891 661 cupido
916 590 978 642 cst.

132 666 224 731 “Non
248 679 349 731 tamen
372 668 448 729 banc
471 686 555 729 sacro
578 667 682 730 violari
704 667 836 749 pondere
859 669 962 748 pinum

132 759 290 838 Perpetiar
304 753 324 838 ς’
348 757 409 818 dixi
432 752 512 836 ‘pars
530 755 580 819 hic
602 756 675 817 mihi
698 759 822 818 maxima
845 752 961 817 iuris.''

132 846 228 926 Inque
251 844 333 906 aditu
358 844 492 906 obsisto.
519 846 592 906 furit
615 844 828 906 audacissimus
846 847 927 906 omni

133 935 176 996 De
199 952 329 996 numero
352 931 505 1014 Lycabas,
528 936 580 1013 qui
603 932 701 994 Tusca
723 932 827 1013 pulsus
846 932 881 994 ab
905 932 979 995 urbe

57 1035 116 1084 aas
132 1022 265 1085 Exilium
288 1022 352 1084 dira
374 1039 500 1103 poenam
521 1040 577 1102 prc
600 1021 691 1084 caedc
712 1020 829 1084 luebat.

132 1112 163 1173 Is
185 1111 260 1173 mihi
272 1158 282 1192 ,
309 1111 380 1172 dum
403 1118 507 1192 resto,
529 1110 657 1171 iuvenali
680 1118 800 1190 guttura
822 1129 921 1191 pugno

132 1200 249 1281 Rupit,
273 1206 304 1260 et
327 1217 485 1261 excussum
507 1200 640 1260 misisset
661 1200 692 1260 in
715 1216 866 1280 aequora,
889 1201 915 1260 si
937 1217 997 1261 non

101 1353 107 1362 ,
132 1288 308 1350 Haesissem
320 1335 330 1369 ,
354 1289 487 1367 quamvis
509 1305 634 1369 amens,
655 1289 687 1348 iu
710 1288 781 1349 lunc
804 1295 957 1349 retentus.

131 1377 228 1457 Impia
251 1375 340 1438 turba
353 1376 461 1457 probat
474 1376 585 1438 iactum
599 1423 606 1437 .
632 1383 695 1437 tum
713 1376 841 1454 denique
855 1375 989 1439 Bacchus
997 1425 1007 1459 ,
1017 1409 1057 1422 -·

58 1478 116 1529 660
132 1464 272 1526 Bacchus
296 1465 376 1525 enim
399 1465 561 1525 iuerat-
585 1463 677 1525 veluti
700 1463 829 1526 clamore
852 1464 967 1527 solutus

133 1554 183 1615 Sit
205 1571 319 1635 sopor,
342 1570 418 1632 aque
440 1570 524 1614 mero
548 1551 673 1614 redeant
694 1554 725 1613 in
748 1560 869 1632 pectora
887 1570 1011 1636 sensus,

132 1639 239 1713 “Quid
255 1637 378 1702 facitis?
392 1643 459 1720 quis
474 1641 585 1702 clamor
595 1636 624 1728 ij
638 1643 696 1724 ait,
711 1636 799 1723 ‘qua,
813 1641 903 1703 dicite
911 1688 921 1724 ‚
935 1650 1059 1723 nautae,

131 1730 201 1792 Huc
224 1748 282 1810 ope
300 1725 454 1810 perveni?
476 1748 535 1809 quc
558 1748 606 1791 mc
630 1728 748 1790 deferre
770 1725 931 1809 paratis?”

132 1816 242 1880 “Pone
266 1826 379 1879 metum
392 1812 413 1899 ,’
436 1817 566 1879 Proreus
591 1813 634 1879 ‘et
660 1836 736 1898 quos
759 1820 932 1898 contingere
954 1829 1059 1900 portus

61 1921 117 1971 666
132 1907 198 1969 Ede
222 1906 295 1967 vebs
310 1902 329 1968 :'
353 1906 427 1967 dixit
450 1902 542 1968 ‘terra
565 1908 671 1968 sistere
694 1908 787 1987 petita
797 1900 829 1967 .’'

134 1990 277 2056 “Naxon'
301 1996 343 2055 ait
364 1993 454 2056 Liber
477 1989 595 2057 ‘cursus
619 1994 763 2056 advertite
786 2003 919 2058 vestros.

134 2085 187 2147 llla
211 2082 283 2144 mihi
307 2082 412 2145 domus
436 2090 505 2145 est:
527 2082 610 2144 vobis
635 2085 692 2144 erit
714 2083 830 2163 hospita
853 2080 983 2147 tellus.''

133 2174 194 2235 Per
218 2189 299 2253 mare
323 2171 440 2233 fallaces
462 2188 577 2251 perque
600 2174 698 2232 omnia
721 2173 842 2233 numina
864 2175 964 2234 iurant

135 2260 186 2323 Sic
210 2262 297 2341 1666,
321 2277 427 2339 meque
450 2258 555 2322 iubent
576 2262 673 2339 pictae
696 2260 767 2322 dare
791 2260 854 2322 vela
876 2264 1010 2323 carinae.

64 2363 120 2413 640
136 2349 264 2411 Dextera
287 2347 386 2409 Naxos
408 2356 494 2410 erat:
516 2347 620 2410 dextra
644 2348 716 2410 mihi
737 2349 828 2410 lintea
851 2349 931 2410 danti

136 2433 240 2509 “Quia
263 2437 359 2519 16616,
382 2455 399 2497 ο
423 2433 577 2499 demens?
599 2439 666 2517 quis
691 2445 720 2498 te
744 2433 925 2498 16666-1”
950 2440 1046 2518 inquit

742 2524 900 2607 Opheltes3

138 2615 212 2693 [Pro
226 2633 258 2676 sc
274 2617 400 2695 quisquc
408 2662 418 2696 ,
436 2611 554 2676 ‘teneti
577 2614 689 2676 laevam
701 2622 771 2695 pete
781 2608 812 2677 .''
827 2616 951 2676 maxima
969 2614 1058 2694 nutu]

137 2704 211 2764 Pars
225 2703 297 2764 mihi
313 2703 480 2783 significat,
502 2720 571 2782 pars
584 2750 594 2784 ,
618 2702 689 2783 qnid
703 2702 796 2784 66111,
819 2721 891 2764 aure
906 2714 1058 2766 susurrat.

138 2790 299 2873 Obstipui,
322 2786 453 2871 “capiat'
476 2809 535 2870 que
559 2787 677 2870 ‘aliquis
701 2786 924 2854 moderamina''
947 2792 1007 2854 dixi

69 2880 246 2959 scabicque
269 2881 435 2941 ministerio
459 2879 641 2959 scelerisque
664 2882 797 2959 artisque
820 2883 949 2944 removi.

137 2968 281 3047 lncrepor
303 2985 320 3029 a
343 2969 480 3049 cunctis,
504 2976 659 3047 totumque
681 2970 880 3030 inmurmurat
903 2987 1023 3049 agmen.

136 3055 161 3118 u
186 3056 296 3136 quibus
318 3056 471 3118 Aethalion
495 3052 549 3118 “te
573 3056 687 3118 scilicet
710 3060 806 3118 omnis
828 3059 859 3118 ln
883 3074 942 3118 uno

135 3143 246 3206 Nostra
269 3144 348 3206 salus
361 3147 457 3225 posita
481 3153 526 3207 661
540 3140 571 3207 1”
594 3147 658 3228 611,
681 3153 711 3207 61
729 3144 810 3207 subit
822 3148 887 3227 ipsc
901 3163 1058 3225 meumque

135 3233 246 3314 Expiet
267 3252 365 3314 opus,
387 3232 528 3313 Naxoque
551 3236 626 3314 petit
649 3233 764 3295 diversa
788 3233 909 3295 relicta.

70 3335 121 3384 660
136 3322 215 3383 Tum
238 3321 312 3384 deus
335 3321 485 3404 illudens,
507 3331 656 3403 tamquam
681 3322 768 3383 modo
782 3321 911 3402 denique
925 3322 1058 3384 fraudem

98 3451 107 3472 .
136 3411 294 3492 Senserit,
317 3428 333 3472 e
356 3413 449 3491 puppi
471 3418 596 3491 pontum
618 3419 791 3491 prospectat
813 3409 926 3472 adunca

134 3499 174 3561 Et
198 3499 281 3560 ilenti
303 3498 408 3560 similis
427 3494 511 3560 “non
534 3500 607 3561 haec
631 3498 704 3561 mibi
726 3499 836 3580 litora,
859 3507 984 3579 nautae,

134 3587 318 3650 Promisistis
333 3583 353 3668 ,’
376 3590 439 3670 611,
462 3583 533 3649 ‘non
556 3588 629 3649 baec
652 3587 724 3649 mihi
747 3595 828 3648 terra
851 3596 951 3664 rogata
974 3593 1036 3646 est.
