2467 4042
190 238 253 304 298
317 257 421 295 msa.
439 257 538 295 unane
600 239 779 297 undamn.

210 416 262 468 tto
275 405 337 467 Nec
361 413 513 486 sceptrum
535 406 634 468 soceri
646 453 655 488 ,
678 423 734 468 noo
756 414 810 489 te,
832 405 952 471 Lavinia
974 410 1082 493 virgo,

276 493 334 555 Sed
356 494 463 555 uicisse
485 501 614 575 petunt,
637 493 863 574 deponendique
886 497 1000 576 pudore

275 581 355 643 Bella
377 589 505 662 gerunt.
533 582 712 662 tandemque
733 582 834 645 Venus
856 587 989 648 victricia
1009 587 1079 649 nati

274 671 362 731 Arma
389 669 491 752 videt,
513 670 694 751 Turnusque
724 670 825 734 cadim
847 673 926 736 cadit
952 674 1076 758 Ardea,
1100 675 1194 738 Turno

276 758 392 838 Sospite
411 757 490 820 dicta
506 766 637 839 potens.
665 777 754 839 mam
770 769 929 841 postquam
947 761 1109 826 Dmdauus
1127 767 1197 846 ignis

209 857 260 908 stt
275 845 425 928 Abstulit,
448 854 480 908 et
502 847 602 927 tepida
623 847 777 911 latuerunt
798 855 878 912 tecta
900 850 1014 933 fanilla,

275 934 419 1014 congerie
433 953 449 996 e
464 935 560 997 media
573 945 639 999 tum
650 939 781 1017 primum
794 940 911 1018 cognita
923 956 1054 1020 praepes
1068 953 1094 995 t.
1106 953 1195 996 mm.

276 1023 438 1107 subvolat,
460 1031 492 1085 et
513 1026 631 1087 cineres
652 1025 764 1106 plausis
787 1025 942 1088 everberat
964 1027 1037 1090 alis.

273 1110 313 1173 Et
335 1130 427 1174 sonus
449 1119 480 1173 et
502 1115 612 1174 macies
635 1119 666 1175 et
687 1113 782 1193 pallor
804 1123 835 1176 et
857 1117 956 1176 omnia
968 1163 978 1197 ,
1001 1125 1125 1197 captam

274 1200 356 1272 Quae
379 1200 504 1263 deceant
525 1201 654 1283 urbem,
676 1220 785 1265 nomen
814 1220 932 1284 quoque
962 1207 1078 1266 mansit
1099 1208 1132 1267 in
1153 1204 1193 1266 illa

209 1297 262 1351 580
274 1286 386 1370 Urbis3
408 1296 439 1350 et
460 1290 526 1369 ipsa
548 1291 611 1351 suls
635 1290 821 1371 deplangitur
842 1292 939 1353 Ardea
960 1295 1090 1372 permis.

317 1377 438 1456 lamque
461 1377 533 1440 deos
556 1395 660 1441 omues
682 1381 836 1460 ipsamque
858 1379 967 1442 Aeneia
990 1383 1090 1443 virtus

274 1464 419 1528 lunonem
442 1474 558 1528 veteres
581 1467 668 1530 duire
691 1472 830 1547 coegerat
851 1469 928 1531 irase

274 1552 350 1615 Cum
362 1601 371 1637 ,
393 1552 470 1615 bene
493 1554 627 1617 fundatis
649 1555 756 1636 opibus
778 1559 941 1618 crescentis
963 1556 1038 1640 lull,

273 1641 480 1723 Tempestivus
503 1652 568 1706 erat
590 1642 672 1705 eaelo
694 1643 870 1724 Cythereius
892 1644 1000 1707 beros.

208 1739 259 1791 sss
274 1729 483 1811 Ambieratque
505 1730 607 1794 Venus
630 1749 756 1813 superos
768 1779 778 1815 ,
800 1730 934 1813 mboque
959 1736 1098 1814 parentis

275 1817 460 1882 Circumfusa
483 1822 531 1882 sul
554 1816 728 1901 ‘numquam
750 1815 834 1883 mibi'
857 1821 972 1883 dixerat
995 1819 1069 1884 ‘ullo

274 1908 421 1989 Tempore
445 1907 519 1970 dure
542 1917 650 1991 pater,
672 1927 753 1971 nunc
776 1910 817 1971 sis
839 1911 1037 1993 mitissimus,
1064 1917 1151 1992 opto:

273 1997 448 2076 Aeneaeque
472 2014 562 2078 meo,
585 1999 638 2077 qui
658 2005 689 2059 te
712 1997 750 2059 de
772 2000 915 2077 sanguine
938 2004 1043 2060 nostro

273 2084 357 2147 Fecit
379 2097 487 2166 arum,
511 2087 644 2165 momnis
661 2103 786 2166 parvum
809 2084 884 2168 des,
907 2088 1042 2168 optime,
1066 2102 1184 2163 numen,

207 2182 259 2235 tec
272 2172 437 2235 llummodo
461 2172 514 2234 des
537 2171 677 2253 aliquod.
705 2176 777 2235 satis
800 2181 846 2235 est
867 2173 1025 2236 inamabile
1045 2190 1166 2256 reguum

272 2262 429 2343 dspexisse
452 2260 566 2343 semel,
590 2261 707 2342 Stygios
730 2261 822 2323 semel
844 2264 903 2324 lsse
925 2280 981 2342 per
1003 2281 1109 2326 amnes
1117 2258 1135 2324 .'

271 2351 432 2412 Assenscre
456 2349 504 2411 dei
517 2369 532 2431 ς’
548 2367 605 2411 nec
628 2352 757 2412 coniunx
779 2352 860 2430 regia
881 2350 980 2412 vultus

272 2437 403 2500 lumotos
426 2438 523 2500 tenuit
535 2484 545 2519 ‚
567 2438 743 2519 placatoque
766 2441 870 2501 annuit
892 2457 962 2501 ore.

272 2526 349 2588 Tum
370 2534 455 2606 pater
478 2521 575 2587 ‘estis’
598 2529 640 2588 ait
663 2522 795 2588 ‘caelesti
816 2545 942 2589 munere
964 2527 1066 2611 digni,

206 2625 258 2678 tao
272 2613 413 2693 Quaeque
435 2615 535 2696 petis,
557 2632 613 2695 pro
637 2632 755 2695 quoque
777 2618 878 2696 petis.
906 2634 978 2696 cape
990 2664 999 2699 ,
1023 2627 1113 2698 nata,
1171 2693 1180 2724 ⁹

979 2706 1060 2784 quod
1082 2711 1170 2785 optas.

270 2790 361 2854 Fatus
384 2799 469 2853 erat.
497 2790 628 2873 gaudet,
650 2799 809 2872 gratesque
832 2794 893 2872 agit
909 2792 958 2854 illa
981 2796 1116 2872 parenti:

271 2879 388 2959 Perque
411 2880 490 2942 leves
513 2898 600 2942 auras
622 2882 731 2942 iunctis
754 2883 870 2942 invecta
892 2880 1038 2943 columbis

271 2967 355 3030 Litus
378 2969 439 3030 adit
461 2967 616 3050 Laurens,
639 2967 691 3029 ubl
714 2977 811 3031 tectus
833 2968 1000 3031 barrrudiue
1022 2972 1116 3052 serpit

271 3056 305 3118 ln
328 3057 403 3118 irata
424 3056 574 3119 iluminels
597 3059 692 3119 viciam
714 3057 869 3119 Numicius
891 3057 997 3121 undis.

206 3155 258 3209 sou
271 3145 359 3207 Hunc
381 3144 465 3208 iubet
486 3145 603 3207 densae
626 3162 831 3225 quaecumque
854 3144 980 3208 obnoxia
1002 3149 1109 3228 morti,

270 3232 398 3296 Abluere
421 3241 452 3295 et
474 3235 563 3295 tacito
587 3233 706 3296 deierre
729 3233 784 3295 sub
807 3251 936 3314 aequora
959 3251 1068 3296 cursu.

272 3320 430 3403 [Corniger
453 3323 627 3401 exsequitur
648 3319 773 3385 Veneris
795 3323 931 3385 mandata
942 3371 953 3405 ,
975 3326 1098 3404 suisque

272 3409 420 3490 Quicquid
442 3413 474 3473 lu
496 3410 595 3472 densa
617 3411 715 3473 luerat
737 3411 883 3494 mortale,
905 3419 1047 3492 repurgat

270 3497 310 3559 Et
332 3502 476 3579 respersit
499 3501 606 3578 aquis.
633 3516 704 3580 pars
726 3503 838 3581 optima
860 3502 971 3573 restitit
992 3498 1067 3578 illi.]

204 3594 255 3648 ⁸⁰⁶
270 3582 441 3648 Lustratum
463 3588 599 3667 genetrix
622 3587 721 3650 dium
745 3605 854 3671 corpus
878 3588 969 3650 odora
1073 3594 1170 3645 toda·
