2467 4042
183 210 246 276 124
591 211 778 265 sxeouro

312 373 351 437 Et
374 375 454 454 quod
476 375 559 437 iners
581 373 673 437 hicum
695 377 886 437 continuatur
907 375 1048 456 hiemps.

268 462 324 526 llic
346 479 394 524 me
417 470 598 542 pugnantem
621 480 690 524 cum
712 463 823 544 frigore
845 472 982 544 cumque·
997 468 1122 545 sagittis

313 549 448 631 Cumque
470 568 537 612 meo
560 551 620 611 fato
643 561 748 631 quarta
770 551 874 631 fatigat
894 552 1031 632 hiemps.

269 638 342 702 Fine
365 647 468 701 carent
490 637 652 720 lacrimae,
675 641 733 700 nisi
755 657 824 700 cum
847 647 952 719 stupor
974 640 1098 704 obstitit
1120 643 1191 726 illis,

221 740 255 791 ao
313 725 354 788 Et
375 726 481 789 similit
503 728 592 788 morti
615 733 736 807 pectora
759 735 863 806 torpor
885 727 990 790 babet.

269 813 399 877 Felicem
421 813 559 896 Nioben,
582 816 716 895 quamvis
738 823 784 877 tot
806 817 912 876 lunera
934 816 1026 897 vidit,

314 903 395 975 Quae
418 905 519 982 posuit
541 919 664 976 sensum
676 950 686 984 ,
709 921 796 965 saxea
818 905 894 965 iacta
906 951 917 984 ,
939 904 1025 965 mali!

268 989 327 1053 Vos
351 1008 469 1070 qnoque
492 989 612 1073 felices,
636 1008 762 1070 quarum
784 991 940 1053 clamantia
962 992 1089 1054 fratrem

314 1077 431 1141 Cortice
454 1077 561 1140 velarit
582 1077 711 1159 populus
734 1097 786 1141 ore
809 1098 902 1142 novo.

221 1179 255 1230 ao
269 1166 321 1230 Ille
339 1184 393 1246 ego
413 1183 497 1249 sum,
515 1165 628 1246 liguum
647 1169 699 1247 qui
717 1185 777 1229 non
796 1168 933 1230 admittar
951 1171 982 1229 in
1002 1169 1121 1234 udum:
1166 1186 1193 1236 to

313 1253 365 1316 llla
388 1272 443 1334 ego
467 1272 557 1330 sum,
579 1255 690 1316 frustra
714 1259 765 1335 qui
787 1256 862 1336 lapis
884 1274 951 1318 esse
973 1256 1081 1320 veiim.

271 1340 350 1423 [lpse
372 1341 495 1405 Medusa
517 1341 612 1405 oeulis
634 1346 732 1405 veniat
754 1344 825 1406 licet
846 1342 932 1405 obvia
954 1348 1087 1427 nostris,

313 1431 437 1493 Amittet
458 1433 537 1493 vires
559 1433 625 1511 ipsa
646 1430 768 1493 Medusa
791 1430 891 1509 suas]

268 1517 422 1602 Vivimus,
445 1526 479 1581 ut
501 1536 664 1599 numquam
686 1538 778 1583 sensu
801 1538 954 1582 careamus
976 1539 1100 1605 amaro,

222 1618 257 1669 to
314 1606 355 1669 Et
376 1607 493 1686 gravior
515 1607 602 1686 longa
624 1608 659 1669 iit
681 1625 746 1670 mea
768 1627 864 1688 poena
887 1627 986 1671 mora.

271 1694 320 1757 Sic
343 1697 585 1776 inconsumptum
608 1695 687 1777 Tityi
710 1714 887 1776 semperque
910 1714 1072 1759 renascens

313 1782 380 1845 Nou
402 1785 502 1863 perit,
526 1791 559 1845 ut
581 1787 676 1863 possit
699 1802 786 1865 saepe
810 1788 932 1867 perire,
954 1788 1058 1848 iecur.

269 1873 308 1934 it
320 1917 329 1953 ,
351 1879 448 1951 puto,
474 1890 543 1934 cum
565 1875 687 1953 requies
709 1872 914 1953 medicinaque
937 1872 1057 1953 publica
1081 1895 1179 1942 curae

315 1959 444 2023 Somnus
466 1960 572 2041 adest,
595 1960 691 2022 solitis
713 1979 772 2022 nox
795 1964 876 2023 venit
898 1960 971 2023 orba
993 1964 1100 2027 malis.

221 2058 256 2110 to
271 2048 392 2109 Somnia
414 2066 462 2109 me
485 2055 602 2111 terrent
623 2066 709 2110 veros
734 2051 878 2111 imitantia
901 2067 1005 2131 casus,

315 2135 353 2198 Et
376 2136 498 2216 vigilant
520 2153 627 2198 seusus
649 2139 680 2198 in
704 2155 768 2199 mea
792 2137 897 2199 damna
919 2140 995 2199 mei.

270 2225 330 2286 Aut
352 2242 408 2304 ego
431 2224 607 2286 Sarmaticas
630 2225 732 2286 videor
754 2227 848 2287 vitare
872 2228 1008 2307 sagittas,

315 2312 374 2374 iut
396 2312 466 2374 dare
490 2315 622 2391 captivas
644 2314 681 2374 ad
704 2313 766 2375 lena
789 2313 885 2375 vincla
907 2331 1031 2376 manus.

270 2401 330 2463 lut
352 2399 404 2461 ubi
427 2399 560 2481 decipior
582 2400 714 2463 melioris
736 2404 863 2481 imagine
887 2405 1000 2482 somni,

223 2500 257 2552 so
315 2489 435 2570 Aspicio
458 2491 570 2569 patriae
594 2497 673 2551 tecta
696 2490 799 2552 relicta
820 2508 923 2552 meae.

271 2576 310 2639 Et
331 2576 419 2639 modo
442 2576 595 2639 vobiscum
607 2625 617 2659 ,
641 2595 717 2657 quos
740 2596 807 2639 snm
830 2585 1009 2660 veneratus,
1032 2583 1151 2663 amici,

315 2664 355 2727 Et
376 2664 464 2727 modo
488 2683 557 2727 cum
580 2683 649 2727 cara
670 2669 796 2745 coniuge
820 2667 912 2728 multa
934 2666 1058 2747 loquor.

272 2752 321 2815 Sic
344 2753 396 2815 ubi
418 2762 560 2834 percepta
583 2763 630 2814 est
652 2753 750 2816 brevis
773 2763 804 2816 et
826 2774 886 2816 non
908 2773 978 2816 rara
1000 2756 1170 2837 voluptas,

315 2842 405 2903 Peior
427 2840 465 2903 ab
487 2842 640 2904 admonitu
662 2844 697 2903 iit
719 2851 814 2905 status
831 2847 894 2905 iste
917 2842 1003 2905 boni.

225 2940 258 2992 oo
274 2930 341 2993 Sive
365 2930 429 2992 dies
451 2932 544 3010 igitur
567 2938 657 3008 caput
678 2930 736 2992 boc
758 2931 926 2993 miserabile
950 2932 1064 3014 ceruit,

316 3017 384 3081 Sive
406 3020 542 3098 pruinosi
564 3017 669 3080 Noctis
693 3027 821 3099 aguntur
844 3022 931 3101 equi,

273 3107 323 3170 Sic
347 3125 410 3169 mea
433 3109 587 3186 perpetuis
609 3107 768 3187 liqueilunt
789 3115 912 3187 pectora
934 3110 1033 3188 curis,

316 3194 439 3276 ignibus
461 3195 587 3257 admotis
610 3203 645 3257 ut
667 3212 741 3257 nova
764 3214 833 3257 cera
856 3195 949 3258 solet.

274 3284 368 3364 Saepe
400 3301 508 3364 precor
538 3291 690 3365 mortem,
720 3293 847 3346 mortem
879 3300 999 3365 quoque
1030 3282 1196 3365 deprecor

821 3372 919 3454 idem,
1182 3395 1213 3444 (a)

225 3474 259 3524 60
317 3460 361 3522 Ne
384 3477 450 3522 mea
474 3460 670 3523 Sarmaticum
693 3468 831 3541 contegat
852 3478 919 3522 ossa
942 3461 1056 3524 solum.

274 3548 349 3609 Cum
373 3548 475 3629 subit,
498 3549 625 3628 Augusti
648 3567 724 3628 quae
748 3552 786 3612 sit
810 3550 985 3630 clementia,
1007 3553 1103 3613 credo
