2467 4042
436 250 485 301 HL·
503 260 542 300 n1
556 251 660 301 25-1v
674 252 698 301 e.
1023 245 1067 311 43

144 410 217 472 Nam
241 413 268 473 si
289 419 386 472 morte
409 428 514 472 carens
537 428 628 471 vaona
651 410 729 472 volat
752 410 829 472 altus
851 411 884 471 in
906 427 978 471 aura

144 499 297 581 Spiritus,
320 508 351 560 et
374 499 465 560 Samii
488 507 559 559 sunt
580 507 644 559 rata
668 498 747 559 diota
770 500 868 580 senis,

143 588 225 649 Inter
248 587 427 649 Sarmaticas
449 585 581 647 Romana
603 586 758 666 vagabitur
781 586 920 667 umbras,

142 675 259 755 Perque
283 677 363 737 leros
386 692 488 736 manes
511 673 629 753 hospita
651 693 768 754 semper
791 676 866 755 erit3

94 777 128 825 65
144 764 218 825 Ossa
241 773 341 825 tamen
364 763 453 840 lecito
476 780 566 841 parva
588 763 758 824 referantur
780 764 812 824 in
835 780 928 824 urna:
1002 773 1008 780 ’

144 852 193 914 Sie
217 868 272 930 ego
295 870 355 912 non
378 853 466 912 etiam
489 858 628 912 mortuus
650 850 719 911 exul
742 868 812 911 ero.

143 939 208 1001 Non
222 948 302 1001 vetat
320 940 376 1000 hoo
391 941 564 1018 quisquam:
583 939 706 1000 fratrem
720 937 860 999 Thebana
878 945 1066 1021 peremptum

146 1028 309 1109 Supposuit
331 1026 446 1089 tumulo
470 1043 541 1106 rege
564 1034 681 1087 vetante
705 1044 808 1087 soror.

142 1117 238 1196 Atque
262 1134 295 1177 ea
319 1133 387 1177 eum
410 1114 489 1176 loliis
512 1122 543 1174 et
565 1117 674 1176 amomi
695 1114 818 1194 pulvere
840 1116 950 1195 misse,
1014 1112 1028 1130 '

94 1218 128 1267 lo
142 1204 235 1284 Inque
259 1203 431 1266 suburbano
455 1202 573 1264 condita
595 1221 673 1282 pone
697 1202 778 1283 solo;

143 1293 284 1371 Quosque
307 1291 386 1370 legat
407 1305 513 1352 versus
535 1291 622 1351 ooulo
645 1298 824 1370 properante
847 1291 958 1372 viator,

142 1379 311 1441 Grandibus
333 1381 364 1440 in
387 1378 468 1440 tituli
491 1396 638 1441 marmore
661 1379 752 1440 caede
775 1380 871 1440 notisz

140 1487 195 1529 mo
209 1498 217 1513 ·
230 1487 293 1530 eoo
308 1496 316 1513 ·
330 1487 384 1535 otu
399 1486 513 1530 meno
527 1498 534 1513 ·
549 1486 740 1529 sannorum
754 1498 761 1513 ·
775 1485 877 1529 nuson
890 1496 897 1510 ·
912 1484 1043 1528 suorum

141 1575 270 1619 mantuo
284 1586 292 1601 ·
305 1575 391 1617 rnen
404 1586 412 1602 ·
426 1573 506 1617 nuso
521 1586 528 1600 ·
541 1575 646 1617 ronne
660 1586 667 1600 ·
681 1574 746 1618 uno

94 1655 541 1712 lesu-rm1·oul·rnsns1s
562 1674 570 1690 ·
588 1664 630 1705 nn
648 1660 1064 1709 ·s1r·osnvn·w1sou1s·

603 1750 720 1793 Annuus

141 1840 256 1883 oronnae
271 1850 279 1867 ·
293 1838 423 1883 nesonrs
438 1851 445 1865 ·
460 1839 620 1882 uonnrrne
633 1852 641 1865 ·
656 1838 752 1882 oses·
768 1838 890 1882 ouennr

140 1908 205 1970 lloo
228 1911 300 1971 satis
322 1911 353 1969 in
378 1908 465 1970 titulo
489 1916 555 1970 est.
593 1911 705 1969 etenim
727 1910 838 1969 maiora
861 1905 952 1967 libelli

142 1995 180 2057 Et
203 1996 342 2059 diuturna
365 1999 459 2076 magis
482 2004 553 2058 sunt
575 1999 755 2058 monimenta
779 1995 868 2075 mihi,

142 2085 223 2156 Quos
246 2103 301 2165 ego
325 2084 463 2165 conlido,
486 2087 621 2163 quamvis
644 2102 796 2165 nocuere,
819 2083 941 2144 daturos

92 2187 126 2236 80
141 2173 254 2235 Nomen
278 2181 309 2234 et
331 2175 447 2235 electori
471 2180 604 2252 tempora
627 2172 714 2252 longa
738 2190 810 2234 suo.

140 2261 186 2323 Tu
210 2269 309 2324 tamen
332 2263 463 2322 extincto
486 2261 588 2322 feralia
610 2278 736 2322 munera
759 2276 877 2338 semper

142 2348 242 2429 Deque
265 2351 326 2411 tuis
348 2349 479 2410 lacrimis
501 2348 601 2411 umida
625 2356 704 2409 serta
727 2349 814 2409 dato.

141 2436 280 2508 Quamvis
303 2439 335 2498 ln
358 2439 475 2498 cineres
498 2455 608 2517 corpus
631 2438 791 2498 mutaverit
811 2437 907 2517 ignis,

141 2525 257 2586 Sentiet
279 2526 411 2587 olliolum
433 2533 545 2587 maesta
567 2525 664 2587 favilla
686 2527 787 2604 pium.

92 2627 126 2676 85
142 2612 264 2674 Soibere
286 2614 372 2694 plura
394 2611 488 2674 libet.
526 2613 578 2675 sed
601 2631 658 2673 vox
681 2613 754 2675 mihi
777 2612 855 2673 fossa
877 2610 1026 2691 loquendo

139 2702 276 2764 biotendi
298 2704 376 2764 vires
400 2703 538 2781 siooaque
561 2702 662 2780 lingua
685 2709 790 2781 negat.

139 2791 249 2869 Accipe
272 2808 413 2872 supremo
436 2791 549 2852 dietum
571 2789 646 2851 mibi
668 2790 793 2851 forsitan
816 2806 884 2870 ore,

140 2878 247 2960 Quod,
270 2878 327 2941 tibi
350 2881 403 2959 qui
425 2880 536 2961 mittit,
559 2896 621 2940 non
644 2876 733 2940 habet
755 2880 820 2958 ipse
832 2924 842 2959 ,
865 2875 946 2938 valel
1058 2883 1060 2886 ’

521 3068 581 3144 IV.

138 3227 163 3289 0
186 3226 260 3290 mihi
283 3245 351 3290 care
373 3227 494 3307 quidem
518 3244 659 3306 semper,
684 3226 737 3288 sed
760 3235 895 3304 tempore
917 3224 993 3286 duro

138 3316 285 3399 Cognito,
307 3334 357 3378 res
379 3324 537 3397 postquam
559 3313 748 3394 procubuere
772 3331 873 3389 meae,

136 3404 247 3467 Usibus
270 3405 377 3467 edocto
400 3406 427 3466 si
449 3406 608 3484 quiequam
631 3402 730 3465 eredis
753 3405 866 3482 amieo,

137 3493 207 3556 Vive
231 3493 286 3556 tibi
309 3502 339 3556 et
361 3493 448 3572 longe
471 3494 591 3555 nomina
614 3510 719 3571 magna
742 3493 829 3570 luge.

106 3581 208 3644 olive
230 3582 307 3664 tibi,
331 3588 534 3662 quantumque
557 3589 644 3663 potes
665 3579 844 3661 praelustria
867 3580 942 3642 vitat
