2467 4042
163 213 223 277 112
547 207 796 271 HEROIDES.

246 367 364 424 Interea
380 363 496 439 patrius
513 362 597 423 vultu
611 368 764 421 maerente
780 361 903 421 satelles

289 446 393 522 Venit,
416 454 446 507 et
459 446 604 520 indignos
620 444 717 505 edidit
730 460 786 505 ore
801 459 903 506 sonos.

204 543 238 599 95
251 533 380 594 ‘Aeolus
394 532 475 591 bunc
490 545 597 591 ensem
613 528 700 590 mittit
713 528 812 591 dbl’...
824 528 952 591 tradidit
965 543 1115 591 ensem...

291 615 490 677 ε1311011111
504 613 612 680 merito
628 613 723 689 scire,
746 613 821 689 quid
837 613 894 673 iste
908 612 1004 673 velit’

248 702 379 763 Scimus.
401 706 431 760 et
443 704 564 759 utemur
578 697 713 758 violento
729 697 845 758 fortiter
858 712 943 759 ense.

289 782 467 844 Pectoribus
486 780 617 842 condam
634 782 717 843 dono
731 786 859 856 paterna
871 780 958 841 meis.

248 870 303 930 llis
320 884 389 929 mea
404 865 596 938 muneribus,
617 865 753 941 genitor,
775 864 906 926 conubia
918 865 1040 926 domest

188 966 235 1019 100
288 954 354 1012 Hac
368 959 421 1013 tuo
436 951 523 1025 dote,
543 956 644 1026 peter,
665 950 728 1010 filia
740 948 830 1011 dives
845 949 923 1009 eritt

247 1039 332 1099 Tolle
347 1036 454 1112 procul
472 1035 602 1110 decepte
618 1033 718 1108 loces,
739 1032 931 1109 Hymenaee,
953 1034 1096 1107 meritas,

290 1121 328 1181 Et
343 1122 414 1195 luge
428 1118 550 1180 turbato
566 1123 646 1178 tecta
660 1117 793 1179 nefanda
810 1117 901 1192 pede.

248 1206 335 1266 Ferte
351 1206 436 1264 laces
451 1202 482 1262 in
497 1217 562 1275 me,
586 1217 664 1277 quas
681 1200 780 1275 lertls,
800 1200 933 1278 Erinyes
948 1207 1042 1275 atrae,

289 1289 338 1349 Ac
353 1304 438 1348 meus
451 1302 493 1346 ex
510 1286 570 1347 isto
585 1286 687 1346 luceat
700 1286 771 1360 igne
784 1300 888 1359 rogus.

188 1384 235 1438 105
246 1372 355 1435 Nubite
372 1371 478 1431 felices
494 1369 592 1429 Parca
605 1369 731 1430 meliore
746 1383 882 1444 sorores,

291 1458 436 1516 Amissae
450 1469 603 1515 memores
618 1452 676 1514 sed
690 1459 791 1514 mmeo
806 1459 872 1514 este
886 1453 956 1519 mei.

250 1540 328 1616 Quid
343 1555 421 1616 puer
436 1537 560 1599 admisit
573 1543 634 1599 tam
651 1538 757 1613 paucis
770 1536 873 1599 editus
887 1537 992 1599 borist

293 1625 358 1700 Quo
374 1622 464 1684 laesit
477 1623 558 1682 lacto
575 1621 627 1682 vix
641 1621 720 1683 bene
734 1626 823 1683 natue
837 1628 950 1682 avumt

251 1710 283 1771 Si
298 1708 399 1785 potuit
412 1706 563 1767 meruisse
576 1720 699 1779 necem,
723 1705 874 1766 meruisse
888 1712 1025 1782 putetur:

188 1806 237 1858 110
290 1795 333 1853 A!
355 1791 450 1852 miser
462 1791 599 1851 admisso
615 1789 756 1866 plectitur
770 1789 821 1849 ille
835 1797 919 1850 meol

249 1879 342 1952 Nate,
365 1876 455 1936 dolor
468 1874 589 1946 matris,
610 1873 786 1949 rapidorum
802 1873 919 1949 praeda
933 1874 1077 1950 serarum,

293 1959 430 2034 1111111111,
453 1958 545 2019 natali
559 1958 722 2018 dilacerate
738 1964 805 2017 too=

250 2045 339 2119 Nate,
362 2059 469 2119 pamm
488 2041 578 2103 fausti
592 2040 766 2103 miserabile
782 2041 891 2116 pignus
906 2042 1034 2103 amoris:

103 2190 107 2201 ,
293 2129 377 2187 Haec
391 2125 444 2186 tibi
460 2125 558 2201 prima
571 2126 655 2200 dies,
679 2126 756 2185 haec
770 2125 824 2186 tibi
838 2140 957 2185 summa
970 2126 1036 2186 luit

186 2224 237 2277 115
248 2213 315 2273 Non
330 2210 402 2271 mibi
420 2218 450 2272 te
463 2210 548 2271 licuit
561 2209 694 2271 lacrimis
713 2209 899 2285 pertundere
912 2209 1011 2283 iustis,

291 2297 324 2355 Io
341 2303 392 2357 tua
407 2310 468 2355 non
486 2300 594 2354 tonsas
609 2294 689 2353 ferre
703 2293 868 2368 sepulchro
882 2309 1002 2354 comos:

249 2382 316 2442 Non
332 2394 427 2455 super
440 2377 580 2452 incubui,
602 2393 664 2438 non
679 2379 786 2439 osculo
801 2376 910 2451 frigida
924 2377 1037 2453 carpsi.

292 2462 443 2538 Diripiunt
456 2462 568 2523 avidae
583 2462 704 2521 viscera
718 2467 823 2522 nostre
837 2462 929 2521 serae.

250 2549 323 2625 Ipso
338 2562 463 2623 quoque
476 2547 600 2606 intentis
615 2561 684 2606 cum
701 2545 826 2607 vulnere
841 2545 1176 2624 prosequorumbros,

187 2645 239 2697 110
292 2633 356 2692 Nec
369 2638 467 2692 mater
482 2631 567 2691 luero
584 2630 679 2702 dicta,
702 2644 759 2689 nec
773 2629 849 2690 orba
864 2630 925 2691 diu.

249 2716 292 2775 'lu
305 2722 422 2790 tomen,
445 2722 479 2776 ot
503 2715 615 2775 lrustro
629 2713 761 2775 miserae
775 2721 898 2790 sperate
912 2716 1020 2784 sorori,

294 2799 426 2876 Sparsa,
449 2814 574 2876 precor,
596 2797 659 2859 nati
673 2797 783 2873 collige
797 2798 933 2858 membro
947 2798 999 2872 tui,

249 2885 288 2946 Et
301 2884 382 2944 11111
396 2884 436 2944 ad
449 2890 577 2944 matrem
591 2881 742 2959 socioque
756 2881 871 2959 inpone
885 2882 1062 2958 sepulchro,

293 2969 440 3043 Urnaque
455 2983 512 3028 nos
529 2967 641 3029 habeat
655 2966 821 3041 quamlibet
833 2973 898 3028 arto
914 2966 1002 3029 duos.

188 3062 236 3117 125
249 3053 329 3113 Vive
342 3067 460 3112 memor
473 3052 580 3112 nostri.
601 3050 805 3126 lacrimasque
818 3052 849 3111 in
863 3051 992 3113 vulnero
1005 3050 1111 3127 ltmde,

292 3136 377 3196 Neve
391 3136 557 3197 reformida
571 3150 684 3212 corpus
699 3135 828 3197 nutantis
843 3150 959 3196 amans.

250 3220 310 3292 Tu,
332 3236 421 3296 rogo,
443 3219 573 3282 dilectos
587 3220 712 3280 nimium
726 3220 871 3282 mandata
881 3219 1002 3283 sororis

292 3304 405 3364 Perfer.
426 3305 578 3366 mandatis
594 3305 734 3381 perfruor
747 3305 816 3381 ipsa
831 3304 937 3383 patris.
