2467 4042
435 253 472 303 H.
491 251 642 307 111-111.
660 254 729 303 132.

393 522 532 605 LIBER
560 519 768 604 TERTIUS.

568 711 597 783 Ι.

168 856 287 934 Aequor
309 853 424 915 lasonio
447 853 596 932 pulsatum
620 854 731 931 remige
753 853 901 933 primum,
1043 862 1088 915 <tal

214 943 355 1022 Quaeque
379 961 434 1002 nec
457 942 543 1002 hoste
566 941 631 1001 sero
654 959 710 1001 nec
733 942 823 1021 nive,
845 949 948 1018 terra,
971 955 1070 1018 cares,

169 1031 291 1109 Ecquod
316 1032 373 1091 erit
397 1039 515 1109 tempus
528 1075 537 1109 ,
566 1047 624 1108 quo
648 1046 700 1088 vos
728 1046 782 1106 ego
805 1027 882 1088 Naso
905 1026 1088 1109 relinquam,

213 1117 247 1181 ln
270 1120 369 1179 minus
392 1117 494 1178 hostili
517 1119 617 1178 iussus
641 1115 745 1176 abesse
768 1112 860 1177 loco?

139 1207 214 1268 sein
238 1207 312 1267 milri
334 1205 470 1266 barbaria
493 1203 650 1265 vivendum
674 1221 792 1283 semper
814 1205 845 1264 in
868 1206 943 1285 ista,

212 1294 305 1373 Inque
328 1294 483 1354 Tomitana
505 1294 616 1354 condar
640 1299 757 1371 oportet
779 1288 897 1353 humo?

169 1381 245 1443 Pace
268 1390 342 1461 tua,
366 1383 392 1441 si
413 1400 470 1460 pax
493 1380 553 1440 ulla
575 1388 622 1441 est
644 1388 717 1460 tua,
739 1378 863 1440 Pontica
886 1378 991 1460 tellus,

213 1468 372 1530 Finitimus
394 1467 497 1546 rapido
522 1485 609 1546 quam
632 1470 703 1528 terit
724 1467 819 1527 hostis
842 1486 938 1549 equo;

169 1556 245 1618 Pace
268 1565 319 1617 tua
343 1557 452 1617 dixisse
476 1555 585 1617 velim:
622 1564 654 1616 tu
677 1557 805 1634 pessima
828 1554 903 1615 duro

123 1656 156 1707 10
215 1643 287 1705 Pars
310 1662 343 1704 es
365 1646 397 1704 in
420 1643 530 1723 exilio,
553 1652 586 1704 tu
609 1643 685 1703 mala
708 1652 811 1703 nostra
834 1661 956 1721 gravas.

172 1731 218 1793 'lu
242 1750 339 1811 neque
362 1749 415 1792 ver
438 1734 531 1792 sentis
555 1734 685 1792 cinctum
708 1732 834 1791 llorente
858 1747 984 1812 corona,

216 1821 262 1881 'lu
286 1838 382 1899 neque
405 1837 571 1880 messorum
595 1837 721 1899 corpora
743 1817 822 1879 nuda
845 1818 944 1900 vides,

170 1908 232 1969 Nec
256 1907 311 1969 tibi
333 1910 504 1987 pampineas
528 1915 689 1970 autumnus
711 1908 838 1987 porrigit
860 1925 949 1968 uvas:

215 1995 329 2057 Cuncta
352 1995 404 2057 sed
426 1996 609 2056 inmodicum
631 2004 765 2076 tempora
788 1996 883 2073 frigus
905 1994 1032 2056 habent.

123 2095 156 2144 15
170 2084 216 2146 'lu
239 2084 332 2164 glacie
355 2085 432 2145 freta
454 2087 552 2145 vincta
574 2092 682 2165 tenes,
706 2092 736 2144 ct
758 2086 789 2144 in
813 2101 941 2164 aequore
963 2086 1054 2163 piscis

213 2171 350 2233 lnclusus
373 2179 452 2234 tecta
476 2190 563 2253 saepe
587 2175 697 2233 natavit
720 2190 810 2251 aqua.

170 2260 231 2321 Nec
254 2260 308 2321 tibi
331 2268 401 2321 sunt
425 2261 544 2342 lentes,
566 2260 662 2321 laticis
685 2262 743 2320 uisi
765 2278 859 2339 paene
882 2261 1007 2341 marini,

215 2347 274 2419 Qui
295 2356 384 2428 potus
407 2347 531 2409 dubium
555 2351 640 2409 sistat
663 2346 759 2408 alatne
782 2350 878 2409 sitim.

170 2436 269 2515 Rara,
292 2454 390 2516 neque
412 2435 486 2497 haec
509 2436 602 2516 felix,
625 2439 656 2497 in
680 2437 791 2515 apertis
814 2438 924 2497 eminet
946 2436 1023 2496 arvis

122 2536 157 2585 20
214 2523 334 2605 Arbor,
358 2532 388 2585 et
410 2525 441 2584 in
464 2533 544 2586 terra
567 2532 613 2585 est
636 2522 728 2585 altera
751 2525 846 2585 lorma
868 2526 975 2585 maris.

171 2610 236 2671 Non
261 2614 321 2672 avis
344 2610 516 2691 obloquitur
540 2614 610 2685 [nisi
633 2612 717 2673 silvis.
738 2614 822 2692 quua
844 2614 967 2674 remotis

214 2700 385 2779 Aequoreos
407 2718 498 2761 rauco
522 2708 643 2779 gutture
666 2708 749 2781 potat
771 2718 862 2781 aquas
873 2700 894 2778 .]

171 2786 279 2849 Tristia
302 2806 357 2868 per
379 2807 488 2850 vacuos
510 2789 636 2850 horrent
657 2789 804 2851 absinthia
827 2807 964 2871 compca,
1044 2801 1089 2853 (⁷³)

215 2876 459 2957 Conveniensque
483 2895 538 2938 suo
562 2880 667 2939 messis
691 2896 788 2939 amara
811 2876 894 2940 loco.

122 2975 156 3024 25
170 2964 252 3025 Aclde
274 2973 394 3044 metus,
418 2974 448 3025 et
470 2964 550 3043 quod
573 2984 677 3027 murus
700 2966 836 3044 pulsatur
859 2965 896 3027 ab
918 2964 1021 3045 hoste,

215 3051 377 3129 Tinctaque
401 3053 555 3113 mortifera
577 3052 645 3113 tabe
669 3057 773 3132 sagitta
796 3053 912 3133 madet3

171 3137 256 3210 Quod
280 3138 385 3217 procul
403 3140 476 3198 haec
499 3141 582 3217 regio
601 3148 647 3200 est
669 3148 700 3200 et
722 3139 758 3200 ab
777 3142 858 3199 omni
881 3140 964 3200 devia
983 3157 1089 3222 cursu,

215 3225 276 3286 Nec
299 3226 375 3304 pelle
398 3244 458 3305 quo
482 3229 639 3304 quisquam
663 3244 718 3287 nec
741 3235 914 3291 ratetutus
937 3235 1000 3289 eat.

170 3313 235 3374 Non
258 3315 351 3392 igitur
373 3316 504 3395 mirum,
529 3314 617 3373 finem
641 3313 854 3393 quaerentibus
876 3315 984 3376 horum

122 3414 157 3465 30
216 3402 316 3463 Altera
338 3405 364 3464 si
386 3402 474 3463 nobis
496 3420 592 3481 usquc
615 3410 737 3481 rogatur
759 3402 885 3466 humus.

169 3490 212 3551 'le
235 3493 328 3570 magis
351 3499 398 3553 est
421 3493 529 3552 mirum
552 3508 612 3552 non
634 3491 692 3553 hoc
716 3493 876 3573 evincere,
898 3493 1045 3573 coniunx,

214 3578 308 3659 loque
331 3582 406 3642 meis
427 3580 564 3642 lacrimas
585 3598 674 3661 posse
697 3588 800 3642 tenere
824 3582 924 3644 malis.
