2467 4042
179 165 260 288 ¹250
601 221 794 274 russonuu

325 387 457 468 Errant,
481 405 560 449 nuno
583 388 681 466 posito
703 387 837 466 pascitur
859 384 964 448 umbra
988 386 1081 449 cibo.

281 475 342 537 Nee
361 485 458 537 tamen
476 475 549 536 hacc
568 475 667 554 ultra,
691 493 780 553 quam
804 483 847 535 tot
867 475 903 534 de
923 493 1026 536 mense
1054 480 1201 557 supersint

325 564 477 645 Luciferi,
501 571 573 644 quot
596 563 707 624 habent
730 565 859 624 carmina
882 573 985 624 nostra
1008 565 1125 643 pedes.

282 652 386 734 lianc,
410 655 479 733 quia
501 654 579 713 insta
602 651 725 731 lornant,
748 652 850 712 dixere
873 650 988 712 Feralia
1010 651 1135 737 lucem,

215 755 268 804 5⁷0
326 741 434 803 Ultima
456 740 606 820 placandis
630 740 766 801 manibus
788 739 838 801 illa
860 740 944 801 dics.

281 829 358 891 Ecce
382 847 478 891 annus
499 831 531 890 in
554 828 660 889 mediis
683 829 817 891 residens
840 846 951 889 annosa
973 829 1089 908 puellis

329 918 418 980 Sacra
441 920 512 979 lacit
534 917 676 979 Tacitae:
708 920 756 978 vix
779 927 876 978 tamen
899 919 963 996 ipsa
986 926 1090 981 tacet:

282 1006 320 1068 Et
343 1007 442 1085 digitis
465 1008 522 1067 tria
545 1013 613 1068 tura
635 1006 732 1067 tribus
756 1005 811 1067 sub
835 1006 936 1066 limine
958 1008 1066 1086 ponit,

327 1095 390 1167 Qua
414 1095 513 1155 brevis
535 1094 685 1155 oecultum
708 1113 775 1155 murs
799 1093 856 1155 sibi
879 1095 950 1154 iecit
972 1096 1052 1157 iter.

216 1196 268 1247 oto
283 1183 366 1245 Tune
389 1191 505 1244 cantata
528 1182 599 1261 ligat
622 1201 690 1243 cum
713 1184 798 1244 lusco
820 1182 887 1243 licia
910 1181 1062 1264 rhombo,

327 1271 366 1333 Et
388 1279 503 1351 septem
526 1273 626 1351 nigras
649 1274 800 1332 versatio
823 1289 876 1332 orc
899 1270 1000 1333 iahas.

284 1360 428 1440 Quodque
451 1362 519 1439 pice
541 1359 719 1440 adstrinxit,
747 1360 825 1440 qnod
849 1377 904 1420 acu
926 1361 1050 1421 traiecit
1076 1368 1168 1443 aena,

328 1448 476 1510 Ohsutnm
498 1466 619 1510 maenae
642 1457 737 1509 torret
760 1451 791 1509 in
814 1451 882 1526 igne
905 1457 1013 1530 caput3

283 1537 355 1599 Vina
379 1555 497 1618 quoque
520 1534 664 1598 instillat.
706 1539 766 1598 vini
790 1537 998 1617 quodcumque
1021 1539 1170 1602 relictum

832 1634 895 1704 est,

217 1728 270 1779 580
329 1714 388 1775 hut
409 1717 495 1796 ipsa,
519 1723 570 1777 aut
592 1716 738 1794 comites,
761 1713 829 1793 plus
852 1722 950 1774 tamen
973 1715 1066 1797 ipsa,
1091 1717 1184 1781 bibit.

284 1799 430 1864 ‘Hostiles
451 1803 567 1882 linguas
589 1805 769 1882 inimicaque
792 1804 938 1863 vinximus
960 1797 1031 1863 ora’

328 1892 405 1953 Dicit
427 1891 605 1973 discedens,
630 1891 770 1971 ebriaque
793 1893 854 1952 exit
876 1908 968 1952 anus.

284 1980 424 2042 Protinus
447 1997 463 2040 a
486 1980 593 2059 nohis,
617 1997 692 2059 qrrac
717 1981 756 2040 sit
778 1978 832 2039 dea
855 1978 934 2038 Muta
946 2024 955 2058 ,
980 1981 1149 2059 requires.

327 2069 435 2150 Disce,
458 2086 513 2148 per
535 2072 674 2149 antiquos
697 2086 773 2147 quae
797 2067 868 2127 mihi
890 2074 959 2127 nota
983 2085 1099 2131 senes.

217 2170 270 2221 555
284 2157 439 2238 luppiter,
461 2157 605 2218 indomito
629 2155 770 2219 luturnae
793 2163 897 2234 captus
920 2172 1043 2237 amore,

327 2245 418 2306 llulta
441 2244 509 2306 tulit
531 2254 614 2306 tanto
638 2262 698 2305 uon
721 2244 859 2323 patienda
881 2244 953 2305 deo.

284 2334 334 2396 llla
359 2334 444 2394 modo
468 2336 498 2394 in
523 2334 603 2395 silvis
626 2335 706 2394 inter
729 2333 858 2412 coryleta
879 2330 1006 2414 latebat,

328 2422 414 2483 Nune
436 2425 467 2484 ln
491 2433 629 2502 cognatas
653 2420 807 2482 desiliebat
830 2439 939 2501 aquas.

284 2511 433 2574 Convomt
459 2510 508 2572 hic
537 2510 702 2591 nymphas,
730 2509 847 2572 Latium
873 2526 1084 2590 quaecumque

832 2596 994 2679 tenebant,

218 2701 279 2753 tao·
329 2688 368 2749 Et
389 2691 460 2750 iacit
481 2691 513 2750 in
536 2689 634 2750 medio
658 2687 725 2750 talia
747 2687 837 2749 verba
859 2686 969 2748 choros

285 2772 417 2839 ‘invidet
439 2779 503 2858 ipsa
526 2777 604 2857 sibi,
628 2779 758 2856 vitatque
782 2775 861 2856 quod
885 2773 1004 2855 expedit
1028 2775 1094 2857 illi,

329 2865 433 2927 Vestra
456 2882 564 2945 soror,
588 2883 704 2926 summo
727 2867 850 2943 iungere
874 2862 1006 2925 membra
1031 2864 1113 2927 deo.

285 2953 436 3017 Consulite
460 2952 626 3015 amhobusl
659 2972 726 3015 nam
749 2971 825 3032 qnae
843 2971 909 3014 mea
927 2969 1035 3032 magna
1059 2954 1209 3038 voluptas,

329 3043 445 3104 Utilitas
468 3049 583 3104 vestrae
606 3045 701 3122 prima
725 3044 836 3103 sororis
859 3043 934 3103 erit.

218 3144 270 3196 595
285 3131 343 3194 Vos
366 3131 409 3193 illi
432 3133 462 3193 in
486 3133 580 3210 prima
604 3132 730 3210 fugienti
752 3129 887 3191 obsistite
911 3131 991 3209 ripa,

328 3219 371 3282 Ne
395 3238 449 3281 sua
471 3220 610 3281 lluminca
634 3236 758 3297 corpora
783 3227 896 3297 mergat
918 3212 1029 3298 aqua?

284 3309 422 3371 Dixerat:
456 3309 621 3370 adnuerant
643 3325 746 3370 omnes
770 3306 955 3368 Tiberinides
978 3305 1079 3391 udae,

330 3398 471 3477 Quaeque
496 3396 597 3459 colunt
621 3395 786 3476 thalamos,
809 3395 861 3456 llia
885 3395 948 3456 dira
961 3440 971 3475 ‚
994 3402 1088 3459 tuos.

285 3483 374 3545 Forte
398 3485 455 3546 suit
477 3486 563 3564 nais,
585 3484 662 3545 Lara
684 3486 826 3544 nomine.
866 3485 961 3563 prima
985 3484 1041 3545 sed
1067 3486 1121 3551 illi

219 3582 271 3631 auo
330 3571 413 3631 llicta
435 3571 482 3631 his
505 3574 660 3651 antiquum
683 3570 791 3651 syllaba
814 3590 924 3634 nomen
946 3579 1030 3655 erat,
