2467 4042
403 239 452 290 111.
471 249 484 289 1
499 241 611 290 tot-11
626 242 668 289 11.
975 237 1039 302 169

166 404 224 464 Per
247 420 349 463 rerum
371 400 488 463 turbam
512 408 545 461 tu
569 417 688 479 quoque
711 408 830 479 oportet
853 400 934 478 eas.]

67 502 111 552 140
124 490 197 552 Cum
220 490 274 550 11111
297 492 455 567 contigerit
477 488 590 549 vultum
614 488 736 548 lunonis
759 489 858 568 adire,

92 609 94 612 v
166 578 225 639 Fac
249 580 290 639 sis
314 594 481 657 personae,
506 594 594 654 quam
617 584 743 656 tueare,
766 594 897 637 memor.

124 666 184 727 Nec
207 664 466 727 100100110100110
485 681 605 724 mcum.
643 663 718 723 mala
736 682 823 724 causa
843 663 955 724 silenda
978 672 1039 725 est.

167 754 215 814 Nil
238 756 296 814 nisi
319 752 462 813 sollicitae
486 755 546 811 sint
569 762 618 811 tua
641 750 730 812 verba
753 770 875 831 preces.

125 842 200 904 Tum
222 840 351 902 lacrimis
369 839 514 900 demenda
532 852 618 899 'mora
638 847 700 913 est,
724 843 940 919 summissaque
961 849 1041 901 terra

64 942 111 992 100
167 929 211 989 Ad
234 947 294 990 non
317 928 449 989 mortalis
471 927 591 988 brachia
614 927 702 988 tende
725 928 834 1007 pedes.

126 1017 199 1079 Tum
223 1025 291 1097 pete
314 1017 356 1077 nil
379 1015 458 1077 aliud
471 1063 480 1096 ,
504 1034 591 1076 saevo
614 1018 673 1076 nisi
696 1015 732 1077 ah
755 1016 841 1077 hoste
864 1016 1019 1077 recedam:

167 1105 290 1166 Hostem
314 1100 462 1165 fortunam
486 1106 525 1165 sit
548 1105 620 1165 satis
644 1122 709 1165 esse
733 1105 841 1184 mihi„

124 1193 213 1255 Plura
236 1193 356 1272 quidem
380 1192 528 1253 subeunt:
564 1192 616 1252 sed
641 1191 807 1253 disturbata
830 1195 935 1253 timore

168 1281 247 1344 llaec
272 1299 391 1360 quoquc
415 1283 463 1340 vix
484 1283 597 1359 poteris
622 1299 692 1341 voce
717 1288 862 1341 tremente
885 1280 983 1359 loqui.

64 1381 111 1431 100
127 1369 269 1447 Suspicor
291 1368 349 1427 hoc
371 1368 478 1427 damno
501 1367 565 1427 1010
589 1386 649 1428 nou
672 1368 747 1428 tibi.
787 1371 897 1429 sentiet
918 1369 968 1428 illa

170 1456 211 1516 'l'e
234 1457 418 1515 maiestatem
441 1457 631 1533 pertimuisse
655 1473 756 1516 suam.

125 1544 186 1605 Nec
209 1551 260 1603 tua
283 1544 310 1602 si
331 1543 402 1602 ssetu
426 1542 600 1602 scindentur
624 1543 733 1623 verba,
757 1544 892 1605 nocebit.

169 1630 322 1691 Interdum
344 1629 482 1689 lacrimae
505 1629 636 1708 pondera
659 1634 738 1691 vocis
761 1631 888 1693 habent.

125 1718 190 1780 Lux
213 1721 301 1779 otiam
325 1720 437 1796 coeptis
460 1717 548 1778 100110
571 1716 648 1778 hona
671 1718 779 1780 talibus
803 1720 896 1801 adsit,

63 1820 113 1869 100
170 1807 308 1885 Horaque
332 1807 512 1867 conveniens
535 1808 759 1886 auspiciumque
782 1808 901 1868 sarens.

127 1894 185 1956 Sed
208 1897 292 1974 prius
314 1896 452 1972 imposito
476 1896 585 1954 sanctis
608 1894 749 1955 altaribus
771 1898 832 1975 igni

171 1984 251 2044 Tura
275 1983 320 2042 101
343 1982 379 2042 ad
401 1999 523 2060 magnos
546 1984 672 2060 vinaque
696 2001 771 2061 pura
794 1984 885 2045 deos.

128 2071 165 2149 [l]
190 2070 298 2150 quihus
321 2079 388 2131 ante
411 2072 508 2130 omnis
531 2069 696 2148 Augustum
720 2089 831 2131 numen
854 2072 961 2153 adora,
1015 2110 1017 2113 ⁴

170 2160 405 2238 Progeniemque
428 2161 528 2238 piam,
551 2161 785 2238 participemque
809 2159 898 2235 tori]

60 2261 112 2310 100
127 2248 194 2310 Sint
216 2250 329 2308 utinam
353 2249 439 2307 mites
463 2245 549 2307 solito
573 2246 626 2306 tibi
650 2265 755 2324 more,
778 2255 904 2326 tuasque
1000 2260 1044 2313 (10)

170 2334 236 2397 Νο0
259 2335 343 2396 duris
366 2334 502 2395 lacrimas
525 2333 656 2395 vultibus
679 2333 840 2414 aspiciant!

519 2528 563 2601 ΙΙ.

128 2685 222 2756 Quam
245 2684 318 2763 legis
341 2702 358 2744 a
380 2685 466 2747 nobis
490 2689 609 2748 missam
632 2687 687 2748 tibi
699 2735 708 2766 ,
733 2686 818 2749 Cotta
830 2737 839 2768 ,
863 2689 1005 2771 salutem,

171 2774 260 2835 lllissa
284 2775 323 2834 sit
345 2781 380 2834 ut
401 2792 471 2835 vere
494 2778 726 2857 pervigeatque,
749 2795 872 2855 precor.

125 2862 260 2942 Namque
283 2865 358 2923 meis
380 2881 483 2942 sospes
507 2864 632 2925 multum
656 2866 837 2926 cruciatibus
861 2867 978 2946 aufers,

170 2949 268 3029 thue
291 2953 383 3011 sitin
407 2951 493 3012 nobis
516 2970 584 3031 pars
607 2952 684 3013 bona
707 2954 805 3033 salva,
827 2956 918 3014 10010.

92 3038 260 3117 ollumque
284 3037 385 3098 labent
407 3037 499 3117 aliqui
511 3086 520 3118 ,
542 3043 707 3120 iactataque
731 3041 794 3101 vela
818 3042 1006 3120 relinquant,

171 3125 217 3185 Tu
239 3126 354 3186 lacerae
376 3143 513 3186 remanes
537 3144 644 3187 ancora
668 3128 730 3187 sola
752 3130 827 3189 rati.

125 3212 215 3274 Grata
238 3221 288 3273 tua
311 3221 357 3273 est
379 3215 470 3291 igitur
492 3217 609 3293 pietas.
651 3216 832 3293 ignoscimus
854 3214 930 3295 illis,

171 3301 230 3373 Qut
253 3319 321 3362 cum
343 3302 464 3362 fortuita
486 3310 569 3381 terga
591 3301 700 3362 dedere
725 3303 827 3381 fugae.

124 3388 200 3451 Cum
223 3390 332 3450 leriant
353 3407 469 3470 unum,
492 3408 552 3450 non
576 3409 668 3451 11110111
693 3389 815 3452 fulmina
838 3398 969 3467 terrent,

73 3489 109 3540 10
171 3477 335 3557 iunctaque
358 3496 502 3558 percusso
525 3478 613 3540 turha
636 3497 744 3557 pavere
768 3479 858 3541 solet.

124 3565 261 3646 Cumque
285 3567 368 3629 dedit
390 3569 488 3647 paries
511 3575 655 3629 venturae
679 3569 762 3647 sigua
784 3570 906 3650 ruinae,
