2467 4042
184 203 247 270 138
365 224 480 261 messos
594 205 775 261 METAMM.

269 368 421 431 Cerberon
443 372 585 452 attraxit3
606 370 708 433 rabida
731 373 782 450 qui
805 373 940 434 concitus
963 374 1008 434 ire

269 457 405 537 Implevit
424 461 537 538 pariter
558 460 654 520 ternis
676 458 832 521 latratibus
855 478 941 521 aures

203 556 255 606 415
269 545 307 606 Et
329 549 439 626 sparsit
460 545 569 608 virides
592 549 706 626 spumis
729 546 896 610 albentibus
919 566 1025 627 agros.

268 633 327 694 llas
350 652 507 696 concresse
529 642 658 717 putant,
682 644 842 715 nactasque
864 635 1004 698 alimeme
1026 637 1141 699 feracis

269 721 459 802 Fecundique
482 722 538 783 soli
559 725 638 785 vires
661 725 775 803 cepisse
798 724 941 786 nocendi.
1080 736 1205 781 rmus.

269 811 350 881 Quae
374 814 443 890 quia
465 818 630 873 nascuntur
651 811 726 873 dura
752 814 863 873 vivacia
885 820 991 895 caute,

269 899 409 978 Agrestes
431 901 547 960 aconita
569 906 697 962 vocant.
725 917 760 961 ea
782 900 917 980 coniugis
940 908 1007 961 astu

203 996 255 1047 420
269 987 336 1067 lpse
358 1005 467 1067 parens
489 986 605 1066 Aegeus
629 996 699 1050 nato
721 991 855 1068 porrexit
877 996 911 1049 ut
933 988 1030 1050 hosti.

269 1075 443 1154 Sumpserat
464 1078 566 1155 ignara
588 1075 723 1137 Theseus
746 1076 814 1136 data
835 1076 944 1155 pocula
966 1076 1091 1159 dextre,

268 1163 343 1224 Cum
366 1171 449 1242 pater
471 1165 503 1224 in
526 1163 630 1243 capulo
653 1163 742 1242 gladii
764 1166 902 1243 cognovit
923 1162 1040 1225 eburno

269 1250 358 1329 Signa
381 1253 429 1312 sui
451 1253 591 1333 generis,
613 1251 788 1331 facinusque
811 1253 943 1313 excussit
965 1251 1002 1313 ab
1024 1271 1100 1315 ore.

268 1338 379 1418 Effugit
401 1339 451 1400 illa
473 1357 578 1400 necem
600 1339 718 1401 nebulis
740 1356 795 1419 per
817 1341 948 1401 carmina
969 1343 1082 1403 motis.

204 1437 253 1486 445
311 1427 348 1488 m
370 1429 487 1506 genitor
499 1474 509 1506 ‚
532 1445 709 1507 quamquam
731 1427 857 1489 laetatur
879 1429 992 1508 sospite
1014 1437 1106 1512 ueto,

268 1515 418 1577 Attonitus
441 1523 539 1576 umen
563 1522 610 1577 est
631 1518 736 1595 ingens
759 1516 930 1577 discrimine
952 1533 1043 1596 parvo

269 1602 419 1664 Committi
440 1605 574 1683 potuisse
597 1604 702 1665 nefas.
730 1604 810 1665 soret
831 1602 950 1682 ignibus
973 1621 1058 1686 aras,

267 1690 500 1770 Muneribusque
522 1690 595 1752 deos
617 1691 741 1772 implet,
765 1692 936 1770 feriuntque
959 1709 1086 1754 secures

268 1778 348 1840 Colla
371 1787 470 1841 torosa
492 1777 583 1840 boum
606 1781 773 1841 vinctorum
796 1796 908 1840 cornua
931 1781 1029 1841 vittis.

202 1878 255 1929 400
268 1866 373 1928 Nullus
395 1866 584 1929 Erechthidis
607 1868 704 1929 lemur
727 1865 904 1928 celebratior
925 1866 976 1928 illo

267 1955 412 2016 inluxisse
435 1954 520 2017 dies.
548 1958 660 2035 agitant
681 1957 812 2017 convivia
834 1963 936 2034 patres

267 2042 305 2103 Et
328 2043 458 2105 medium
480 2042 612 2122 vulgus.
640 2062 696 2105 nec
718 2061 779 2104 non
801 2050 832 2104 et
855 2044 985 2104 earmina
1008 2045 1080 2106 rino

267 2131 422 2211 Ingenium
444 2132 569 2193 iaciente
593 2138 725 2193 caurum.
752 2126 794 2192 ‘te
805 2178 816 2213 ,
837 2133 964 2192 maxime
986 2131 1129 2214 Theseu,

267 2219 371 2281 Mirata
393 2227 440 2280 est
461 2219 614 2280 Marathon
638 2214 746 2282 tressi
776 2221 919 2298 sunguine
941 2221 1038 2281 tauri:

202 2317 254 2368 400
268 2307 413 2386 Quodque
436 2310 498 2369 suis
521 2324 646 2370 securus
669 2316 733 2369 arat
754 2306 919 2387 Cromyona
941 2308 1085 2390 colonus,

267 2394 376 2457 liunus
399 2414 533 2476 opusque
556 2404 642 2458 tuom
665 2404 732 2457 est.
760 2395 848 2456 tellus
870 2394 1030 2475 Epidauria
1050 2414 1111 2476 per
1134 2405 1167 2458 te

268 2482 448 2563 clavigeram
471 2483 545 2545 vidit
565 2482 689 2545 Vulcani
710 2482 888 2546 occumbere
910 2483 1042 2564 prolem3

267 2570 346 2632 Vidit
368 2580 399 2633 et
418 2574 561 2657 inmitem,
578 2570 730 2651 Cephisias
753 2589 805 2633 ora
827 2571 1028 2633 Procrusten:

268 2659 428 2739 Cercyonis
451 2659 544 2721 letum
565 2659 639 2720 vidit
661 2658 790 2721 Cerealis
812 2658 953 2721 Eleusin.

202 2761 254 2810 440
268 2747 385 2809 Occidit
405 2747 455 2809 ille
479 2747 580 2828 Sinis,
603 2749 717 2827 magnis
740 2746 814 2809 mele
837 2746 950 2808 viribus
973 2765 1063 2828 usus,

268 2836 327 2908 Qui
348 2844 611 2916 poterat-curvare
634 2835 734 2897 trabes
757 2843 788 2897 et
809 2835 914 2914 agebel
936 2834 973 2897 ab
995 2835 1054 2897 alto

268 2925 311 2985 Ad
334 2933 445 2986 terram
468 2924 526 2985 late
550 2941 706 3003 sparsuras
728 2941 854 3003 corpora
875 2925 984 3004 pinus.

267 3013 363 3074 Tuitus
386 3011 423 3074 ad
445 3012 629 3093 Alcathoen,
651 3011 786 3091 Lelegeia
810 3014 925 3073 moenia
937 3058 948 3093 ,
969 3011 1054 3073 limes

268 3101 438 3181 Composito
458 3099 581 3162 Scirem
603 3109 708 3180 patet:
729 3101 900 3180 sparsisque
923 3099 1046 3160 latronis

202 3201 253 3250 445
268 3191 361 3250 Terra
383 3197 472 3269 neget
494 3188 617 3269 sedem,
641 3188 742 3250 sedem
764 3194 853 3267 negat
875 3187 993 3249 ossibus
1015 3186 1114 3249 undas
1231 3238 1232 3251 ,

268 3279 350 3350 Quae
371 3279 477 3339 iactata
500 3277 551 3338 diu
574 3278 671 3338 fertur
694 3276 817 3338 durasse
839 3284 972 3337 vetustas

267 3367 301 3427 ln
316 3365 471 3446 scopulos3
485 3365 614 3445 scopulis
628 3382 737 3426 nomen
751 3363 883 3426 Scironis
907 3364 1063 3426 inhaeret.
1082 3375 1107 3418 4.
1120 3376 1186 3419 exix-

268 3453 301 3514 Si
322 3453 425 3515 titulos
447 3470 600 3532 annosque
624 3461 691 3514 tuos
714 3470 871 3514 numerare
894 3452 1037 3534 velimus,

267 3540 356 3601 Facta
372 3548 510 3620 premant
532 3558 647 3602 annos.
674 3557 729 3620 pro
752 3548 804 3621 te,
826 3540 1009 3622 fortissime,
1031 3547 1099 3601 vota
