2467 4042
461 227 493 279 V.
511 239 524 279 1
537 230 635 281 55-11
647 231 690 281 42.

160 388 352 467 Affectusque
375 389 465 449 animi
488 391 539 468 qui
562 390 620 450 init
641 399 733 470 ante,
755 400 871 454 manet.

161 475 302 554 Quaeque
324 494 406 537 mora
429 479 583 557 spatioque
607 495 662 540 suo
686 481 800 540 coitura
821 483 922 559 putari

114 575 146 625 ιο
161 561 311 645 Vulnera,
333 581 393 624 non
416 563 522 646 aliter,
545 583 634 644 quam
656 566 743 627 modo
767 567 843 628 sacta
865 567 983 631 dolent.

161 650 281 713 Scilicet
304 652 418 731 exiguis
440 653 564 731 prodest
585 672 697 716 annosa
720 662 869 736 vetustas3

162 737 329 801 Grandibus
352 739 497 802 accedunt
518 748 653 821 tempore
677 742 781 804 damna
804 742 908 806 maiis.

138 826 257 890 ‘Paene
281 826 384 889 decem
406 830 477 890 totis
500 828 573 891 aluit
593 829 754 894 Poeantius
777 833 862 892 annis

160 915 340 977 Pestiferum
364 917 476 979 tumido
500 917 607 980 vulnus
629 918 666 980 ab
689 937 784 999 angue
808 919 928 982 datum.

112 1016 146 1067 16
160 1004 309 1085 Telephus
332 1013 452 1068 aeterna
476 1015 670 1086 consumptus
692 1007 759 1069 tabe
782 1010 928 1090 perisset,

161 1093 193 1155 Si
214 1111 275 1155 nou
298 1112 374 1173 quae
396 1096 517 1175 nocuit,
540 1095 644 1156 dextra
666 1095 784 1157 tulisset
806 1114 916 1174 opem.

159 1181 198 1248 Et
221 1199 307 1263 mea,
330 1184 356 1243 si
378 1182 494 1244 facinus
516 1181 631 1244 nullum
654 1185 873 1264 commisimus,
895 1192 984 1265 opto,

160 1268 288 1331 Vulnera
311 1271 364 1349 qui
386 1270 480 1351 iecit,
501 1269 579 1332 sacta
600 1270 698 1333 levare
719 1271 808 1354 relit3

161 1356 385 1437 Contentusque
407 1362 467 1421 mei
489 1361 547 1420 iam
569 1360 689 1421 tandem
711 1368 795 1440 parte
818 1359 929 1423 doloris

114 1459 148 1509 no
161 1444 309 1524 Exiguum
331 1445 420 1525 pleno
442 1446 479 1507 de
502 1465 584 1508 mare
606 1447 706 1509 demat
728 1466 841 1527 aquae.

162 1533 302 1595 Detrahat
324 1541 359 1595 ut
380 1534 506 1596 multum
518 1581 529 1615 ,
552 1536 679 1598 muitum
701 1535 826 1599 restabit
847 1536 964 1611 acerbi,

161 1621 293 1702 Parsque
316 1638 398 1684 meae
421 1641 534 1703 poenae
557 1625 650 1685 totius
672 1626 766 1685 instar
789 1626 864 1686 erit.

163 1710 264 1772 Litora
288 1720 361 1789 quot
384 1710 512 1772 conchas
524 1760 535 1794 ,
557 1720 631 1791 quot
653 1729 774 1773 amoena
797 1714 909 1774 rosaria
931 1712 1036 1793 flores,

164 1798 277 1870 Quotve
301 1799 499 1879 soporiferum
521 1818 613 1880 grana
634 1818 762 1880 papaver
784 1798 889 1881 habet3

113 1898 148 1949 25
163 1886 242 1948 Silva
264 1887 342 1949 ieras
365 1895 438 1966 quot
461 1886 534 1967 alit,
556 1896 631 1967 quot
651 1888 784 1968 piscibus
807 1888 887 1951 noda
909 1896 1044 1970 natatur,

164 1975 243 2047 Quot
265 1981 402 2037 tenerum
425 1978 531 2056 pennis
554 1982 623 2038 aera
644 1976 743 2057 pulsat
765 1979 825 2038 avis
837 2022 846 2057 ‚

163 2063 221 2124 'iot
241 2081 362 2143 premor
385 2062 538 2126 adversis:
566 2083 642 2144 quae
665 2067 692 2126 si
714 2065 928 2146 comprendere
950 2083 1058 2142 coner,

162 2150 271 2213 lcariae
294 2169 453 2213 numerum
477 2152 576 2214 dicere
600 2171 691 2215 coner
714 2171 825 2233 equae.

162 2237 260 2319 thue
282 2242 346 2301 viae
370 2258 479 2320 casus,
501 2249 536 2302 ut
557 2259 656 2304 amara
679 2241 811 2321 pericula
833 2244 934 2324 ponti,

114 2339 150 2388 30
163 2326 203 2388 Ut
224 2335 337 2389 taceam
359 2330 478 2390 strictas
501 2331 533 2391 in
556 2348 621 2391 mea
644 2331 703 2392 iata
724 2347 847 2393 manus:

164 2414 292 2476 Barbara
315 2434 362 2477 me
386 2415 474 2479 tellus
496 2416 638 2498 orbisque
660 2420 820 2480 novissima
841 2418 940 2498 magni

165 2502 299 2564 Sustinet
321 2511 352 2564 et
373 2523 460 2566 saevo
484 2508 600 2569 cinctus
622 2505 660 2567 ab
682 2507 768 2568 hoste
790 2507 892 2569 iocus.

163 2590 239 2653 iiiuc
262 2608 317 2671 ego
341 2595 520 2671 traicerem,
541 2627 578 2639 -
604 2597 805 2675 nequeenim
832 2613 898 2656 mea
925 2593 1011 2674 culpa

711 2692 835 2746 cruenta
857 2690 904 2746 est
919 2715 957 2728 -

162 2767 251 2831 Esset
262 2816 272 2851 ‚
295 2787 371 2849 quae
394 2768 505 2853 debet,
528 2772 555 2834 si
577 2771 632 2833 tibi
655 2788 727 2834 cura
750 2774 827 2835 mei.

115 2868 149 2918 ao
162 2856 215 2918 lile
238 2857 313 2920 deus
325 2905 335 2939 ,
358 2857 434 2920 bene
458 2877 517 2939 quo
540 2859 671 2923 Romana
693 2863 827 2941 potentia
848 2863 916 2922 nixa
939 2869 1003 2942 est,

163 2944 257 3025 Saepe
281 2963 336 3008 suo
359 2948 454 3008 victor
475 2947 550 3010 lenis
574 2950 605 3009 in
629 2949 715 3011 hoste
738 2950 812 3011 iuit.

163 3031 240 3100 Quid
263 3031 383 3095 dubitas
405 3042 434 3096 et
459 3042 522 3096 tuta
545 3033 660 3097 times?
695 3036 803 3098 accede
825 3053 975 3115 rugaque:

165 3119 290 3181 Caesare
313 3119 355 3180 nit
377 3122 483 3200 ingens
505 3123 607 3184 mitius
630 3121 712 3183 orbis
734 3121 840 3184 habet.

163 3205 209 3269 Me
233 3206 395 3269 miserum!
419 3207 491 3286 quid
509 3227 613 3291 agam,
636 3212 662 3271 si
684 3212 818 3289 proxima
837 3226 972 3291 quaeque
995 3210 1082 3274 relio-

711 3295 837 3377 quuot?

115 3395 150 3445 ιο
166 3382 323 3445 Subtrabis
347 3384 470 3446 effracto
493 3393 527 3448 tu
549 3403 670 3466 quoque
693 3385 768 3448 colia
790 3382 887 3467 iugo?

162 3472 228 3543 Quo
251 3468 362 3534 ferar?
394 3472 473 3536 unde
495 3481 594 3553 petam
616 3475 703 3537 lassis
725 3474 834 3538 solacia
856 3473 1000 3537 roboot·-

162 3561 279 3623 Aneora
302 3562 361 3622 ism
384 3570 516 3624 nostram
539 3581 600 3625 non
624 3572 707 3626 tenet
728 3563 787 3625 ulla
810 3572 925 3627 ratem.

888 3662 924 3718 6*
