2467 4042
130 215 195 282 246
306 233 435 271 usuram
546 216 726 273 muenia.

217 381 328 464 Tollit,
351 400 427 444 onus
448 382 595 463 plaustri.
625 383 708 463 quod
726 402 765 445 ne
787 388 940 465 permittat
955 388 988 448 in
1005 386 1155 470 hostem,

218 471 285 551 lpsa
308 471 379 532 iacit
400 473 550 550 grantes.
577 474 694 533 socium
716 490 836 552 quoque
858 493 945 535 saxea
966 475 1066 537 moles

218 558 374 639 Oppressit
395 562 490 639 spatio
513 567 642 622 stantem
663 563 804 641 propiore
827 561 986 625 Cometen.

152 658 204 709 usu
218 647 330 709 Gaudia
343 665 399 709 nec
412 650 524 709 retinet
535 647 688 727 Rhoetus:
705 644 796 731 “sic,
816 669 992 732 comprecor
1004 648 1026 734 ,'
1047 656 1155 734 inquit

220 733 338 797 ‘Cetera
361 738 402 797 sit
422 736 509 798 tortis
532 744 700 798 castrorum
722 737 811 800 turba
833 735 997 802 tuorumi”

192 888 194 893 ,
220 825 462 904 Semicremoque
484 833 573 886 novat
594 828 757 905 repetitum
780 828 879 907 stipite
902 829 1030 912 vulnus,

218 912 338 993 Terque
362 920 527 993 quaterque
550 915 633 992 gravi
654 917 809 976 iuncturas
831 918 953 977 vmticis
974 920 1039 979 ictu

219 1002 333 1085 Rupit,
355 1009 387 1063 et
408 1004 441 1062 in
462 1000 575 1080 liquido
598 1001 743 1064 sederunt
764 1021 831 1065 ossa
854 1004 998 1066 cerebro.

154 1102 205 1152 aad
219 1089 321 1152 Victor
343 1090 380 1152 ad
398 1089 550 1169 Euagrum
570 1088 792 1171 Corythumque
809 1091 998 1173 Dryantaque
1021 1098 1152 1177 uansit,

219 1178 243 1239 E
267 1178 377 1257 quihus
398 1186 433 1239 ut
454 1181 550 1259 prima
572 1186 671 1239 tectus
692 1178 831 1258 lanugine
854 1181 946 1242 malas

219 1265 386 1329 Procubuit
408 1266 578 1349 Corythus,
602 1261 720 1347 “puero
744 1286 819 1348 quae
841 1269 935 1348 gloria
958 1270 1026 1332 fuso

219 1354 307 1416 Parta
329 1353 385 1416 tibi
408 1350 508 1417 est?”
531 1354 668 1434 Euagrus
691 1357 755 1417 ait:
776 1374 833 1417 nec
855 1357 957 1419 dicere
979 1357 1118 1422 Rhoetus

219 1443 310 1505 Plura
332 1445 426 1523 sinit,
448 1443 613 1523 rutilasque
636 1444 721 1504 ferox
743 1446 776 1505 in
798 1454 900 1525 aperta
922 1445 1075 1526 loquentis

155 1542 207 1593 usu
222 1531 362 1593 Condidit
383 1550 436 1593 ora
457 1533 536 1613 viri,
557 1550 672 1612 perque
695 1550 730 1593 os
751 1535 784 1594 in
805 1542 952 1614 pectora,
973 1534 1127 1598 dammas.

220 1619 264 1680 Te
287 1637 430 1701 quoque,
453 1637 539 1682 saeve
562 1619 663 1701 Drya,
686 1623 800 1682 circum
823 1630 914 1702 caput
934 1625 1003 1702 igne
1027 1633 1127 1685 rotato

221 1708 416 1789 Insequitur3
438 1708 491 1769 sed
514 1725 575 1769 non
596 1709 630 1769 in
652 1720 683 1769 te
706 1728 825 1789 quoque
848 1712 983 1772 constitit
1004 1711 1088 1773 idem

221 1796 350 1858 Exitus:
372 1796 508 1858 assiduae
531 1814 674 1858 successu
697 1797 796 1858 caedis
819 1807 955 1860 ovantem

221 1885 285 1956 Qua
307 1887 409 1946 iuncta
431 1893 478 1946 est
499 1903 605 1946 umero
629 1887 752 1968 cervix,
775 1885 848 1947 sude
871 1888 938 1966 tigis
961 1887 1087 1948 obusta.

154 1985 207 2036 300
221 1973 390 2055 Ingemuit,
412 1973 547 2053 duroque
571 1973 676 2034 sudem
697 1975 746 2034 vix
768 1991 836 2035 osse
858 1975 983 2036 revulsit

220 2062 354 2123 Rhoetus
366 2109 376 2144 ,
399 2064 516 2141 etipse
539 2079 594 2122 suo
617 2061 799 2123 madefactus
822 2065 966 2142 sanguine
988 2063 1081 2143 fugit.

220 2150 309 2230 Fugit
331 2158 362 2212 et
384 2148 503 2211 Orneus
525 2148 715 2230 Lycabasque
739 2157 770 2210 et
791 2153 911 2212 saucius
933 2170 1017 2212 mmo

220 2239 393 2300 Dexteriore
416 2237 524 2299 bladon
547 2245 668 2299 etcum
691 2238 834 2300 Pisenore
855 2238 1022 2320 Thaumas3

222 2327 339 2407 Quique
361 2326 471 2407 pedum
493 2342 591 2406 nuper
614 2328 776 2388 certamine
798 2329 911 2388 vicerat
931 2345 1038 2389 omnes

158 2426 210 2478 sou
223 2416 410 2497 Mermeros,
433 2422 555 2494 accepto
578 2422 643 2476 tum
665 2414 788 2476 vulnere
810 2414 926 2476 tardius
946 2415 1028 2478 ibatz

222 2504 261 2566 Et
282 2503 394 2566 Pholus
418 2512 450 2565 et
470 2501 622 2565 Melaneus
645 2511 676 2564 et
697 2502 776 2564 anas
801 2503 961 2584 praedator
987 2522 1149 2587 aprorum,

223 2593 341 2671 Quique
365 2594 428 2654 suis
450 2592 562 2652 trustra
585 2590 696 2652 heDum
719 2591 922 2674 dissuaserat,
945 2610 1042 2672 augur

222 2680 371 2742 Asbolus.
398 2680 447 2741 ille
470 2682 560 2741 etiam
582 2682 729 2741 metuenti
751 2680 874 2741 munera
892 2679 988 2742 Nesso

223 2766 290 2830 “Ne
313 2768 405 2849 suget
428 2768 465 2830 ad
487 2762 664 2830 Herculeos’
690 2770 789 2847 inquit
811 2765 990 2831 ‘servaberis
1016 2768 1148 2833 arcus.''

157 2870 209 2919 310
222 2859 261 2919 ht
282 2875 342 2918 non
365 2857 554 2936 Eurynomus
577 2856 760 2937 Lycidasque
788 2865 820 2919 et
841 2857 936 2918 Areos
958 2865 991 2918 et
1011 2857 1148 2921 Imbreus

222 2947 362 3026 Effugere
384 2963 512 3006 necem:
535 2963 610 3025 quos
633 2962 737 3006 omnes
760 2945 864 3006 dextra
885 2944 1023 3025 Dryantis

222 3035 356 3096 Percidit
378 3034 539 3095 adversos.
567 3033 726 3094 adversum
747 3041 781 3095 tu
804 3050 924 3113 quoque
936 3082 946 3116 ,
970 3037 1103 3114 quamvis

223 3123 319 3203 Terga
341 3123 428 3201 fugae
451 3121 598 3204 dederas,
621 3121 750 3203 vulnus,
773 3120 905 3182 Crenaee
916 3169 927 3204 ,
950 3122 1064 3185 tulisti:

223 3212 297 3274 Nam
319 3229 430 3291 grave,
453 3213 640 3292 respiciens,
661 3213 741 3271 inter
763 3208 823 3270 duo
845 3210 958 3271 lumina
980 3210 1112 3292 terrum,

158 3300 291 3371 statiua
313 3302 393 3361 naris
416 3300 508 3360 tronti
531 3300 748 3380 committitur,
771 3300 902 3380 accipis,
924 3300 1018 3360 imae.

224 3388 259 3449 ln
281 3396 364 3449 tanto
387 3389 509 3449 fremitu
531 3389 649 3448 cunctis
673 3389 738 3447 sine
761 3387 819 3447 line
842 3385 958 3447 iacebat

225 3476 346 3555 Sopitus
369 3478 451 3537 venis
474 3483 506 3536 et
526 3477 754 3554 inexperrectus
775 3474 922 3554 Aphidas,

223 3561 447 3643 Languentique
470 3579 560 3622 manu
583 3561 735 3623 carchesia
757 3564 848 3623 nrixta
870 3561 1008 3646 tenebat,
