2467 4042
420 221 479 288 IX,
498 226 655 277 aea-505.
770 239 862 275 ernon
980 218 1042 282 187

42 400 92 453 lto
108 389 212 470 Saepe
229 389 328 472 videt,
342 388 421 468 quod
435 395 513 450 amat
527 435 534 449 .
553 389 614 450 vise
629 394 675 450 est
689 405 807 467 quoque
820 389 945 466 iungere
958 384 1043 446 iratri

107 477 258 560 eorpus3
280 485 312 540 et
335 476 476 558 erubuit,
499 479 634 556 quemvis
656 479 752 556 sopita
773 475 905 537 iacebat.

107 565 250 628 Somnus
272 564 357 628 abita
380 565 449 627 silet
470 564 520 627 illa
543 566 594 627 din
606 613 616 646 ,
640 566 809 646 repetitque
833 565 942 644 quietis

106 654 179 734 Ipsa
204 672 280 717 suae
303 656 458 735 speeiem,
481 652 629 734 dubiaque
653 656 695 716 ita
716 661 815 715 mente
837 653 991 734 prolatura

108 738 170 804 ‘bie
195 741 363 805 miseram!
385 745 493 805 tacitae
517 743 588 823 quid
610 741 675 804 vult
696 741 754 804 sibi
776 744 872 805 noetis
894 744 1009 825 imago,

44 840 94 893 lio
109 831 213 902 Quam
238 831 332 893 nolim
353 838 417 893 rata
440 828 510 893 sit?
532 849 587 893 our
609 831 683 894 baeo
706 850 760 912 ego
784 834 897 894 somnia
919 829 1006 894 vidi?

108 919 165 980 llle
190 919 318 1000 quidem
339 928 387 981 est
409 919 503 982 oculis
527 923 661 1001 quamvis
683 921 832 983 formosus
854 924 983 1004 iniquis,

108 1007 150 1070 Et
172 1007 299 1090 planet,
321 1015 353 1069 et
373 1011 486 1089 possim
498 1057 508 1090 ,
531 1012 557 1071 si
579 1028 640 1071 non
663 1012 703 1071 sit
724 1010 817 1071 irater
829 1058 839 1092 ,
861 1028 978 1092 amare,

109 1095 151 1157 Et
174 1114 229 1158 me
253 1097 360 1177 dignus
383 1106 468 1159 erat.
496 1115 600 1159 verum
622 1105 712 1161 nooet
734 1116 800 1160 esse
822 1116 974 1161 sororem.

110 1182 287 1248 Dummodo
311 1185 369 1248 tale
392 1186 466 1248 nibil
488 1186 611 1266 vigilans
635 1189 821 1249 committere
844 1194 1005 1269 temptem,

50 1283 100 1336 ⁴80
115 1273 216 1355 Saepe
241 1274 313 1340 lieet
334 1275 424 1336 simili
445 1275 549 1337 redeat
570 1275 627 1337 sub
648 1278 776 1356 imagine
799 1294 939 1338 somnus.

112 1362 218 1424 Testis
244 1363 328 1424 abest
349 1380 476 1446 somno,
499 1382 555 1426 nee
577 1362 662 1426 abest
683 1367 797 1427 imitata
818 1365 972 1444 voluptas.

115 1450 176 1512 Pro
203 1451 305 1513 Venus
328 1460 360 1513 et
381 1460 485 1514 tenera
506 1452 629 1517 volucer
651 1471 721 1515 oum
742 1461 837 1515 matre
861 1452 993 1536 Cupido,

115 1537 235 1602 Gaudia
258 1546 369 1620 quanta
390 1540 468 1603 tulii
491 1558 580 1620 quem
602 1559 651 1603 me
674 1543 831 1620 manifesta
852 1540 944 1603 libido

117 1627 276 1709 Contigitl
299 1637 334 1690 ut
353 1631 433 1690 iacui
455 1632 526 1692 totis
549 1628 857 1692 resolutamedullis!

56 1724 104 1776 tto
117 1714 157 1778 Ut
179 1719 355 1780 meminisse
377 1716 481 1780 invatl
505 1721 638 1797 quamvis
660 1718 760 1780 brevis
782 1719 831 1780 illa
853 1718 1007 1800 voluptas,

116 1804 247 1886 Noxque
269 1806 327 1867 luit
347 1824 490 1887 praeceps
513 1814 545 1868 et
567 1809 680 1888 coeptis
703 1807 801 1869 invida
823 1810 952 1870 nostris.

120 1892 169 1956 01
192 1913 251 1974 ego
263 1941 274 1975 ,
297 1896 323 1955 si
344 1893 433 1956 lineat
454 1902 568 1958 mutato
590 1898 711 1957 nomine
733 1890 834 1977 iungi,

119 1981 216 2053 Quam
232 1981 332 2065 bene,
350 1982 472 2065 Cauno,
490 1992 542 2046 tuo
561 1993 696 2064 poteram
714 2002 809 2046 nurus
828 2002 894 2046 esse
912 1980 1046 2065 parentii

122 2069 218 2141 Ouam
241 2070 339 2151 bene,
363 2070 463 2134 (laune
475 2120 485 2156 ,
507 2090 574 2134 meo
587 2080 707 2153 poteras
725 2091 818 2153 gener
832 2091 898 2135 esse
912 2070 1047 2154 parentii

62 2163 109 2218 tto
122 2157 252 2240 Omnia,
275 2159 305 2220 di
328 2161 461 2222 lacerent
472 2208 482 2241 ,
506 2169 606 2222 essent
629 2165 796 2224 eommunia
818 2161 924 2244 nobis,

122 2245 248 2311 Praeter
271 2265 362 2310 avos.
390 2246 438 2326 [tu
461 2266 509 2311 me
531 2249 638 2312 vellem
659 2252 834 2329 generosior
857 2247 972 2327 esses]

122 2333 231 2398 Nescio
254 2354 343 2416 quam
365 2336 456 2398 lanies
479 2339 592 2419 igitur,
614 2338 838 2418 pulcherrime,
860 2345 1004 2400 matremz

124 2423 162 2485 At
183 2423 280 2505 mibi,
303 2442 379 2504 quae
392 2424 468 2486 male
483 2443 572 2506 sum,
596 2444 671 2505 quos
694 2436 750 2508 tu,
772 2428 878 2487 sortita
891 2434 1049 2508 parentes,

124 2509 170 2573 Nil
183 2514 244 2574 nisi
258 2513 352 2580 freter
366 2515 426 2574 eris
441 2559 448 2573 .
472 2514 551 2592 qnod
569 2513 677 2595 obest,
699 2515 730 2576 id
748 2513 923 2575 habebimus
937 2532 1048 2575 unum.

70 2604 114 2658 aab
128 2598 205 2670 Ouid
229 2600 301 2662 mihi
324 2602 491 2680 significant
514 2621 585 2682 ergo
604 2619 670 2663 mea
692 2605 754 2662 visa
768 2599 785 2663 i
799 2633 841 2646 ·—
857 2602 936 2682 quod
950 2610 1049 2664 entem

127 2687 246 2752 Somnia
267 2688 386 2770 pondus
408 2687 550 2751 habent?
573 2722 615 2735 —
639 2709 677 2751 an
699 2690 810 2752 hebent
831 2700 864 2752 et
886 2692 1001 2752 somnia

906 2774 1050 2859 pondus?

126 2863 160 2928 Oi
182 2864 312 2930 meliusl
336 2897 376 2913 -
402 2868 432 2930 dl
455 2886 562 2947 nempe
586 2886 654 2929 suas
677 2866 809 2929 habuere
833 2884 970 2929 sorores.

128 2953 175 3017 Sio
199 2955 348 3019 Saturnus
371 2954 487 3036 Opem,
510 2959 642 3017 iunctam
664 2956 723 3017 sibi
745 2959 912 3037 sanguine,
935 2955 1037 3017 duxit:

128 3041 263 3107 Oceanus
286 3043 425 3125 Tethyn,
447 3044 591 3106 lunonem
613 3052 715 3106 rector
738 3044 872 3123 Olympi.
896 3076 939 3087 —

3 3202 4 3205 Ἴ
73 3130 117 3190 ito
130 3129 206 3194 Sunt
227 3134 347 3213 superis
369 3149 423 3194 sua
444 3136 533 3195 iura.
562 3132 633 3212 quid
656 3132 692 3193 ad
716 3130 854 3193 caelestia
875 3133 953 3193 ritus

127 3216 251 3301 Exigere
274 3220 420 3285 humanos
443 3222 618 3300 diversaque
642 3221 762 3282 foedera
785 3215 925 3299 tempto?

3 3370 4 3373 ,
128 3309 185 3370 bnt
206 3317 311 3371 nostro
333 3311 443 3371 vetitus
467 3309 503 3371 de
527 3308 618 3371 eorde
641 3308 793 3388 lugebitur
815 3307 922 3389 ardor,

3 3388 5 3465 l
128 3397 184 3459 lut
206 3397 263 3459 boo
286 3400 313 3459 si
335 3415 475 3479 nequeo,
496 3415 618 3478 peream
639 3416 748 3478 precor
771 3404 862 3478 ante,
885 3403 1011 3475 toroque
1033 3445 1038 3452 .
1147 3458 1152 3463 .

128 3481 241 3549 llortua
263 3502 425 3565 componar
437 3534 447 3569 ,
473 3489 648 3567 positaeque
672 3486 723 3547 det
746 3485 847 3546 osenla
874 3485 984 3546 irater.
1008 3514 1051 3529 -
1160 3528 1163 3532 ι

3 3572 5 3653 Ι
75 3572 118 3629 ito
129 3570 165 3636 Et
186 3585 285 3637 tamen
308 3574 464 3637 arbitrium
488 3576 606 3657 quaerit
628 3593 677 3637 res
700 3576 758 3636 ista
781 3573 925 3636 duorum.
