2467 4042
205 222 270 288 325
431 180 443 203 ’
611 224 804 276 rusrouuu

293 387 434 467 Quaeque
456 404 532 466 puer
553 386 703 466 quondam
724 389 830 467 primis
851 387 1016 451 diffuderat
1042 394 1148 470 anuis,

337 474 449 537 Promit
473 475 588 535 iumoso
611 475 730 536 condita
753 477 819 535 vina
841 476 932 536 eado.

294 564 354 625 Neo
377 580 459 624 mora
471 609 480 644 ,
503 563 672 624 ilumiueam
694 562 756 623 lino
779 563 944 625 celantibus
968 566 1093 649 ulvam,

229 664 280 714 ⁶20
339 651 388 713 Sin
411 668 529 731 quoque
553 669 613 712 non
636 651 703 712 altis
715 697 724 732 ,
746 651 912 713 incubuere
936 657 1035 717 toris.

294 739 379 802 Nune
402 740 499 820 dape,
521 757 602 800 nuno
624 743 722 821 posito
744 757 864 801 mensae
887 743 1007 802 nituere
1032 743 1151 825 Lyae05

338 827 430 889 Terra
453 827 564 888 rubens
587 837 707 909 crater,
729 830 835 908 poeula
858 830 942 908 tagus
967 841 1074 893 erant.

295 915 388 977 Verba
413 915 497 977 luere
520 914 618 977 lovis:
651 911 765 996 ‘siquid
790 918 847 978 lert
869 920 1026 999 impetus,
1051 931 1140 1000 opta:
1203 918 1204 989 ἶ

339 1004 432 1064 Omne
456 1005 535 1065 ieres
549 1000 573 1065 .'
614 1004 722 1083 placidi
744 1005 833 1065 verita
857 1008 940 1066 luere
964 1010 1069 1069 senis:

229 1104 279 1155 tut
295 1087 384 1154 ‘Cara
407 1093 464 1153 luit
485 1094 637 1174 coniunx,
663 1096 775 1171 primae
798 1094 871 1154 mibi
891 1112 965 1154 eura
987 1098 1133 1158 iuventae

338 1180 482 1261 Cognita.
523 1199 602 1241 nuno
628 1181 762 1262 ubisit,
785 1179 958 1260 quaeritis?
989 1201 1072 1245 urna
1095 1189 1175 1264 tegit.

297 1268 371 1332 lluio
393 1287 448 1349 ego
471 1271 609 1349 iuratus,
631 1269 714 1330 robis
736 1272 767 1329 in
791 1269 880 1330 rerba
904 1273 1038 1352 voeatis,

339 1352 538 1436 “Coniugio''
562 1356 623 1417 dixi
647 1353 736 1418 “sola
759 1358 859 1418 iruere
883 1354 996 1419 meo.''

297 1444 333 1506 Et
355 1445 416 1506 dlxi
439 1452 469 1506 et
492 1463 599 1506 servo.
640 1445 794 1506 sedenim
818 1446 932 1506 diversa
957 1446 1100 1510 voluntas
1203 1468 1204 1475 ¹

230 1546 281 1595 tto
340 1532 393 1594 Est
416 1532 513 1614 milrie
532 1551 588 1594 neo
610 1536 762 1613 coniunx,
785 1534 837 1594 sed
861 1542 944 1613 pater
968 1553 1039 1596 esse
1065 1531 1160 1597 volo.’

295 1624 466 1684 innuerent
488 1639 612 1682 omnes.
654 1639 756 1683 omnes
779 1621 815 1682 ad
839 1631 921 1701 terga
942 1625 1069 1685 iuvenci

340 1709 596 1771 Constiterant-
617 1710 715 1789 pudor
737 1719 783 1770 est
805 1709 947 1771 ulteriora
966 1710 1075 1791 loqui.

295 1797 370 1860 Turn
394 1800 592 1877 superiniecta
614 1807 716 1859 texere
739 1797 886 1858 madentia
909 1808 1010 1859 terra:

340 1886 459 1964 lamqrre
481 1885 584 1946 decem
607 1904 746 1965 menses,
770 1896 800 1946 et
822 1903 897 1964 puer
920 1896 1005 1948 ortus
1033 1898 1118 1951 erat.

230 1987 280 2036 aaa
296 1973 381 2035 llnno
405 1972 552 2053 Hyrieus,
576 1976 646 2053 quia
669 1977 711 2035 sie
735 1977 874 2055 genitus,
897 1984 982 2036 vooat
1006 1975 1138 2038 Uriona.

338 2061 472 2124 Perdidit
494 2065 649 2141 antiquum
672 2063 769 2123 littera
792 2065 887 2142 prima
909 2081 1037 2124 sonum.

295 2149 435 2211 Creverat
456 2152 656 2231 immensum3
679 2153 816 2211 comitem
840 2150 896 2211 sibi
920 2150 1000 2212 Delia
1026 2157 1168 2234 sumpsit,

339 2238 390 2299 llle
413 2238 485 2298 deae
508 2245 609 2300 eustos
622 2285 632 2320 ‚
654 2238 703 2300 ille
727 2238 843 2299 satelles
867 2248 946 2299 erat.

296 2325 390 2387 Verba
413 2335 531 2387 movent
552 2329 627 2387 iram
651 2344 710 2387 non
734 2329 948 2406 circumspecta
971 2327 1122 2391 deornm.

230 2426 281 2477 tto
340 2409 450 2484 ‘Quam
474 2409 633 2493 nequeam'
663 2414 736 2475 dixit
759 2411 915 2495 ‘vineare‚
939 2414 1018 2475 nulla
1047 2418 1113 2479 iera
1140 2412 1198 2481 est.⁸

296 2502 441 2582 Scorpion
464 2504 585 2563 immisit
607 2501 730 2563 Tellus.
772 2502 827 2564 luit
849 2505 978 2582 impetus
1002 2503 1049 2565 illi

339 2589 435 2651 Curva
458 2590 663 2671 gemelliparae
686 2590 798 2670 spicula
820 2592 899 2652 serre
922 2591 1010 2652 deae.
1101 2599 1112 2610 ·

296 2678 417 2740 Obstitit
440 2679 555 2741 Orion.
594 2678 704 2739 Latona
728 2678 892 2740 nitentibus
914 2681 1003 2740 astris

339 2766 457 2829 Addidit
480 2775 510 2828 et
533 2762 648 2828 ‘meriti
670 2762 815 2846 praemia'
839 2767 911 2828 dixit
934 2762 1069 2830 ‘habel'

421 2905 470 2969 12.
498 2903 527 2968 D
547 2903 994 2971 N’nvnmunruucunc

229 3043 280 3093 545
296 3030 353 3093 Sed
377 3031 447 3110 quid
471 3040 502 3092 et
525 3030 616 3092 Orion
640 3039 671 3092 et
694 3039 792 3093 cetera
815 3033 912 3094 sidera
936 3033 1050 3094 mundo

339 3118 452 3181 Cedere
475 3119 639 3200 festinant,
663 3138 779 3199 noxque
803 3127 914 3180 coartat
937 3118 1022 3182 iter?

295 3206 372 3279 Quid
395 3207 482 3269 solito
505 3209 594 3268 citius
616 3207 728 3287 liquido
750 3207 837 3269 iubar
859 3226 988 3288 aequore
1011 3211 1095 3273 tollit
1162 3226 1204 3273 uu

339 3294 488 3377 Candida,
511 3295 634 3356 lucifero
657 3298 887 3375 praeveniente,
910 3293 1001 3358 ores?

295 3383 413 3464 Pallor,
437 3402 474 3445 an
498 3401 579 3445 arma
601 3381 739 3446 sonant?
770 3402 829 3445 non
853 3382 980 3445 fallimur
993 3432 1002 3464 ,
1025 3404 1114 3448 arma

841 3472 1002 3533 sonabantt

270 3570 280 3596 ‘⁸
339 3559 418 3620 lilars
440 3562 521 3620 venit
544 3568 574 3620 et
596 3562 719 3622 veniens
742 3559 847 3621 bellica
869 3563 952 3640 signa
974 3561 1080 3626 dedit.
