2467 4042
205 197 271 263 280
614 200 809 252 ruscorum

227 376 279 426 ‘155
294 362 345 425 1117
369 363 448 425 cadit
469 381 613 442 praeceps
637 372 667 425 et
689 363 769 425 calce
793 363 899 427 feritur
922 365 1029 448 aselli,

338 451 537 531 Inclamatque
561 468 632 513 suos
655 452 855 532 auxiliumque
879 462 982 533 rogat.

293 539 483 601 Concurrunt
506 542 618 621 satyri,
642 543 851 621 turgentiaque
875 559 925 602 cra
948 547 1092 622 parentis

336 628 466 690 Rident:
499 645 642 707 percusso
666 627 812 691 claudicat
834 629 882 690 ifle
905 648 1002 709 genu.

292 716 380 779 Ridet
402 724 432 778 et
454 717 518 795 ipse
541 717 636 792 deus,
660 716 822 797 limumque
845 717 987 780 inducere
1012 731 1186 804 monstrat;

227 818 278 867 760
336 804 392 866 1117
415 813 500 883 paret
522 807 643 866 munitis
666 814 697 866 et
720 806 786 867 linit
808 823 859 866 ora
881 805 961 869 luto.

261 964 264 968 „
292 892 377 954 117117
400 901 485 972 pater
508 894 639 954 fruitur.
683 893 802 974 libaque
825 895 923 955 infusa
946 896 1060 959 calenti

336 980 405 1042 lure
427 983 577 1060 repertori
599 981 722 1043 candida
745 982 831 1044 melfa
854 982 976 1045 damus.

292 1067 412 1130 Femina
436 1087 490 1130 cnr
513 1077 651 1150 presset,
675 1088 734 1131 non
753 1078 799 1132 est
822 1072 943 1133 rationis
967 1083 1119 1152 opertae:

336 1156 491 1218 femineos
515 1157 617 1238 thyrso
641 1161 771 1219 concitat
792 1158 841 1220 ille
864 1159 990 1221 cheros.

226 1258 276 1308 767
292 1244 353 1306 Cur
375 1263 449 1306 anus
472 1245 529 1307 hcc
552 1246 661 1326 faciat,
685 1244 835 1325 quaeris?
866 1250 996 1309 vinosior
1022 1260 1113 1312 aetas

335 1332 423 1393 Haec
439 1341 524 1414 erat,
547 1342 578 1395 et
600 1336 737 1412 gravidae
760 1353 884 1397 munera
907 1338 975 1397 vitis
998 1356 1128 1402 amans.

291 1421 351 1484 Cur
373 1420 483 1483 hedera
506 1424 604 1484 cincta
626 1419 703 1484 est?
734 1423 844 1484 hedera
866 1431 912 1485 est
934 1428 1114 1504 gratissima

1085 1516 1204 1579 Bacche

335 1597 398 1658 Hoc
421 1616 540 1678 quoque
563 1617 617 1660 cur
641 1601 681 1661 ita
705 1602 744 1662 sit
756 1646 765 1679 ,
788 1601 888 1662 dicere
911 1601 991 1662 nulla
1015 1621 1107 1665 mura
1131 1615 1187 1668 est.

290 1685 432 1768 Nysiadas
455 1687 598 1767 nymphas
621 1705 748 1766 puerum
772 1697 932 1768 quaerente
956 1709 1090 1754 noverca

225 1787 276 1837 770
335 1773 417 1836 lianc
441 1775 576 1837 frondem
599 1778 685 1837 cunis
708 1779 882 1856 opposuisse
904 1779 1024 1841 ferunt.

290 1862 415 1943 Restat,
439 1871 471 1924 ut
494 1865 664 1945 inueniam,
687 1882 778 1944 quare
803 1872 869 1946 toga
892 1865 985 1927 libera
1007 1867 1104 1930 detur

334 1950 472 2012 Lucifero
495 1954 620 2034 pueris,
643 1952 767 2014 candide
790 1953 926 2033 Bacche,
949 1963 1020 2016 tun.

292 2039 359 2100 Sive
383 2039 463 2119 quod
486 2042 550 2119 ipse
573 2059 649 2120 puer
672 2059 790 2121 semper
812 2043 987 2122 iuvenisque
1010 2044 1150 2128 videris,

333 2127 372 2189 Et
394 2127 490 2190 media
514 2137 561 2190 est
582 2137 663 2191 aetas
685 2132 764 2192 inter
786 2138 946 2210 utrumque
970 2130 1047 2214 tihi3

225 2228 276 2279 775
292 2216 351 2277 Seu
376 2219 444 2296 quia
468 2227 501 2278 tu
523 2225 607 2298 pater
631 2237 663 2279 es
676 2265 685 2297 ‚
708 2225 808 2298 patres
831 2236 884 2279 sua
906 2221 1057 2298 pignora,
1082 2232 1170 2286 natus

334 2304 548 2368 Commendant
569 2324 659 2367 curae
682 2305 913 2386 numinibusque
937 2310 1014 2369 tuis:

290 2393 380 2474 Siue,
404 2393 483 2472 qucd
507 2413 540 2455 es
562 2393 673 2475 Liber,
697 2397 787 2456 restis
810 2414 929 2475 quoque
951 2395 1048 2458 libera
1072 2410 1181 2479 perte

336 2481 469 2543 Sumitur
493 2493 523 2544 et
545 2484 622 2544 vitae
645 2482 793 2545 liberioris
816 2485 890 2545 iter:

289 2570 333 2630 hu
358 2572 448 2651 quia,
473 2589 542 2633 cum
564 2570 698 2633 colerent
720 2573 811 2652 prisci
834 2570 997 2634 studiosius
1019 2590 1134 2658 agros,

224 2671 275 2721 '180
334 2657 372 2720 Et
395 2660 507 2722 faceret
530 2662 625 2738 patrio
649 2678 720 2722 rure
744 2668 863 2722 senatur
886 2679 977 2741 opus,

288 2745 327 2807 Et
349 2755 470 2827 caperet
493 2747 587 2809 fasces
610 2766 628 2808 a
650 2766 741 2810 curre
765 2747 868 2810 consul
891 2756 1007 2830 aratro,

332 2834 393 2896 Nec
417 2838 529 2897 crimen
553 2836 643 2899 duras
667 2845 746 2899 esset
768 2836 877 2898 hahere
900 2855 1023 2915 manus,

289 2923 431 2986 Rusticus
455 2924 490 2985 ad
514 2924 600 2986 ludos
624 2925 751 3005 populus
774 2924 910 2987 veniebat
931 2928 962 2987 in
986 2925 1103 2991 Urbem
1128 2967 1166 2976 -

333 3010 391 3074 Sed
415 3012 483 3094 dis,
507 3031 567 3074 non
591 3013 698 3076 studiis
721 3014 769 3075 ifle
793 3013 917 3076 dabatur
939 3014 1057 3078 honor:

223 3112 273 3163 785
288 3099 368 3162 Luce
392 3119 444 3163 sua
467 3101 553 3163 ludes
576 3121 650 3165 uvae
674 3109 857 3165 commentor
880 3101 1024 3181 hahebat,

332 3188 413 3259 Quos
437 3209 504 3252 cum
528 3190 670 3252 taedifera
693 3209 773 3262 nunc
796 3191 885 3252 hahet
907 3189 956 3251 ifle
979 3189 1034 3254 dea
1061 3226 1097 3237 -

287 3275 365 3357 Ergo
389 3286 423 3339 ut
445 3282 573 3341 tironem
596 3279 746 3342 celebrare
770 3280 937 3359 frequentia
959 3288 1083 3363 posset,
1139 3312 1144 3317 ·

331 3364 398 3427 Visa
421 3366 486 3429 dies
509 3366 621 3429 dandae
644 3385 705 3429 nen
727 3367 822 3428 aliena
844 3363 956 3446 togae?

287 3452 356 3513 Mite
380 3463 469 3532 caput
481 3502 490 3536 ‚
514 3463 620 3536 pater,
644 3454 703 3517 huc
725 3455 897 3535 placataque
921 3473 1033 3518 cornua
1053 3467 1174 3543 vertas,

221 3550 272 3600 790
330 3539 368 3600 Et
390 3540 443 3601 des
465 3544 584 3622 ingenio
608 3543 672 3603 vela
695 3544 826 3605 secunda
848 3541 932 3606 mee!
