2467 4042
459 219 529 289 XV,
548 225 706 277 tva-592.
769 240 871 276 ruam.
889 240 965 276 orsus
1026 218 1089 283 321

169 387 294 449 Sumere
316 404 385 448 mox
406 385 560 469 bominls,
581 394 740 466 terraeque
763 388 899 448 amittere
922 387 1062 464 formam,

168 473 288 554 Oraque
310 476 444 537 venturis
467 477 584 555 aperire
606 478 739 538 recentia
762 476 848 536 latis:

168 564 327 644 Indigenas
349 562 452 625 dixere
474 562 598 645 Tagen,
621 566 673 644 qui
694 566 809 645 primus
832 563 989 625 Etruscam

168 652 295 714 Edoouit
316 659 435 731 gentem
459 669 546 713 vasus
568 654 685 733 aperire
707 653 843 714 tuturos:
866 684 910 696 -

102 751 154 802 ooo
168 739 242 802 Utve
265 739 405 801 Palatinis
428 740 601 802 haerentem
624 740 751 802 collibus
773 740 845 802 olim

169 828 244 891 Cum
266 827 364 889 subito
387 827 461 890 vidit
483 828 674 890 frondescere
697 828 842 890 Romulus
864 829 997 911 hastam

37 927 38 932 ’
169 916 251 989 Quae
274 916 374 978 radice
396 934 493 998 nova,
516 934 577 979 non
599 918 680 979 lerro
704 916 801 979 stabat
823 916 944 1000 adacto,
984 928 1005 970 t·
1019 940 1090 972 σοιν.

168 1004 208 1068 Et
229 1007 288 1066 iam
311 1022 372 1066 non
393 1004 509 1086 telum,
532 1006 585 1067 sed
602 1005 677 1067 lenti
698 1008 817 1068 viminis
839 1005 929 1067 arbor

167 1093 235 1155 Nou
258 1100 428 1174 expectatae
450 1092 538 1155 dabat
560 1093 774 1156 admirantibus
796 1093 936 1157 umbras:
959 1126 1002 1138 -

102 1192 154 1242 aaa
168 1184 228 1243 Aut
250 1199 304 1243 sua
325 1180 465 1243 fluminea
488 1199 557 1247 cum
579 1182 654 1244 vidit
675 1181 765 1264 Cipus
787 1185 819 1244 in
842 1182 921 1244 unda
977 1194 996 1237 t.
1013 1194 1089 1236 mo.

169 1270 308 1332 (lornua.
336 1269 410 1331 vidit
432 1272 512 1332 enim
524 1317 534 1352 ,
556 1270 719 1350 falsamque
742 1274 774 1332 lu
796 1273 924 1351 imagine
947 1270 1073 1333 credens

168 1358 242 1420 Esse
265 1356 354 1419 fldem
366 1405 376 1438 ,
398 1357 498 1437 digitis
521 1358 558 1420 ad
580 1360 710 1421 irontem
732 1377 821 1439 saepe
844 1359 945 1421 relatis

169 1447 251 1519 Quae
273 1445 368 1527 vidit,
390 1448 510 1528 tetigit3
531 1465 589 1508 nso
610 1450 671 1509 iam
693 1466 747 1509 sua
770 1447 881 1509 lumina
904 1448 1046 1509 damnans

168 1534 311 1616 Restitit,
333 1542 368 1595 ut
390 1535 485 1596 victor
507 1534 619 1598 domito
641 1535 778 1597 veniebat
800 1535 837 1597 ab
860 1536 963 1618 hoste,

102 1634 155 1684 5⁷0
168 1623 213 1685 td
237 1622 410 1702 caelumque
433 1622 536 1685 oculos
558 1631 591 1685 et
612 1624 718 1686 eodem
738 1623 878 1685 bracchia
900 1624 1007 1686 tollens

169 1708 329 1790 ‘Quicquid
341 1705 363 1792 ,’
385 1713 428 1773 ait
449 1707 586 1793 superi,
608 1721 742 1773 monstro
764 1712 954 1793 portenditur
975 1715 1051 1793 isto,

170 1799 231 1862 Seu
253 1798 364 1861 laetum
386 1806 455 1880 eet,
476 1801 589 1879 patriae
612 1799 724 1862 laetum
745 1799 916 1882 populoque
938 1801 1073 1882 Quirini,

170 1888 238 1950 Sive
261 1890 383 1968 minax,
404 1887 478 1949 mibi
500 1882 574 1950 sit?
596 1888 743 1967 viridique
766 1908 784 1950 e
807 1890 936 1969 caespite
959 1890 1052 1951 lactas

112 2008 155 2019 —
169 1976 270 2038 Placet
291 1975 422 2037 odoratis
444 1975 587 2039 herbosas
608 1977 728 2056 ignibus
751 1994 835 2058 aras,

104 2074 156 2125 tto
170 2064 303 2144 Vinaque
325 2064 376 2124 dat
397 2066 531 2146 pateris,
553 2073 808 2146 mactatarumque
830 2065 1002 2146 bidentum,

171 2153 248 2225 Quid
272 2151 330 2214 sibi
352 2153 542 2234 significent,
565 2153 744 2234 trepidantia
767 2154 896 2216 consulit
918 2162 1002 2215 exta.

170 2241 252 2313 Quae
276 2240 364 2303 simul
386 2242 501 2322 aspexit
522 2241 694 2322 Tyrrhenae
716 2243 814 2322 gentis
836 2242 1003 2323 haruspex,

169 2329 273 2409 Magna
295 2328 416 2408 quidem
437 2347 540 2391 rerum
562 2330 713 2392 molimina
735 2330 808 2391 vidit
829 2332 861 2392 in
882 2329 959 2411 illis,

170 2417 236 2480 Non
258 2418 414 2480 manilestu
434 2426 555 2481 umen.
584 2436 653 2480 cum
675 2435 746 2480 vero
769 2418 891 2480 sustulit
911 2435 981 2479 acre

104 2508 195 2568 ason
217 2505 341 2586 pecudis
363 2506 448 2568 libris
469 2507 507 2568 ad
530 2505 595 2586 Cipi
617 2524 729 2569 cornua
751 2507 871 2589 lumen,

171 2591 245 2656 ‘Rex
258 2590 280 2678 ,'
303 2597 345 2656 ait
366 2590 397 2655 ‘o
424 2593 524 2657 salvei
547 2592 602 2656 tibi
629 2597 730 2677 enim,
752 2594 830 2677 tibi,
853 2594 948 2676 Cipe,
971 2597 1090 2674 tuisque

170 2682 226 2745 llic
247 2683 331 2745 locus
354 2692 386 2746 et
406 2682 506 2746 Latiae
528 2683 678 2765 parebunt
699 2683 841 2745 cornibus
864 2701 966 2745 arces.

170 2772 217 2834 Tu
239 2772 327 2834 modo
349 2789 456 2852 rumpe
478 2790 599 2855 moras,
620 2779 782 2854 portasque
803 2774 917 2834 intrare
938 2780 1073 2853 patentes

170 2860 364 2943 Appropera.
392 2864 435 2923 sie
457 2861 518 2923 iata
542 2861 668 2923 iubent.
695 2879 823 2941 namque
844 2860 925 2922 Urbe
952 2868 1090 2940 receptus

104 2960 156 3011 585
170 2950 234 3012 Rex
256 2951 317 3011 eris
340 2957 371 3011 et
392 2959 511 3030 sceptro
534 2958 617 3012 tutus
639 2952 754 3030 potiere
777 2943 933 3030 perenni?

171 3037 298 3101 Rettulit
318 3038 368 3099 ille
389 3039 518 3120 pedem,
540 3047 713 3119 torvamque
736 3055 754 3100 a
775 3036 931 3099 moenibus
954 3035 1042 3097 Urbis

171 3128 316 3191 Avertens
338 3129 445 3189 lactem
468 3123 607 3212 ‘procul,
629 3126 668 3188 al
690 3126 797 3208 procul
819 3119 928 3187 omina'
952 3124 1027 3185 dixit

171 3215 253 3277 Talia
275 3216 305 3279 di
327 3216 460 3298 pellant;
482 3214 635 3294 multoque
659 3233 714 3295 ego
736 3216 845 3276 iustius
867 3230 973 3273 aevum

171 3303 248 3366 llxul
270 3322 353 3385 agam
365 3353 375 3387 ,
398 3322 487 3384 quam
510 3322 557 3366 me
579 3303 699 3365 videant
721 3301 863 3383 Capitolia
885 3317 987 3379 regem
996 3294 1016 3360 .’

105 3403 157 3455 aaa
172 3391 272 3476 Dixit,
295 3403 326 3458 et
348 3393 494 3474 extemplo
521 3392 723 3474 populumque
751 3405 928 3471 gravemque
956 3396 1091 3450 senatum

172 3480 341 3544 Convocat.
369 3490 437 3544 ante
460 3490 559 3544 tarum
580 3480 675 3561 pacali
698 3497 811 3541 cornua
831 3477 916 3539 lauro

172 3568 255 3632 Velat
266 3618 276 3654 ,
299 3579 331 3633 et
352 3570 509 3651 aggeribus
532 3571 618 3631 lactis
641 3587 659 3631 a
680 3567 772 3629 milite
796 3568 866 3629 lorti

136 3680 221 3724 dvm.
234 3680 271 3722 11.
845 3673 878 3722 a1
