2467 4042
182 261 242 326 taa
494 233 499 245 '
573 260 821 322 annotans.

265 414 338 490 Quis
355 415 427 475 vetit
441 414 470 474 in
487 415 614 490 patriam
631 420 723 474 vento
737 413 920 490 prohibente
935 416 1067 475 revertit

305 499 334 558 A
350 500 447 575 patria
465 500 575 574 pelago
593 499 662 557 veta
678 506 798 559 vetante
813 499 912 559 datis!

264 584 337 659 ipse
352 600 439 645 suana
455 599 515 642 non
531 583 659 658 praebet
673 583 729 643 iter
742 583 902 659 Neptunus
916 583 957 643 ad
971 584 1089 644 urbem.

203 677 252 731 130
305 669 369 742 Quo
386 669 493 728 ruitis?
523 668 654 729 Vestras
669 667 803 743 quisque
814 668 914 727 redite
928 667 1056 729 demost

264 752 330 827 Quo
342 753 449 824 mitis,
472 752 590 811 Danart
622 753 741 812 Ventos
755 752 860 812 audite
876 752 1021 812 vetantis!

305 837 372 898 Non
388 836 479 897 subiti
493 852 603 908 casus,
626 836 759 896 numinis
772 837 835 896 ista
843 851 934 896 mora
945 843 1004 897 est

265 920 343 997 Quid
360 921 471 997 petitur
484 926 568 980 tanto
582 919 642 981 nisi
658 921 756 997 turpis
772 922 910 981 adultera
923 919 1026 982 beilot

307 1006 384 1066 Dum
401 1006 486 1078 iicet,
508 1004 652 1065 inachiae
667 1004 775 1066 vertite
791 1006 861 1066 veta
876 1011 973 1066 retest

203 1099 251 1152 135
263 1088 326 1152 Sed
342 1091 415 1165 quid
431 1096 513 1165 agot
533 1095 670 1149 revocat
689 1088 895 1151 revocaminis
910 1104 1000 1148 oman
1014 1088 1140 1163 abesto,

305 1174 487 1247 Blandaque
506 1174 695 1248 conpositas
710 1189 786 1234 aura
801 1173 952 1234 secundet
967 1182 1078 1250 aquas.

262 1258 391 1318 Troasin
405 1257 546 1331 invideo,
569 1273 650 1332 quae
663 1258 710 1318 sic
724 1257 888 1319 lacrimosa
903 1272 1030 1340 scoram

305 1341 425 1402 Funera
439 1341 647 1418 conspicient,
670 1357 728 1402 nec
741 1343 851 1418 procui
865 1341 963 1403 hostis
978 1342 1045 1402 erit

262 1427 335 1503 Ipsa
350 1427 416 1487 suis
431 1426 571 1487 manibus
587 1427 658 1486 torti
672 1442 754 1487 nova
766 1433 863 1502 nupta
874 1425 983 1487 marito

202 1519 250 1573 tto
303 1511 441 1587 imponet
456 1512 576 1586 galeam
592 1511 787 1587 barbaraque
799 1526 885 1570 arma
899 1510 991 1571 dabit

263 1596 358 1655 Arma
368 1594 466 1669 dabit,
488 1596 624 1670 dmnque
633 1610 719 1655 arma
730 1593 830 1669 dabit,
848 1595 938 1655 sinui
950 1596 1059 1656 osenia
1068 1604 1191 1656 sumata

305 1680 372 1740 Hoc
386 1694 485 1754 genus
500 1680 595 1739 oiiicii
610 1680 701 1740 dulce
716 1679 838 1741 duobus
854 1679 940 1739 er‘tm

262 1763 476 1837 Producetque
491 1763 603 1837 virum,
627 1763 711 1824 dabit
724 1771 755 1824 et
770 1764 914 1823 mandata
929 1763 1051 1838 reverti,

304 1848 342 1908 Et
357 1848 438 1909 dicet
453 1849 584 1908 ‘reterns
599 1849 659 1908 ista
677 1849 726 1909 iac
741 1864 826 1908 arma
840 1847 906 1909 iovi
915 1850 936 1906 t’

203 1942 250 1996 tia
262 1934 329 2005 iiie,
352 1934 454 1993 terens
468 1932 613 1994 dominae
628 1933 771 1993 mandata
785 1933 920 1992 recentia
934 1946 1040 1993 secum

305 2017 453 2092 Pugnabit
466 2024 570 2091 caute,
596 2016 805 2092 respicietque
820 2018 955 2078 damian.

261 2101 363 2162 Exuet
377 2102 455 2161 haec
468 2103 574 2162 reduci
589 2102 736 2177 elipeum,
758 2102 941 2177 gaieanmue
956 2101 1103 2175 resolvet,

303 2185 506 2260 Excipietque
524 2203 581 2248 suo
596 2201 729 2262 corpora
743 2186 829 2246 lassa
842 2186 922 2246 sinu

262 2269 325 2329 Nos
340 2285 447 2329 sumus
462 2270 606 2331 incertae.
628 2286 687 2330 nos
702 2270 811 2330 anxins
827 2270 930 2330 omnia
945 2269 1036 2345 cogit,

203 2365 251 2418 too
304 2353 387 2428 Quae
403 2361 534 2429 possunt
550 2354 632 2428 fieri,
650 2356 732 2415 tactu
747 2362 856 2431 putare
872 2355 971 2416 timor.

262 2437 341 2499 Dum
355 2444 455 2498 tamen
470 2455 555 2499 arma
570 2455 660 2514 geres
675 2440 799 2501 divmso
815 2440 901 2499 miles
918 2440 949 2499 in
964 2436 1048 2511 orbe,

306 2521 390 2596 Quae
404 2524 516 2584 reierat
530 2525 632 2584 vuitus
648 2532 699 2584 est
712 2523 784 2583 mihi
801 2539 872 2584 cera
885 2531 966 2585 tuos

263 2607 308 2667 iiii
321 2606 501 2681 blanditias,
526 2608 566 2667 iiii
580 2608 634 2669 tibi
650 2608 753 2669 debita
765 2607 862 2668 verba

305 2691 456 2766 Dicimus,
477 2694 640 2768 ampiexus
656 2693 767 2768 accipit
781 2694 833 2753 iiia
846 2707 943 2751 meos.

204 2787 250 2839 155
263 2775 360 2836 Crede
374 2776 461 2851 mihi,
484 2779 553 2852 pius
564 2784 631 2851 est,
650 2792 743 2851 quam
760 2777 845 2853 quod
858 2777 1013 2850 videatur,
1033 2775 1137 2851 imago

305 2860 397 2920 Adde
411 2876 521 2920 sonum
537 2876 641 2934 cerae,
664 2861 852 2922 Protesiiaus
866 2860 932 2921 erit.

262 2944 349 3004 Hanc
364 2951 487 3019 specto,
509 2952 663 3019 teneoque
679 2946 750 3006 sinu
764 2961 820 3020 pro
839 2945 971 3020 coniuge
986 2960 1070 3019 vero,

304 3029 354 3103 Et,
377 3036 530 3105 tamquam
547 3030 646 3104 possit
659 3031 754 3090 verba
770 3031 900 3101 reterre,
923 3044 1046 3104 queror.

262 3112 319 3171 Per
332 3113 449 3173 reditus
463 3128 642 3189 corpusque
657 3123 756 3186 tuum,
778 3129 848 3174 mea
864 3114 1002 3186 numina,
1023 3114 1102 3182 iao,

203 3207 250 3261 160
302 3196 421 3272 Perque
436 3213 527 3272 pares
542 3199 634 3257 animi
651 3198 846 3274 coniugiique
859 3199 955 3271 iaces,

261 3279 394 3356 Perque,
418 3281 503 3355 quod
516 3289 551 3343 ut
565 3284 687 3344 videam
701 3283 789 3344 canis
804 3281 908 3343 albere
922 3281 1051 3358 capitiis,

304 3365 392 3439 Quod
406 3373 505 3426 tecum
520 3367 624 3442 possis
640 3367 852 3444 ipsensium,
876 3373 975 3443 eaput,

263 3449 311 3509 tie
327 3449 379 3510 tibi
394 3457 551 3510 venturam
568 3452 722 3526 comitem,
744 3467 941 3528 quocumque
955 3448 1088 3523 vocaris,

304 3532 407 3593 Siva...
423 3534 508 3607 quod
521 3533 581 3594 heu
596 3537 705 3606 timeo,
729 3536 795 3596 sive
811 3541 971 3611 superstes
986 3535 1058 3596 eris.
