2467 4042
376 234 459 307 ⁵0
1199 235 1602 296 AMORUM

460 404 527 460 45
551 393 749 456 Credo
785 391 967 452 etiam
991 405 1282 466 magnoS,
1336 403 1458 464 quo
1491 403 1626 449 sum
1660 394 1779 448 tam
1808 388 2066 465 turpiter
2091 408 2286 464 usus,

626 475 903 538 Muneris
937 473 1124 535 oblati
1152 472 1537 550 paenituisse
1568 472 1744 540 deos,

545 562 843 639 Optabam
874 565 1039 620 certe
1068 557 1283 634 recipi.
1342 572 1479 619 sum
1508 572 1731 632 nempe
1759 567 2078 636 receptusz

629 645 857 707 Oscula
884 644 1061 703 ferre.
1112 643 1243 704 tuli.
1298 641 1616 718 proximus
1648 655 1813 703 esse.
1873 645 1979 706 fui.

544 731 676 808 Quo
708 728 854 790 mihi
883 728 1164 788 fortunae
1191 733 1467 788 tantum?
1511 741 1632 800 quo
1661 736 1854 803 regna
1885 728 2019 789 sine
2054 737 2219 791 usu?

460 828 530 882 ω
635 814 819 890 Quid,
863 810 984 872 nisi
1020 811 1282 888 possedi
1314 811 1491 871 dives
1523 821 1979 888 avarus'opes?

544 899 646 961 Sic
674 905 806 961 aret
830 894 1050 958 mediis
1078 896 1246 957 taciti
1278 897 1556 971 vulgator
1580 895 1644 955 in
1674 896 1856 957 undis
1873 943 1887 969 ‚

623 983 936 1057 Pomaque
969 996 1127 1057 quae
1155 981 1324 1042 nullo
1357 989 1635 1055 tempore
1662 986 1896 1057 tangat,
1940 980 2144 1043 habet.

540 1074 595 1130 A
622 1076 834 1130 tenera
868 1065 1192 1141 quisquam
1229 1062 1324 1125 sic
1354 1065 1549 1139 surgit
1575 1072 1754 1124 mane
1784 1066 2016 1141 puelia,

622 1150 904 1213 Protinus
938 1157 1005 1210 ut
1033 1155 1284 1210 sanctos
1315 1149 1518 1225 possit
1549 1147 1722 1208 adire
1752 1149 1950 1210 deos?

455 1249 522 1302 55
548 1237 673 1299 Sed
701 1251 828 1296 non
856 1234 1114 1309 blanda,
1160 1239 1345 1309 puto,
1391 1242 1517 1294 non
1547 1233 1776 1308 optima
1810 1233 2079 1309 perdidit
2113 1235 2181 1294 in
2209 1248 2312 1296 me

625 1321 894 1383 Oscula?
938 1335 1059 1382 non
1093 1318 1259 1379 omni
1290 1317 1640 1378 sollicitavit
1669 1324 1835 1393 ope?

535 1405 647 1467 Illa
673 1419 896 1482 graves
924 1402 1122 1480 potuit
1151 1412 1421 1478 quercus
1449 1402 1901 1477 adamantaque
1932 1401 2148 1463 durum

624 1488 950 1564 Surdaque
975 1486 1289 1549 blanditiis
1323 1502 1479 1546 saxa
1506 1498 1763 1548 movere
1798 1487 1947 1547 suis.

537 1575 734 1650 Digna
759 1587 1014 1633 movere
1044 1572 1157 1632 fuit
1188 1577 1356 1632 certe
1396 1571 1703 1647 vivosque
1732 1571 2055 1646 virosque·

450 1669 521 1724 60
629 1657 754 1720 Sed
784 1672 988 1733 neque
1014 1665 1140 1718 tum
1170 1656 1328 1728 vixi,
1376 1670 1491 1715 nec
1517 1655 1641 1729 vir,
1689 1661 1755 1715 ut
1781 1662 1950 1727 ante,
1997 1655 2105 1714 fui.

537 1743 695 1821 Quid
725 1742 920 1816 iuvet,
967 1739 1046 1801 ad
1073 1739 1298 1801 surdas
1329 1738 1383 1799 si
1415 1744 1620 1801 cantet
1644 1738 1932 1800 Phemius
1965 1738 2198 1799 aures?

620 1827 779 1904 Quid
807 1824 1098 1887 miserum
1126 1822 1488 1900 Thamyran
1516 1823 1678 1899 picta
1702 1821 1933 1884 tabella
1955 1810 2164 1884 iuvari

534 1915 616 1975 At
647 1926 807 1988 quae
833 1917 960 1971 non
990 1910 1173 1970 tacita
1203 1908 1461 1968 formavi
1491 1907 1721 1982 gaudia
1742 1914 1977 1969 mente!

620 1997 787 2073 Quos
821 2009 937 2071 ego
969 2010 1096 2056 non
1130 1993 1282 2053 finxi
1313 1991 1725 2069 disposuique
1759 1992 2018 2053 modos!

452 2092 520 2146 fia
541 2083 764 2144 Nostra
788 2085 992 2140 tamen
1022 2079 1297 2153 iacuere,
1342 2077 1510 2137 velut
1537 2079 1956 2153 praemortua,
2003 2074 2282 2137 membra

616 2164 922 2240 Thrpiter,
966 2163 1260 2223 hesterna
1281 2123 1686 2237 ’languidiora
1700 2172 1877 2222 rosa.

540 2252 702 2320 Quae
728 2263 921 2322 nunc,
967 2261 1145 2321 ecce,
1182 2245 1394 2320 vigent
1416 2245 1850 2319 intempestiva
1877 2244 2243 2332 valentque=

620 2334 790 2394 Nunc
822 2347 981 2409 opus
1012 2335 1365 2405 exposcunt
1391 2329 1786 2403 militiamque
1815 2342 2010 2389 suam.
2428 2344 2467 2367 *w

536 2420 686 2492 Quin
718 2415 855 2478 istIc
886 2414 1248 2492 pudibunda
1276 2414 1477 2489 iaceS,
1522 2427 1670 2490 pars
1707 2412 1979 2489 pessima
2010 2412 2208 2473 nostri
2227 2459 2241 2472 .

452 2512 516 2564 m
624 2503 725 2564 Sic
754 2517 890 2562 sum
919 2498 1208 2577 pollicitis
1243 2506 1461 2575 captus
1494 2505 1557 2559 et
1583 2503 1726 2558 ante
1753 2497 1895 2558 tuis.

532 2588 616 2644 Tu
648 2585 960 2647 dominum
995 2583 1177 2645 fallis.
1242 2599 1356 2660 per
1382 2589 1443 2645 te
1473 2581 1817 2658 deprensus
1854 2580 2101 2643 inermis
2421 2655 2426 2661 ¹

616 2667 833 2732 Tristia
861 2685 998 2730 cum
1026 2664 1253 2743 magno
1287 2665 1512 2728 d'amna
1541 2663 1779 2742 pudore
1807 2664 1936 2727 tuli.
2426 2670 2467 2713 ἑά

536 2756 701 2816 Hanc
734 2754 916 2815 etiam
948 2768 1071 2813 non
1102 2759 1201 2815 est
1232 2767 1371 2812 mea
1402 2749 1731 2827 dedignata
1761 2750 1966 2827 puella
2437 2743 2465 2799 5¹³⁴

612 2839 875 2901 Molliter
903 2838 1154 2900 admota
1184 2836 1516 2897 sollicitare
1544 2839 1774 2896 manuil
2423 2828 2467 2894 fssiz

452 2932 516 2988 τῇ
540 2924 666 2984 Sed
696 2926 1025 3000 postquam
1052 2922 1255 2982 nullas
1293 2928 1670 2995 consurgere
1707 2927 1898 2995 posse
1929 2930 2042 2994 per
2070 2927 2236 2980 arte⁶
2422 2918 2467 3003 sinc

612 3008 1143 3081 Inmemoremque
1174 3006 1271 3067 sui
1303 3005 1743 3084 procubuisse,
1788 3002 1988 3076 videt,
2419 3000 2451 3061 *Ἰ

532 3092 711 3168 ‘Ouid
740 3107 838 3152 me
868 3084 1105 3150 ludis?
1150 3089 1267 3167 ait,
1307 3087 1476 3167 ‘qfiis
1509 3096 1600 3160 te,
1645 3088 1804 3148 maie
1839 3098 2021 3161 sane,
2061 3085 2319 3146 iubebat
2416 3082 2467 3148 dm

612 3176 871 3237 Invitum
901 3182 1114 3236 nostro
1145 3179 1380 3250 ponere
1406 3173 1686 3234 membra
1710 3176 1890 3234 toro?
2408 3164 2461 3231 sae

532 3264 648 3324 Aut
675 3268 735 3321 te
763 3260 1031 3321 traiectis
1058 3260 1275 3321 Aeaea
1301 3258 1580 3320 venefica
1607 3256 1767 3318 lanis
2413 3258 2459 3318 {a

448 3356 512 3408 [itt
620 3344 927 3418 Devovet,
974 3351 1077 3405 aut
1105 3343 1226 3405 alio
1257 3345 1463 3404 lassus
1498 3357 1709 3403 amore
1741 3340 1964 3401 venis!
2410 3355 2467 3409 :sos

524 3432 882 3502 Haemum,
930 3426 1176 3490 desiluit
1203 3429 1408 3489 tunica
1442 3427 1641 3488 velata
1669 3426 1900 3488 soluta:
2409 3439 2467 3495 κῃ

612 3512 684 3572 Et
713 3511 920 3573 decuit
950 3513 1155 3574 nudos
1192 3512 1580 3588 proripuisse
1612 3509 1828 3586 pedes.
2416 3508 2467 3596 ijp
