2467 4042
54 3 246 25 '‘—

194 226 263 295 344
604 230 798 283 00000000

329 391 468 472 Obstipui
488 395 597 455 tacitns
621 394 809 472 sustinuique
831 392 976 472 gradum.

286 480 386 542 Sensit
407 499 482 543 anus
504 483 601 543 vicina
622 480 703 561 loci,
725 481 899 560 iussumque
923 477 1034 545 sedere

218 581 271 630 000
329 568 517 649 Alloquitur,
541 570 677 648 quatiens
699 587 771 630 rone
794 577 941 630 tremente
966 580 1076 652 eaput:

285 652 364 717 ‘Hoc
386 656 439 717 ubi
461 674 542 718 nunc
564 657 629 718 lora
652 663 745 737 snut,
766 656 842 718 udae
865 664 992 720 tenuere
1016 661 1147 741 puiades,

329 743 421 807 Amne
444 743 618 806 redundatis
641 743 720 806 iussa
742 743 879 806 madebat
900 749 1006 825 aquis.

286 833 406 894 Curtius
429 831 478 893 ille
500 832 583 893 larus
595 876 605 911 ,
628 834 722 894 sieeas
745 835 799 912 qui
821 835 950 894 sustinet
972 852 1062 917 eras,

329 919 415 981 Nune
438 919 531 981 solida
554 927 601 981 est
622 919 711 982 tellus
723 967 733 1000 ,
755 920 808 982 sed
831 920 913 981 larus
934 930 1006 983 ente
1031 925 1107 986 luit.

218 1019 270 1069 40⁵
286 1007 349 1079 Qua
372 1006 495 1068 Velabra
518 1007 615 1069 solent
636 1010 668 1068 in
691 1007 810 1070 Circum
832 1008 942 1071 ducere
965 1027 1113 1093 pompas,

328 1094 376 1156 Nil
397 1103 516 1175 praeter
538 1094 645 1157 salices
667 1113 809 1175 cassaque
831 1113 924 1157 eanna
946 1098 1025 1161 fuit.

288 1183 382 1263 Saepe
405 1182 590 1245 suburbanas
612 1183 732 1245 rediens
755 1185 876 1245 conviva
897 1202 954 1262 per
976 1187 1078 1248 undas

331 1269 436 1332 Cantat
447 1317 457 1352 ,
480 1279 511 1333 et
532 1271 569 1332 ad
592 1278 697 1334 nautas
720 1269 803 1332 ebria
824 1270 913 1333 rerba
934 1274 1027 1336 iacit.

285 1358 423 1420 Nondum
446 1361 625 1421 conveniens
647 1359 773 1421 dirersis
794 1361 853 1420 iste
874 1360 978 1438 liguris

218 1458 271 1509 410
328 1445 443 1508 Nomen
466 1445 502 1508 ab
525 1464 629 1509 averso
652 1453 773 1526 ceperat
795 1464 880 1508 amne
903 1446 997 1509 deus.

285 1533 340 1597 llie
363 1552 482 1615 quoque
504 1533 590 1596 lucus
613 1543 677 1596 erat
699 1536 796 1596 iuneis
819 1543 851 1595 et
872 1536 1020 1596 arundine
1044 1537 1156 1600 densus

330 1621 370 1683 Et
390 1622 466 1701 pede
488 1621 582 1683 velato
605 1640 666 1683 000
688 1621 823 1683 edeundn
845 1622 947 1701 palus.

287 1710 395 1789 Stagna
417 1717 609 1771 recesserunt
631 1718 662 1772 et
683 1727 775 1790 aquas
798 1727 852 1771 sua
874 1713 938 1790 ripa
960 1721 1110 1794 coercet,
1156 1724 1182 1775 et

331 1798 483 1877 Siccaque
497 1815 577 1859 nune
600 1797 710 1860 tellus:
742 1815 807 1859 mos
829 1806 928 1860 tamen
950 1798 1024 1859 inde
1047 1810 1167 1862 manet.

219 1897 271 1949 410
285 1885 466 1947 Reddiderat
487 1903 628 1947 eausam.
670 1881 804 1965 ε001000,
826 1902 902 1947 anus
923 1888 1037 1966 optima
1051 1884 1082 1948 i'
1108 1889 1167 1950 dixi

331 1970 433 2043 ‘Quod
456 1981 594 2052 superest
616 1975 703 2052 aevi,
725 1971 813 2034 molle
836 1976 876 2035 sit
898 1990 1009 2055 smne,
1033 1973 1124 2038 tui.'

286 2061 392 2124 Cetera
414 2063 473 2123 iam
495 2062 611 2141 pridem
633 2061 724 2122 didici
746 2059 911 2141 puerilibus
932 2064 1039 2144 annis,

330 2148 397 2211 Non
420 2157 519 2211 100000
540 2148 654 2211 ideirco
676 2148 893 2228 praetereunda
915 2149 1006 2210 milri.

287 2236 401 2299 Moenia
423 2236 605 2298 Dardanides
628 2254 725 2316 nuper
747 2254 822 2297 nora
845 2236 956 2298 leserat
976 2236 1063 2300 llus:

219 2338 273 2393 420
330 2324 392 2386 1100
414 2323 511 2386 adhue
533 2324 619 2386 Asiae
643 2325 723 2385 dives
746 2323 873 2386 babebat
894 2342 982 2403 opes:

287 2413 425 2476 Creditur
447 2412 602 2474 armiferae
626 2415 744 2491 siguum
767 2412 894 2474 caeleste
916 2412 1078 2476 llinerrae

331 2500 419 2563 Urbis
441 2503 475 2563 in
495 2499 599 2563 Iliacae
623 2500 779 2562 desiluisse
800 2503 886 2579 iuga.

288 2590 365 2652 Cura
386 2588 486 2650 ridere
508 2589 588 2669 fuit,
615 2588 674 2652 vidi
696 2587 899 2669 templumque
920 2588 1120 2670 locumque.

331 2677 395 2739 1100
418 2685 556 2757 superest
576 2675 641 2758 illi,
663 2674 779 2738 Pallada
800 2675 894 2738 Roma
916 2683 1017 2738 tenet.

220 2777 273 2827 400
288 2765 460 2827 Consulitur
484 2764 678 2846 Smintheus,
699 2763 827 2844 lucoque
850 2763 998 2826 obscurus
1022 2784 1142 2847 epam

332 2853 393 2915 llos
416 2870 476 2914 000
498 2854 623 2915 mentitu
645 2851 775 2913 reddidit
796 2869 850 2913 ere
872 2868 978 2913 sonos:

288 2939 469 3004 ‘Aetheriam
492 2948 607 3002 servate
631 2940 738 3019 deam,
760 2938 915 3002 servabitis
937 2938 1076 3005 urbem:

332 3029 493 3110 Imperium
515 3045 618 3089 seeum
640 3027 800 3089 transferet
821 3026 871 3088 illa
892 3022 983 3088 loei.’

290 3118 415 3200 Servat,
438 3126 469 3180 et
490 3116 634 3179 inclusam
657 3133 772 3178 summa
793 3122 877 3177 tenet
898 3114 958 3176 llus
979 3117 1013 3177 in
1039 3135 1157 3204 arce,

221 3219 275 3269 430
333 3206 470 3286 Curaque
493 3205 528 3268 ad
551 3203 693 3266 heredem
714 3203 913 3265 Laomedonta
934 3203 1032 3265 redit.

290 3294 352 3357 Sub
375 3293 492 3355 Priamo
514 3301 630 3354 serrata
652 3309 778 3371 parum.
820 3293 863 3353 sie
884 3294 949 3372 ipsa
970 3291 1134 3379 volebat,

334 3382 379 3442 Ex
402 3400 460 3460 quo
482 3380 591 3443 iudicio
615 3381 710 3441 ferma
732 3381 843 3440 revicta
865 3396 919 3440 sua
942 3387 1006 3442 est.

291 3468 366 3545 [Seu
388 3485 483 3545 genus
504 3467 645 3548 Adrasti,
668 3484 722 3528 seu
745 3469 834 3528 furtis
856 3476 943 3548 aptus
966 3465 1081 3532 Ulixes
1093 3519 1105 3550 ‚

336 3555 395 3615 Seu
417 3555 485 3633 pius
507 3553 621 3615 Aeneas
645 3556 790 3634 eripuisse
813 3553 936 3632 lerunt]
