2467 4042
465 232 527 294 221
541 267 578 277 —
591 233 665 295 296.

133 386 221 447 Nulla
234 392 410 445 recantatas
425 385 581 462 deponent
594 395 722 462 pectora
737 401 836 461 curas,

60 479 121 534 260
173 470 239 530 Nec
252 468 351 544 lugiet
364 469 437 529 vivo
452 470 578 546 sulpure
592 470 694 530 victus
710 486 804 529 amor.

134 554 213 628 Quid
227 560 258 613 te
270 552 436 614 Phasidiae
451 553 592 613 iuverunt
605 554 744 629 momina
757 562 865 625 terrae,

177 636 254 697 Cum
270 653 403 712 cuperes
418 636 531 711 patria,
555 637 674 712 Colchi,
696 653 821 697 manere
835 637 950 698 domot

132 720 213 796 Quid
228 721 281 781 tibi
296 721 491 797 prosuerunt,
513 721 612 795 Circe,
632 721 795 781 Perseides
810 720 933 797 herbae,

176 806 251 865 Cum
267 821 325 864 sua
338 804 468 865 Neritias
484 804 607 865 abstulit
621 822 696 865 aura
711 812 815 865 ratest

65 899 122 953 265
134 888 245 949 Omnia
260 888 375 963 fecisti,
398 903 438 948 ne
452 889 581 949 callidus
595 889 714 965 hospes
729 889 834 949 abiret.

175 973 232 1033 ille
247 972 332 1032 dedit
347 979 449 1032 certae
462 973 555 1034 lintea
570 974 662 1048 plena
676 976 778 1047 lagae.

134 1054 244 1115 Omnia
258 1055 374 1131 iecisti,
396 1072 435 1116 ne
450 1063 480 1116 le
494 1058 577 1116 ierus
591 1064 694 1117 ureret
708 1057 803 1132 ignis:

175 1141 302 1215 Longus
317 1145 348 1199 et
361 1140 456 1200 invito
472 1148 598 1216 pectore
615 1142 696 1202 sedit
708 1157 804 1201 amor.

131 1225 264 1285 Vertere
279 1229 311 1283 tu
330 1230 454 1299 poteras
469 1224 609 1285 homines
627 1225 658 1284 in
673 1225 754 1284 mille
768 1225 892 1299 figuras,

63 1316 122 1372 270
175 1307 243 1367 Non
260 1316 387 1383 poteras
401 1308 493 1367 animi
509 1315 628 1369 vertere
644 1309 711 1368 iura
725 1309 777 1369 tui.
901 1362 906 1371 .

131 1392 252 1452 Diceris
265 1392 315 1452 his
330 1392 436 1465 etiam,
459 1407 528 1453 cum
544 1393 603 1451 iam
620 1392 782 1453 discedere
797 1393 896 1467 vellet,

174 1475 348 1535 Dulichium
362 1475 466 1535 verbis
482 1476 651 1536 detinuisse
667 1476 777 1536 ducem

133 1559 215 1620 ‘Non
231 1574 308 1634 ego,
331 1559 416 1634 quod
432 1560 552 1635 primo..
566 1560 709 1620 memini..
723 1575 851 1636 sperare
865 1560 1012 1633 solebam,

174 1643 240 1703 lam
255 1658 381 1718 precor,
404 1651 438 1703 ut
453 1643 588 1703 coniunx
601 1650 634 1702 tu
648 1660 735 1703 meus
751 1659 823 1703 esse
840 1644 927 1703 velis.

62 1735 116 1790 275
127 1727 166 1788 lit
183 1734 301 1801 tamem
322 1734 355 1785 ut
373 1727 507 1786 coniunx
522 1742 624 1786 essem
641 1734 706 1799 tua,
729 1727 822 1802 digna
837 1726 972 1800 videbar,

176 1810 267 1884 Quod
283 1810 357 1883 dea,
381 1809 467 1884 quod
484 1809 585 1885 magni
602 1810 664 1870 filia
679 1810 761 1870 Solis
778 1826 871 1870 eram.

130 1895 176 1954 Na
194 1909 361 1970 properes,
386 1909 451 1953 oro.
475 1895 606 1969 spatium
622 1911 678 1970 pro
693 1911 819 1955 munere
833 1910 942 1970 posco.

175 1976 255 2050 Quid
270 1976 372 2036 minus
387 1978 486 2051 optari
502 1994 557 2052 per
574 1994 644 2038 mea
657 1985 730 2038 vota
744 1986 869 2053 potest?

129 2062 170 2123 Et
186 2062 263 2121 ireta
274 2061 478 2136 mutandas,
500 2069 531 2121 et
546 2062 643 2122 debes
660 2064 711 2123 illa
724 2063 841 2123 timere.

66 2155 118 2208 280
160 2144 284 2205 ‘Utilior
299 2144 378 2204 velis
395 2146 559 2221 postmodo
574 2153 685 2207 ventus
701 2147 765 2205 erit,

131 2231 218 2303 Quae
232 2228 287 2289 tibi
304 2244 400 2288 causa
414 2230 526 2304 fugace
546 2246 608 2289 non
624 2229 674 2289 hic
688 2246 771 2291 nova
784 2231 874 2292 Troia
887 2228 1026 2306 resurgit

174 2313 244 2372 Non
258 2312 370 2387 aliquis
388 2314 492 2374 socios
506 2313 630 2374 Rhesus
644 2314 685 2374 ad
699 2321 899 2374 armaverat

128 2396 190 2455 llic
207 2413 295 2456 amor
308 2404 339 2457 et
354 2413 415 2471 pax
431 2405 491 2472 est,
514 2398 545 2456 in
561 2404 624 2472 qua
637 2400 716 2458 male
731 2399 877 2459 vulneror
891 2415 962 2472 una,

175 2481 315 2561 Totaque
328 2480 386 2540 sub
401 2497 496 2556 regno
510 2488 594 2542 terra
608 2482 709 2542 lutura
721 2489 776 2542 tuo
790 2485 860 2542 est!

65 2575 116 2630 285
128 2566 187 2624 Illa
204 2564 404 2640 loquebatur,
426 2581 535 2625 navem
551 2565 692 2626 solvebat
706 2567 830 2627 Ulixes:

174 2648 267 2709 Inrita
285 2665 353 2708 cum
367 2649 445 2708 velis
461 2650 555 2709 verba
569 2651 666 2710 tulere
680 2652 754 2710 neti.

128 2734 242 2807 Ardet,
264 2740 295 2793 et
308 2733 454 2793 adsuetas
470 2733 555 2794 circe
569 2734 704 2794 decurrit
717 2734 758 2794 ad
772 2741 862 2808 artes,

173 2816 237 2876 Nec
251 2823 350 2877 tamen
366 2825 414 2878 est
429 2817 489 2877 illis
503 2819 686 2878 adtenuatus
702 2835 797 2878 amor.

129 2902 213 2974 Ergo
229 2901 370 2975 quisquis
386 2916 476 2976 opem
490 2909 597 2961 nostra
611 2902 666 2961 tibi
680 2903 787 2977 poscis
802 2904 840 2963 ab
857 2910 930 2979 arte,

63 2995 117 3049 290
172 2984 270 3044 Deme
284 2984 444 3044 veneficiis
461 2985 709 3061 carminibusque
723 2987 825 3047 iidem.

131 3067 165 3128 Si
182 3076 212 3127 te
227 3083 322 3128 cansa
337 3074 449 3143 potens
465 3068 589 3129 demina
602 3070 745 3131 retinebit
758 3071 787 3129 in
802 3072 894 3146 Urbe,

173 3153 306 3227 Accipe,
326 3151 487 3212 consilium
504 3154 587 3229 quod
602 3155 643 3214 sit
654 3153 685 3213 in
701 3155 783 3215 Urbe
797 3171 908 3217 meum.

131 3236 272 3310 Optimus
287 3236 337 3295 ille
353 3235 408 3296 luit
420 3234 550 3309 vindex,
573 3238 725 3299 laedentia
741 3247 849 3314 pectus

171 3319 306 3380 Vincula
320 3319 372 3395 qui
386 3321 481 3395 rupit,
505 3321 704 3396 dedoluitque
718 3325 823 3383 semel.

64 3413 118 3466 295
129 3402 214 3464 Sieui
229 3411 345 3464 tantum
362 3403 456 3463 animi
473 3410 535 3478 est,
557 3406 641 3465 illum
656 3407 789 3467 mirabor
803 3407 925 3485 etipse,

172 3487 211 3546 tet
225 3487 325 3547 dicam
339 3486 476 3547 ‘monitis
494 3504 556 3548 non
571 3497 642 3565 eget
655 3489 714 3549 iste
727 3492 828 3551 meis?
