2467 4042
177 259 221 325 60
587 254 794 315 allocuti

220 422 254 475 ὕ
263 409 384 472 Avertit
397 410 500 469 vultus
514 409 626 485 Erycis
642 424 723 483 quse
738 408 883 484 possidet
897 424 998 470 arces.

305 494 384 555 Sunt
399 509 540 569 quoque,
565 494 618 569 qui
632 494 777 553 lacrimas
792 493 987 554 continuisse
1000 500 1144 570 negent.

264 578 662 650 Sedtamenbocmelios,
684 576 988 652 qmmsil’bceucie
1004 580 1107 640 tellus

307 664 447 738 lgootmn
461 663 514 721 vili
528 662 752 738 supposuisset
762 662 869 722 bumo.

265 747 343 807 Hinc
356 754 441 808 certe
454 746 598 806 madidos
613 746 759 822 iugieutis
774 745 892 822 prem
906 748 1026 809 ocellos

221 844 257 895 bo
308 831 421 906 nater,
443 831 777 892 successuum
790 830 875 889 done
890 831 975 890 tuliis

263 916 342 976 ilinc
357 931 448 977 soror
462 915 493 973 iu
511 922 629 991 partem
643 915 757 975 misera
770 930 842 975 cum
855 922 954 975 meuc
967 915 1088 976 dolciis

305 1001 414 1072 Venit,
436 1000 594 1059 inornatas
611 999 759 1060 dilsuictu
773 1013 897 1060 comus:

265 1085 401 1160 cumque
417 1084 479 1145 tuis
496 1100 555 1145 sua
569 1084 735 1144 iunxerunt
745 1083 952 1159 Nemesisque
965 1084 1128 1161 priorque

307 1168 437 1243 Oscula,
459 1184 519 1228 uec
533 1170 621 1229 solos
635 1168 803 1228 desumere
815 1183 923 1243 rogos.

222 1265 256 1317 55
267 1254 355 1315 Delia
367 1253 565 1314 descendens
580 1252 727 1313 ‘ielic‘nrs’
742 1252 841 1327 iuquit
854 1256 970 1313 ‘amota

307 1336 382 1398 Sum
396 1337 461 1399 tibi·
488 1336 608 1410 vixisti,
632 1337 707 1397 dum
720 1344 794 1398 tuus
807 1337 888 1411 ignis
902 1339 1010 1396 eraue’

265 1422 319 1483 cui
330 1421 473 1483 Nemesis
487 1422 589 1497 ‘quid’
604 1421 647 1481 ait
660 1420 729 1482 ‘tibi
743 1427 817 1481 sont
828 1435 899 1480 mcc
913 1421 1028 1481 dumne
1042 1418 1181 1482 dolorit

307 1506 358 1566 Me
369 1506 466 1567 tenuit
479 1506 615 1567 moriens
630 1505 794 1567 deficiente
807 1508 923 1566 mauu!

265 1589 298 1652 Si
312 1597 414 1651 tamen
429 1590 553 1652 euobis
568 1590 686 1665 aliquid
700 1591 761 1651 uisi
774 1605 889 1651 nomeu
903 1597 935 1651 et
950 1588 1060 1650 umbra

222 1684 258 1739 60
309 1675 432 1751 Restat,
454 1674 485 1735 in
499 1675 607 1752 Elysia
621 1673 703 1734 valle
712 1672 852 1735 Tibullus
866 1674 933 1734 erit

267 1758 383 1821 Obvius
398 1757 470 1820 huic
483 1761 608 1832 venias,
631 1758 748 1818 hedera
761 1758 917 1818 iuvenalis
931 1758 1051 1818 cinctus

307 1843 475 1920 Tempora,
499 1861 567 1905 cum
584 1838 695 1917 Calvo,
717 1842 810 1903 docte
825 1843 958 1915 Catulle,
981 1849 1046 1905 tuo.

265 1929 310 1990 Tu
325 1944 466 2006 quoque,
489 1929 516 1990 si
531 1929 642 1989 ielsum
657 1933 706 1988 est
718 1927 857 1988 temerati
873 1927 995 1987 crimen
1007 1918 1121 1999 amici,

308 2013 474 2090 Sanguinis
489 2021 584 2090 atque
598 2011 719 2074 animae
732 2010 865 2088 prodige
876 2011 964 2072 Galle
977 2019 1058 2072 tuac.
1076 2008 1215 2088 [umbre¹

224 2097 324 2161 65His
345 2114 452 2159 comes
473 2098 583 2159 umbra
602 2104 657 2158 tua
676 2104 733 2159 est.
768 2096 859 2171 siqua
884 2100 932 2156 est
950 2096 1044 2157 morlo
1064 2099 1215 2174 corporis

307 2182 430 2244 Auxisti
445 2198 606 2256 numeros,
629 2182 709 2242 culte
721 2180 855 2254 Tibulle,
879 2181 960 2255 pios.

268 2264 348 2328 Ossa
363 2268 484 2344 quieta,
506 2281 635 2342 precor,
658 2273 722 2326 tuta
735 2264 922 2340 requiescite
935 2265 966 2324 in
981 2280 1071 2340 urna,

309 2352 348 2412 Et
363 2352 403 2413 sit
416 2351 528 2412 humus
544 2350 639 2411 cineri
654 2366 716 2411 non
733 2365 866 2411 onerosa
879 2357 948 2410 tuot

191 2481 242 2578 10
270 2487 385 2581 huna
400 2527 549 2581 venerunt
564 2519 698 2581 cerealis
713 2528 853 2595 tempora
868 2518 959 2579 sacri.

312 2603 447 2668 Secubat
461 2605 492 2666 in
511 2621 612 2667 vacuo
629 2605 698 2665 sola
712 2605 817 2681 puella
830 2611 908 2665 toro.

266 2689 360 2752 Flava
374 2689 484 2763 Ceres,
506 2698 616 2752 tenues
633 2687 729 2765 spicis
743 2688 885 2749 redimita
899 2686 1043 2763 capillos,

311 2774 371 2836 cur
384 2774 505 2834 inhibes
520 2773 620 2835 sacris
636 2773 799 2837 commoda
812 2780 919 2834 nostra
933 2771 1017 2833 tuisl

238 2858 323 2931 ale,
346 2860 419 2932 dea,
443 2857 618 2919 munificam
636 2866 743 2935 gentes
757 2857 937 2933 ubiquaque
950 2856 1107 2917 locuntur=

309 2942 372 3004 Nec
387 2944 487 3003 minus
501 2942 644 3004 humanis
659 2943 778 3004 invidet
790 2942 853 3003 ulla
866 2942 967 3002 bonis.

266 3029 347 3089 Ante
361 3043 419 3088 nec
433 3027 541 3089 hirsuti
557 3027 714 3089 torrebant
728 3028 811 3088 farra
826 3027 943 3102 coloni,

307 3112 372 3172 Nec
387 3119 491 3173 notum
506 3112 594 3173 terris
610 3128 683 3172 area
697 3124 809 3172 nomen
824 3118 902 3173 erat=

268 3195 330 3258 Sed
346 3198 490 3272 glandem
506 3213 655 3273 quercus,
680 3197 805 3257 oracula
819 3196 932 3272 prima,
955 3195 1107 3256 terebant:

227 3292 260 3345 lo
312 3282 396 3343 llaec
412 3289 477 3343 erat
491 3289 522 3343 et
538 3281 636 3342 teneri
652 3279 799 3356 caespitis
815 3280 912 3340 herba
928 3279 1027 3340 cibus.

267 3365 366 3428 Prima
382 3366 475 3428 ceres
491 3366 597 3428 docuit
609 3373 788 3442 turgescere
803 3378 909 3426 semen
924 3364 954 3424 in
970 3363 1067 3439 agris,

308 3451 400 3514 Falce
415 3451 570 3513 coloratas
585 3449 807 3527 subsecuitque
822 3462 943 3510 conrasi

269 3535 368 3598 Prima
383 3536 463 3614 iugis
479 3544 586 3600 tauros
601 3550 781 3612 supponere
797 3534 876 3595 colla
891 3534 1006 3608 coegit,
