2467 4042
209 235 277 301 314
618 231 811 283 sssrnemr

343 397 492 477 Venerat,
514 398 669 477 impositus
692 395 891 475 attuleratque
915 396 1016 459 dees.

299 487 354 548 llic
367 535 376 570 ,
400 486 451 548 ubi
475 502 553 546 nuuc
577 483 759 560 Romaest,
784 484 866 545 erbis
889 496 1010 565 caput,
1036 486 1135 548 arbor
1155 498 1179 547 et

847 572 961 632 herbae

344 663 382 724 Et
404 679 515 743 paucae
537 660 668 741 pecudes
691 669 722 720 et
744 677 811 721 casa
833 678 901 720 rara
925 662 1006 722 tuit.

251 765 286 815 es
301 752 366 823 Quin
389 760 545 831 postquam
568 757 689 809 ventum
711 757 779 823 est,
803 743 993 810 “cmsistite
1008 746 1049 810 !'’
1081 755 1193 832 praescia

847 844 943 896 mater

347 922 448 988 “Nem
470 927 554 988 lucus
576 927 695 1005 imperii
717 942 771 985 rus
793 926 851 985 erit
872 920 987 985 isiud'’
1013 930 1078 988 ait.

300 1014 339 1076 Et
362 1016 449 1076 matri
472 1024 503 1076 et
525 1017 582 1075 vati
605 1022 691 1093 paret
712 1012 877 1074 Nonacrius
900 1012 998 1075 beros
1005 1063 1015 1095 ,

346 1103 438 1182 inque
461 1106 617 1182 peregriua
640 1103 773 1162 constitit
795 1101 903 1180 hospes
926 1101 1044 1163 hume.

302 1190 450 1271 Sacraque
474 1190 565 1251 muita
589 1190 731 1270 quidem,
754 1189 806 1250 sed
830 1189 925 1249 Fauni
946 1194 1052 1268 prime
1080 1192 1187 1254 bicornis

238 1292 287 1343 100
346 1278 406 1340 llas
429 1279 529 1340 decuit
551 1288 655 1359 gentes
678 1277 860 1357 alipedisque
883 1277 948 1338 dei.
1202 1296 1203 1307 ¹

303 1367 495 1447 semicaper,
519 1367 625 1428 celeris
649 1368 810 1444 cinctutis,
834 1365 956 1440 Nauae,
982 1367 1151 1451 Lupercis,

346 1455 420 1517 Cum
443 1455 570 1517 lustrant
593 1453 727 1516 celebres
750 1453 858 1515 vellera
880 1464 961 1515 secta
988 1459 1075 1519 viss.

301 1545 339 1605 it
361 1551 393 1605 tu
416 1553 549 1605 materne
572 1543 689 1605 donam
711 1545 830 1603 nomine
852 1559 1010 1624 mensem,

346 1632 486 1694 iuvenior
509 1649 639 1712 curvae,
662 1630 778 1692 iuribus
802 1637 890 1711 apte,
913 1631 1003 1692 fidis.

237 1732 287 1783 105
301 1720 362 1781 Nec
386 1722 480 1799 pietas
503 1720 575 1781 baec
598 1722 695 1799 prima
717 1727 768 1779 tua
790 1727 858 1779 est:
890 1729 1019 1797 septena
1043 1727 1170 1802 putaris,

346 1808 497 1869 Pleiadum
520 1825 701 1890 numerum,
724 1806 771 1867 uia
795 1805 912 1867 dedisse
935 1806 1060 1886 lyrae)

302 1895 381 1957 llaec
405 1914 523 1976 qunque
546 1897 698 1957 desierat:
729 1894 845 1956 laudata
868 1901 914 1955 est
937 1913 1014 1957 vnce
1040 1917 1182 1962 sur-erun.

346 1983 423 2054 Quid
436 1980 582 2045 ¹faciam?
613 1982 717 2044 turbae
740 2000 809 2062 pars
831 1982 920 2043 babet
942 1988 1048 2048 amnis
1073 1990 1164 2051 idem.

302 2072 400 2133 Gratia
423 2071 574 2133 Pieridum
597 2071 684 2132 uobis
706 2069 868 2149 aequaliter
890 2073 978 2152 assit,

238 2172 288 2221 110
347 2159 491 2239 Nullaque
514 2160 652 2222 laudetur
674 2160 777 2239 plusve
800 2161 934 2220 minasve
959 2161 1056 2225 mibi.

336 2300 363 2362 1.
387 2294 668 2378 [ammaim
687 2298 800 2378 aver]
846 2298 875 2361 2.
901 2292 974 2378 [BF
989 2306 1113 2386 evm]

302 2422 346 2484 Ab
369 2423 437 2484 lere
460 2431 561 2503 surgat
582 2441 681 2502 epus.
722 2424 818 2501 prima
840 2423 912 2483 mibi
934 2435 1028 2487 necte
1054 2430 1175 2492 videnda

347 2510 437 2573 Stella
461 2513 559 2572 estin
583 2528 675 2572 cunas
698 2512 829 2572 eldciesa
852 2511 945 2572 ioum:

301 2599 438 2662 Nascitur
462 2599 581 2660 Oleniae
604 2601 721 2679 siguum
744 2599 869 2678 pluviale
893 2599 1053 2686 Capella03

345 2686 396 2749 lile
419 2687 479 2749 dati
502 2688 614 2749 caelum
638 2690 767 2767 praemia
791 2688 875 2749 iactis
898 2688 1007 2751 babet.

238 2786 288 2836 116
302 2774 371 2837 Nais
395 2776 567 2856 Amalthea,
591 2775 713 2837 Cretaea
736 2775 843 2837 nobilis
866 2775 933 2858 Ida,

347 2863 461 2926 Dicitur
483 2866 513 2926 in
538 2864 619 2924 silvis
642 2864 807 2925 occuluisse
831 2863 946 2925 levem.

302 2951 378 3013 Huic
401 2953 458 3014 luit
480 2951 641 3014 haedorum
665 2961 759 3014 mater
783 2953 911 3013 formasa
933 2952 1087 3038 ducrum,

346 3040 427 3102 inter
449 3040 584 3102 Dieteees
608 3040 816 3120 conspiciende
839 3054 962 3122 greges,

303 3128 449 3189 Cornibus
472 3130 559 3190 aeriis
583 3136 671 3208 atque
693 3130 725 3190 iu
748 3144 802 3190 sua
824 3138 907 3207 terga
930 3134 1087 3214 recurvis3

238 3228 288 3279 120
348 3215 465 3297 Ubere,
490 3217 568 3296 quod
591 3219 692 3278 nutrix
714 3224 816 3297 posset
838 3216 947 3278 habere
971 3217 1068 3281 levis.

303 3304 361 3366 Lac
384 3304 471 3366 debet
494 3305 542 3366 iiia
565 3305 643 3367 dee.
685 3306 736 3366 sed
760 3306 850 3383 fregit
872 3308 902 3366 in
925 3305 1034 3368 arbore
1058 3327 1168 3391 cornu,

347 3393 524 3474 Truncaque
547 3394 666 3455 dimidia
690 3401 773 3472 perte
797 3393 914 3454 deceris
936 3404 1016 3455 erat.

304 3480 430 3542 Sustulit
452 3481 508 3543 hoc
532 3481 681 3562 nymphe,
705 3484 855 3561 cinxitque
878 3482 1052 3545 recentibus
1074 3485 1185 3565 herbis,

347 3567 384 3628 Et
406 3568 526 3646 pienum
548 3572 645 3649 pomis
668 3569 704 3630 ad
728 3568 805 3629 luris
827 3586 879 3630 era
902 3570 987 3632 tulit.
