2467 4042
177 752 214 847 lt
241 753 373 851 tvlltl
413 749 617 851 leolls
646 751 856 852 tutelli

326 942 682 1037 ploraremus.

273 1069 295 1115 ν
358 1128 539 1172 EPIGRAMMA
557 1128 661 1172 IPSIUS.

42 1218 44 1281 ὲ
117 1225 159 1300 Qui
170 1231 244 1292 nodo
258 1229 393 1292 Nasonis
408 1231 564 1308 luemus
581 1230 717 1307 quinque
731 1229 839 1303 libelli,

145 1313 202 1376 ms
215 1331 328 1377 sumus.
364 1314 425 1378 hoc
439 1314 481 1374 illi
494 1314 638 1391 praetulit
651 1320 758 1374 auctor
773 1330 863 1390 opus.

115 1394 198 1458 Utinm
211 1401 289 1460 nulla
304 1399 360 1461 tibi
376 1412 435 1460 nos
449 1399 489 1460 sit
502 1401 513 1459 l
555 1400 618 1460 'sse
632 1398 792 1474 voluptas,

88 1566 105 1609 ν
145 1483 175 1541 lt
185 1484 272 1545 levior
287 1483 423 1559 demptis
438 1499 541 1558 poeno
577 1483 677 1544 uobus
692 1483 757 1544 erit.

42 1674 44 1761 Ι
80 1641 94 1735 Ῑ
116 1650 185 1749 Arna
195 1692 275 1766 gravi
289 1707 420 1753 numero
436 1692 635 1766 violentaque
649 1690 730 1751 bella
745 1690 893 1766 parabam

42 1794 43 1855 j
141 1771 232 1849 Edere,
253 1775 384 1837 materia
400 1775 603 1836 conveniente
617 1775 732 1836 modis:

113 1849 153 1913 Per
163 1867 217 1920 erat
229 1860 357 1920 inferior
371 1875 491 1923 versus.
522 1861 632 1920 risisse
648 1859 766 1934 cupido

42 1958 44 1969 ’
140 1935 233 2004 Dicitur
247 1952 342 2021 atque
358 1961 450 2004 unum
467 1944 656 2020 surripuisse
671 1943 793 2018 pedem.

97 2019 174 2093 tilis
186 2027 249 2101 tibi,
272 2043 370 2089 saeve
384 2044 478 2104 puer,
503 2028 588 2089 dedit
601 2028 662 2088 hoc
676 2028 707 2086 in
723 2027 858 2086 earmina
871 2026 970 2086 inrisa

139 2104 267 2173 Pieridum
284 2119 390 2187 vates,
413 2129 475 2172 non
493 2121 543 2173 tua
557 2113 646 2173 turba
660 2128 775 2171 sumus.

42 2216 44 2251 t
113 2185 179 2268 Quid,
198 2197 222 2255 si
237 2196 406 2272 praeripiat
419 2195 520 2256 flavae
534 2199 642 2257 Venus
658 2212 742 2255 arma
756 2194 928 2269 Minervae,

42 2326 43 2335 ,
140 2275 250 2340 Ventilet
264 2296 416 2341 accensas
431 2279 514 2341 flava
528 2281 668 2341 Minerva
682 2281 789 2338 seces?

42 2380 44 2429 t
112 2353 162 2426 Quis
174 2365 274 2437 probet
289 2366 321 2424 in
336 2364 424 2429 silvis
441 2365 583 2426 cererem
597 2379 727 2439 regnare
742 2362 876 2438 iugosis,

42 2448 43 2511 i
83 2442 106 2495 ¹⁰
140 2441 205 2520 Lege
218 2449 413 2524 pharetratae
427 2449 554 2524 virginis
571 2465 646 2510 arva
660 2448 740 2508 colit

111 2522 217 2592 Crinibus
231 2534 384 2609 insignem
400 2534 469 2609 quis
484 2541 575 2594 acuta
589 2533 718 2609 cuspide
731 2531 888 2593 Phoebum

138 2609 265 2691 lrstruat,
287 2617 421 2678 Aoniam
435 2617 532 2679 Marte
547 2623 690 2677 movente
703 2617 824 2694 lyram?

110 2688 166 2755 snt
176 2700 222 2760 tibi
238 2718 364 2778 magna,
388 2717 481 2777 puer,
506 2702 694 2776 nimiumque
708 2700 846 2776 potentia
860 2715 970 2776 regnac

140 2779 273 2861 Canopus
290 2786 444 2860 adiectas,
459 2784 644 2861 ambitiose,
667 2792 803 2845 novume

79 2858 152 2934 ΜΗ,
171 2870 246 2943 quod
260 2870 389 2944 ubique,
412 2876 517 2931 tuumi
538 2877 590 2931 tua
605 2876 676 2931 sunt
689 2869 852 2929 Heliconia
865 2870 994 2944 Tempe,

138 2947 186 3010 Vix
199 2954 286 3014 etiam
299 2954 425 3015 Phoebo
440 2954 501 3015 iam
515 2956 583 3031 lyra
597 2962 662 3016 tuta
676 2970 734 3014 sua
749 2961 816 3014 esti
827 3001 834 3015 .
844 2997 868 3012 ..

110 3025 164 3089 Con
177 3034 249 3097 bene
266 3038 398 3100 surrexit
412 3055 506 3099 versu
520 3054 603 3099 nova
618 3040 731 3115 pagina
746 3037 862 3113 primo,

137 3116 265 3181 Attenuat
278 3139 392 3185 nervos
408 3123 567 3199 proximus
584 3123 634 3184 ille
650 3139 747 3184 meos.

108 3191 154 3257 Nee
165 3204 230 3264 mihi
244 3207 370 3271 materia
385 3215 433 3268 est
446 3208 581 3270 numeris
597 3207 764 3268 levioribus
780 3215 868 3285 apta,

81 3278 102 3333 ἱ]
137 3283 188 3345 Aut
201 3306 287 3366 puer,
311 3299 363 3352 aut
377 3293 485 3368 longas
502 3299 624 3368 compta
638 3293 743 3369 puella
757 3297 886 3353 comas?

109 3360 215 3436 Questus
231 3391 321 3437 eram.
349 3377 492 3452 pharetra
508 3393 576 3437 cum
587 3378 727 3452 protinus
743 3377 793 3436 ille
808 3380 909 3439 soluta

135 3449 209 3530 Legit
221 3458 249 3518 in
264 3461 388 3521 exitium
405 3461 525 3537 spicula
539 3463 620 3522 iacta
634 3478 750 3535 meum,

85 3527 270 3679 ovssunlavitque
286 3562 367 3622 genu
382 3546 543 3609 sinuosum
559 3547 676 3607 fortiter
690 3563 810 3621 arcum,
844 3634 857 3689 l
