2467 4042
607 256 658 307 EX
674 255 795 309 PONTO

651 453 747 528 VIII.

283 597 429 660 Redditus
452 604 498 659 est
521 596 608 658 nohis
631 596 740 661 Caesar
763 614 832 658 eum
855 595 978 658 Caesare
1002 615 1125 679 nuper,

331 686 413 758 Quos
436 684 509 746 mihi
532 687 662 767 misisti,
683 684 809 748 ldaxime
833 684 940 766 Cotta,
963 684 1057 747 dens.

284 774 382 854 thue
405 781 491 837 tuum
509 791 620 835 munus
637 791 814 855 numerum,
833 791 922 853 quem
940 773 1029 835 debet
1039 822 1050 856 ,
1068 772 1209 854 haberet,

328 863 383 925 Est
405 861 447 925 ibi
471 861 646 924 Caesaribus
668 861 751 923 Liria
772 864 874 924 iuncta
896 864 977 924 suis.

254 953 449 1031 idrgentum
471 950 541 1012 lelix
565 953 704 1031 omnique
727 949 845 1012 beatius
867 968 958 1031 auro,

329 1039 415 1111 Quod
427 1083 438 1120 ,
460 1039 551 1101 luerit
573 1042 704 1121 pretium
728 1057 797 1101 eum
819 1038 917 1120 rude,
940 1056 1052 1100 numen
1076 1038 1189 1102 hahet.

283 1127 348 1189 Nan
373 1126 446 1188 mihi
468 1127 585 1190 divitias
608 1127 704 1189 dando
727 1128 839 1189 maiora
862 1127 1012 1207 dedisses,

329 1214 490 1278 Caelithus
513 1218 613 1278 missIs
636 1224 739 1279 nostra
762 1215 818 1278 suh
842 1232 895 1277 ora
916 1214 1030 1276 tribus.

283 1303 337 1367 Est
359 1304 491 1386 aliquid,
514 1313 650 1384 spectare
672 1304 745 1366 deos
767 1314 799 1366 et
821 1304 924 1367 adesse
947 1312 1073 1384 putare,

237 1391 1039 1473 mmmmwmmmm.

285 1481 436 1553 Quantum
458 1499 553 1564 aveo,
575 1482 675 1564 redii,
703 1499 760 1544 nee
788 1501 835 1543 me
858 1488 942 1543 tenet
968 1480 1074 1542 ultima
1102 1480 1211 1562 tellus,

328 1568 427 1650 thue
449 1572 557 1653 prins,
579 1570 677 1632 media
699 1587 803 1650 sospes
825 1571 856 1631 in
879 1567 959 1631 Urbe
983 1586 1107 1632 moror.

285 1657 445 1721 Caesareos
468 1658 554 1720 video
578 1657 699 1740 vultus,
722 1659 803 1720 velut
826 1667 894 1720 aute
918 1656 1074 1719 videbam:

329 1746 384 1809 Vix
406 1745 496 1810 lruius
519 1747 580 1809 voti
602 1764 672 1827 spes
694 1748 752 1808 luit
774 1747 833 1808 ulla
855 1745 947 1808 mihi.

238 1847 270 1897 1s
286 1834 383 1915 thue
406 1834 569 1898 salutabam
591 1853 704 1897 numen
726 1835 876 1916 caeleste,
899 1835 1011 1896 salute.

329 1922 415 1995 Quod
438 1923 543 1985 reduci
565 1922 703 2004 trinuas,
726 1924 790 2006 nil,
812 1933 886 2004 puto
898 1970 908 2004 ,
931 1924 1027 1984 maius
1050 1920 1170 1984 habes.

284 2009 497 2083 Quidnostris
521 2011 615 2073 oeulis
638 2014 698 2074 nisi
720 2011 781 2073 sola
804 2012 915 2073 Palatia
937 2006 1074 2073 desunt?

329 2099 387 2171 Qui
409 2100 515 2181 loeus,
538 2099 636 2162 ablato
659 2099 807 2182 Caesare,
829 2100 895 2162 vilis
918 2101 993 2161 erit.

284 2187 372 2251 llune
400 2206 455 2270 ego
482 2206 551 2251 eum
579 2196 733 2270 spectem,
763 2189 864 2251 videor
892 2188 966 2249 mihi
991 2203 1122 2249 eernere

833 2276 975 2358 Romam3
1170 2287 1210 2341 (m

237 2376 271 2427 20
329 2365 403 2427 Nam
424 2367 537 2447 patriae
560 2366 667 2427 laniem
690 2366 818 2427 sustinet
839 2364 891 2427 ille
913 2381 1001 2428 suae.

284 2452 383 2516 Fallnr
394 2498 404 2532 ,
427 2472 466 2516 an
487 2456 555 2516 irati
578 2454 652 2515 milri
674 2455 799 2516 suntin
820 2455 948 2534 imagine
971 2451 1090 2533 vultus,

332 2540 487 2622 Terraque
510 2544 611 2605 neseio
636 2541 706 2622 quid
730 2542 824 2603 iorma
847 2543 988 2604 minantis
1009 2538 1132 2602 habet?

285 2630 401 2712 Parce,
422 2632 468 2692 rir
489 2632 626 2692 inmense
649 2632 743 2692 maier
766 2630 926 2693 virtutihus
949 2627 1039 2708 orbe,

330 2718 469 2799 lustaque
493 2720 640 2781 vindictae
663 2721 816 2799 supprime
839 2720 924 2781 irena
946 2725 1034 2782 tuae.

238 2818 271 2869 25
286 2806 402 2888 Parce,
424 2824 555 2888 precor,
577 2807 667 2869 saecli
689 2807 782 2869 decus
804 2806 963 2874 indelebile
986 2806 1101 2885 nostri,

331 2895 493 2958 Terrarum
516 2895 781 2976 daminum‘quem
805 2913 858 2957 sua
882 2913 954 2957 cura
976 2895 1064 2956 lacit.

285 2984 343 3047 Per
366 2986 479 3065 patriae
501 3002 634 3066 nomen,
662 3002 737 3064 quae
760 2993 790 3047 te
813 2984 868 3046 tibi
890 2986 987 3047 carior
1008 2984 1075 3061 ipso
1099 2991 1171 3062 est,

330 3073 388 3135 Per
411 3091 573 3155 numquam
597 3073 705 3135 surdas
726 3074 758 3135 in
781 3080 832 3134 tua
855 3081 922 3135 vota
945 3072 1033 3151 deos,

286 3162 404 3243 Perque
426 3164 485 3225 tori
508 3164 641 3243 sociam,
664 3179 739 3243 quae
761 3178 816 3242 par
839 3162 893 3223 tibi
916 3161 979 3223 sola
1001 3165 1124 3238 reperta
1151 3166 1211 3236 est,

238 3264 272 3314 30
330 3250 369 3313 Et
392 3252 443 3313 eui
463 3253 602 3314 maiestas
625 3267 686 3313 nnn
708 3266 835 3312 onerosa
857 3257 909 3312 tua
931 3257 994 3311 est:

286 3340 404 3420 Perque
427 3340 483 3403 tibi
506 3339 632 3403 similem
654 3340 774 3402 virtutis
797 3341 924 3419 imagine
947 3344 1067 3416 natum,

331 3428 466 3491 Moribus
488 3428 629 3508 adgnosci
652 3430 704 3509 qui
726 3435 797 3491 tuus
820 3445 886 3489 esse
909 3434 1008 3507 potest
1020 3471 1030 3505 ,

285 3516 403 3597 Perque
426 3525 495 3580 tuos
518 3518 640 3579 relevo
664 3516 792 3598 dignes,
815 3516 861 3577 vel
883 3523 966 3597 patre
990 3520 1138 3592 nepotes,

331 3604 390 3676 Qui
412 3607 535 3667 veniunt
558 3622 664 3684 magno
687 3621 742 3685 per
765 3613 815 3667 tua
838 3606 919 3667 iussa
941 3601 1052 3684 gradu:
