2467 4042
183 195 249 261 142
589 191 776 247 exeonro

272 358 359 433 Quod
376 375 481 441 mere,
503 357 584 438 quod
606 356 716 439 tellus,
739 375 875 440 appone,
898 357 977 438 quod
996 358 1113 422 educat
1131 380 1194 444 aer,

224 460 258 512 10
315 445 363 509 Nil
385 445 427 510 ibi
439 494 449 526 ,
473 445 552 526 quod
574 444 661 508 nobis
684 448 855 527 esuriatur,
878 448 952 509 erit.

271 535 380 598 Nectar
402 542 434 596 et
455 533 655 615 ambrosiam,
676 533 779 596 latices
802 535 962 615 epulasque
985 534 1137 620 deorum,

316 624 372 686 Det
394 621 468 685 mlbl
490 623 619 685 formosa
641 640 716 683 nava
737 620 858 684 iuventa
881 641 988 704 manu,

271 710 338 775 Non
361 719 460 774 umen
483 718 608 773 exacuet
630 719 752 791 torpeus
774 728 862 791 sapor
885 711 933 773 ille
956 710 1109 795 palatum,

317 798 413 862 Stabit
435 808 466 862 et
488 801 519 861 in
542 799 693 861 stomacho
716 798 833 879 pondus
855 801 952 862 inerte
973 798 1045 862 (liu.

224 900 257 951 15
271 887 351 950 llaec
374 905 430 967 ege
453 905 513 950 non
537 889 654 969 ausim,
677 904 746 949 cum
769 889 831 949 sint
852 890 1005 950 verissima
1017 934 1028 969 ,
1053 891 1153 952 cuivis

317 974 478 1058 Scribere,
501 975 623 1038 delicias
645 993 683 1038 ne
707 974 781 1037 mala
804 983 905 1037 nostra
928 985 1030 1037 vocet.

273 1064 393 1127 Scilicet
415 1067 442 1126 is
465 1071 560 1126 status
583 1072 630 1126 est
642 1109 651 1144 ‚
674 1081 709 1125 ea
731 1082 834 1125 rerum
856 1065 950 1126 forma
972 1082 1133 1150 mearum,

315 1151 436 1214 Deliciis
459 1155 547 1214 etiam
570 1154 665 1232 possit
686 1160 721 1213 ut
743 1170 809 1213 esse
832 1151 933 1215 loeus!

272 1240 402 1304 Delicias
423 1239 467 1304 illl
488 1258 596 1320 precor
619 1239 673 1302 bas
695 1242 891 1324 contingere,
914 1242 1007 1320 siquis

224 1341 258 1393 20
316 1325 360 1391 Ne
383 1328 457 1391 mibi
478 1330 518 1391 sit
539 1327 633 1390 levior
656 1327 789 1390 Caesaris
812 1331 857 1390 ira
869 1376 878 1410 ‚
901 1331 1002 1391 timet.

270 1417 300 1479 Is
319 1435 456 1499 quoque,
479 1418 531 1496 qui
548 1416 652 1497 gracili
670 1415 755 1478 cibus
774 1419 869 1479 estin
888 1434 1031 1498 corpore,
1051 1436 1198 1504 somnus,

315 1506 381 1568 Non
405 1505 457 1568 alit
479 1506 577 1566 ollloio
600 1522 710 1586 corpus
732 1507 820 1567 inane
843 1524 915 1568 suo.

273 1593 331 1656 Sed
356 1593 465 1675 vigilo,
488 1593 669 1673 vigilantque
692 1594 751 1655 mei
774 1595 838 1655 sinc
861 1594 920 1655 fine
943 1592 1083 1677 dolores,
1157 1612 1200 1663 (cr)

317 1681 452 1754 Quorum
474 1684 628 1744 materiam
651 1680 700 1743 dat
722 1680 806 1743 locus
829 1684 892 1763 ipse
916 1681 1004 1743 mibi.

225 1781 258 1833 25
273 1768 328 1832 Vix
350 1773 441 1850 igitur
463 1772 561 1851 possis
583 1771 663 1831 risos
686 1787 846 1849 agnoscere
870 1769 986 1850 vultus,

317 1858 441 1938 Quoque
464 1861 556 1940 ierit,
579 1875 728 1939 quaeras,
750 1861 800 1937 qui
824 1859 881 1920 luit
903 1867 970 1920 ante
994 1858 1101 1922 color.

186 1979 190 1986 ·
272 1947 384 2008 Parrus
406 1949 437 2008 in
461 1946 553 2009 exiles
575 1964 667 2009 oricus
690 1945 763 2008 mibi
785 1948 921 2025 pervenit
943 1954 1044 2027 artus,

316 2034 510 2114 Membraque
530 2043 601 2096 sunt
623 2052 692 2096 cera
713 2033 866 2114 pallidiora
888 2053 979 2096 nova.

271 2122 338 2185 Non
360 2123 433 2185 baec
456 2123 604 2186 inmodico
628 2126 763 2184 contraxi
784 2123 890 2185 damna
913 2122 1026 2203 Lyaeo:

223 2223 258 2274 so
317 2211 406 2292 Scis,
429 2211 501 2273 mibi
524 2229 612 2291 quam
636 2209 715 2272 solae
738 2228 831 2291 paene
856 2211 994 2274 bibantur
1015 2229 1140 2292 aquae.

271 2298 337 2361 Non
361 2298 457 2379 epulis
480 2318 610 2362 oneror:
642 2317 768 2378 quarum
791 2301 818 2360 si
840 2306 942 2380 tangar
965 2317 1087 2384 amore,

316 2386 371 2449 Est
393 2395 492 2449 tamen
514 2391 546 2450 in
569 2387 681 2449 Geticis
704 2389 789 2467 copia
811 2387 892 2450 nulla
913 2388 1002 2449 locis.

272 2476 334 2538 Nee
357 2478 435 2538 vires
458 2477 561 2538 adimit
583 2474 707 2538 Veneris
730 2475 870 2537 damnosa
892 2476 1044 2555 voluptas:

315 2563 381 2626 Non
405 2564 480 2626 solet
502 2566 534 2627 iu
557 2571 685 2626 maestos
708 2563 757 2626 illa
779 2566 881 2626 venire
904 2572 1003 2626 toros.

223 2651 357 2715 teUnda
379 2652 523 2733 locusque
547 2660 657 2715 nocent
679 2661 710 2714 et
732 2670 821 2714 causa
844 2652 986 2714 valentior
1008 2653 1099 2736 istis,

316 2741 454 2803 Anxietas
477 2743 568 2803 animi
580 2789 589 2823 ,
613 2740 784 2822 quaemihi
807 2759 925 2821 semper
947 2740 1047 2801 adest.

272 2828 354 2891 Hanc
378 2832 434 2892 nisi
457 2838 490 2892 tu
513 2831 625 2910 pariter
648 2828 737 2890 simili
760 2847 828 2890 cum
851 2830 942 2890 fratrc
965 2829 1105 2912 levares,

315 2916 370 2980 Vix
393 2937 478 2980 mens
500 2920 639 2980 tristitiae
663 2925 766 2981 nostra
788 2917 906 2980 tulisset
928 2934 1019 2979 onus.

271 3005 330 3067 Vos
353 3009 426 3068 estis
448 3008 543 3069 fracto
566 3005 654 3068 tellus
678 3024 737 3067 non
761 3006 836 3068 dura
858 3005 995 3086 phaselo:

222 3107 258 3158 40
317 3095 471 3175 Quamque
494 3102 603 3175 negant
626 3094 733 3177 multi,
757 3112 808 3156 vos
831 3093 903 3156 mibi
926 3094 1011 3156 fertis
1033 3111 1158 3175 opem.

209 3187 211 3191 ’
271 3183 382 3265 Ferte,
404 3202 512 3264 precor
524 3230 534 3265 ‚
557 3201 697 3265 semper,
721 3184 790 3263 quia
813 3200 931 3262 semper
949 3180 1114 3261 egebimus
1140 3189 1196 3252 illa

316 3271 450 3334 Caesaris
473 3273 619 3335 offensum
641 3271 713 3333 dum
737 3271 809 3333 mihi
831 3288 941 3333 numen
964 3271 1038 3331 erit.

272 3360 331 3432 Qui
353 3361 489 3423 meritam
512 3359 598 3423 nobis
621 3361 757 3441 minuat,
780 3378 839 3422 non
862 3360 944 3422 finiat
965 3360 1061 3441 iram,

317 3447 498 3528 Suppliciter
520 3457 636 3511 vestros
660 3450 786 3527 quisque
808 3454 910 3527 rogate
932 3445 1022 3507 deos.

1205 3237 1214 3272 l
