2467 4042
489 230 522 299 1,
541 233 700 284 628-696.
838 248 924 284 aucus
1059 230 1099 294 19

90 411 154 461 660
170 397 215 458 lle
231 415 323 477 grege
338 415 419 458 nuuc
432 396 487 457 tibi
501 398 564 478 vir,
576 415 659 458 nunc
672 395 710 457 de
724 415 814 478 grege
827 405 916 458 natus
929 395 1098 459 habendus.

169 486 237 547 Nec
260 486 348 546 linire
369 485 440 547 licet
463 493 562 546 tantos
584 485 658 545 mihi
680 493 776 546 morte
800 485 937 547 dolores:

171 574 235 635 Sed
259 582 349 634 nocet
370 591 437 635 esse
460 572 576 654 deum,
598 574 812 653 praeclusaque
836 576 923 635 ianua
945 574 997 634 leti

169 664 340 724 Aeternum
363 668 481 723 nostros
504 661 602 723 luctus
626 662 760 723 extendit
780 666 812 724 iu
835 660 969 724 aevum?

169 751 259 812 Talia
282 759 449 812 maerentes
472 750 606 811 stellatus
630 750 786 812 submovet
808 751 923 832 Argus,

88 838 377 919 assumptamque
400 840 479 919 patri
501 838 617 900 diversa
639 841 670 900 in
693 857 803 919 pascua
825 851 924 900 natam

170 927 350 989 Abstrabit.
378 926 447 988 inde
470 927 575 1007 procul
598 930 710 988 montis
732 926 859 989 sublime
882 945 1024 989 cacumen

171 1016 333 1096 Occupat,
355 1014 435 1076 unde
458 1015 566 1076 sedens
588 1025 690 1096 partes
713 1017 883 1097 speculatur
906 1018 937 1077 in
961 1034 1081 1077 omnes.

218 1103 284 1165 Nec
307 1123 449 1184 superum
476 1113 577 1165 rector
606 1105 681 1164 mala
708 1113 789 1166 tanta
811 1104 997 1166 Phoronidos
1021 1104 1099 1165 ultra

170 1193 268 1254 Ferre
291 1202 412 1273 potest,
430 1200 592 1272 natumque
616 1200 701 1254 vocat
712 1241 722 1275 ‚
746 1211 835 1272 quem
857 1194 954 1254 lucida
977 1202 1065 1272 partu

89 1296 156 1344 oto
171 1280 273 1342 Pleias
298 1283 381 1341 enixa
405 1289 473 1362 est,
496 1282 615 1359 letoque
639 1280 712 1363 det,
734 1284 882 1361 imperat,
904 1282 1033 1361 Argum.

169 1370 268 1431 Parva
292 1387 373 1430 mora
396 1378 443 1430 est
465 1370 525 1430 alas
546 1369 674 1449 pedibus
698 1372 868 1450 virgamque
891 1373 1007 1450 potenti

172 1458 375 1519 Somniieram
398 1461 560 1537 sumpsisse
585 1476 673 1519 manu
697 1468 896 1538 tegumenque
920 1458 1050 1538 capillis:

171 1545 271 1625 [llaec
292 1547 346 1607 ubi
368 1547 538 1627 disposuit,
560 1549 655 1626 patria
677 1546 746 1607 love
770 1556 857 1608 natus
881 1546 917 1606 ab
941 1545 1022 1624 arce]

170 1634 281 1696 Desilit
303 1636 334 1695 in
357 1643 477 1716 terras,
499 1634 560 1696 illic
583 1644 783 1715 tegumenque
803 1637 928 1696 removit

93 1735 156 1787 676
171 1723 215 1784 Et
239 1725 339 1803 posuit
361 1741 497 1803 pennas:
520 1726 725 1785 tantummodo
748 1726 830 1803 virga
853 1731 969 1784 retenta
992 1732 1055 1784 est.

170 1811 239 1872 llac
261 1813 321 1891 agit
343 1820 376 1872 ut
398 1820 501 1891 pastor
523 1830 577 1891 per
600 1811 685 1873 devia
707 1830 778 1873 rura
796 1811 940 1893 capellas,

169 1900 253 1961 Dum
275 1901 355 1961 vonit
366 1948 377 1982 ,
399 1899 563 1982 abductas,
586 1909 616 1961 et
639 1903 762 1962 structis
785 1910 884 1962 cantat
906 1901 1023 1961 avenis.

170 1987 254 2049 Voce
277 2005 351 2048 nova
374 1997 479 2072 captus
502 1996 603 2049 custos
627 1988 792 2050 lunonius.
820 1985 861 2050 ‘at
883 1998 936 2069 tu,

171 2077 319 2155 Quisquis
343 2095 400 2158 cs,
422 2077 478 2137 hoc
501 2086 621 2156 poteras
640 2095 758 2138 mecum
777 2078 943 2138 considere*
956 2071 1055 2155 saxo‚’

94 2178 157 2228 666
170 2167 273 2244 ugus
295 2167 337 2225 ait
359 2160 468 2244 ‘neque
492 2168 571 2225 enim
594 2169 697 2244 pecori
718 2166 875 2227 secundior
898 2165 958 2228 ullo

171 2253 276 2314 Herba
298 2253 364 2314 loco
388 2261 457 2334 est,
479 2262 638 2333 aptamque
653 2254 735 2314 vides
748 2253 919 2335 pastoribus
934 2258 1069 2314 umbram
1080 2248 1099 2312 .’

172 2341 261 2403 Sedit
283 2342 482 2423 Atlantiades,
506 2352 537 2402 et
559 2351 681 2404 euntem
705 2343 795 2404 nivilla
819 2342 967 2422 loquendo

171 2431 310 2492 Detinuit
332 2448 469 2491 sermone
492 2429 593 2512 diem,
615 2433 784 2510 iunctisque
808 2429 940 2492 canendo

172 2517 302 2580 Vincere
324 2517 541 2579 harundinibus
564 2522 711 2580 servantia
734 2520 846 2581 lumina
870 2527 1010 2600 temptat.

98 2606 229 2671 6661116
253 2617 352 2668 tamen
375 2616 488 2687 pugnat
509 2607 613 2672 molles
637 2611 774 2670 evincere
798 2627 918 2669 somnos

171 2694 236 2777 Et,
260 2699 392 2775 quamvis
415 2714 506 2775 sopor
528 2704 576 2757 est
594 2697 750 2758 oculorum
772 2708 857 2777 parte
880 2706 1039 2776 receptus,

172 2785 264 2846 Parte
279 2793 377 2845 tamen
392 2784 505 2863 vigilat.
526 2788 643 2864 quaerit
657 2804 777 2865 quoque
789 2818 828 2829 -
840 2803 966 2864 namque
982 2793 1099 2866 reperta

173 2873 290 2934 Fistula
313 2890 410 2953 nuper
433 2881 498 2933 erat
523 2906 561 2916 -
588 2892 647 2953 qua
670 2876 710 2935 sit
732 2876 846 2936 ratione
869 2884 1006 2955 reperta.

172 2962 253 3023 Tum
275 2962 351 3023 deus
374 2957 527 3022 ‘Arcadiae
550 2962 655 3043 gelidis
678 2964 709 3024 in
733 2959 895 3025 montibns'
920 2964 1016 3043 inquit
1125 3015 1130 3023 ,

103 3064 159 3113 eto
174 3047 270 3111 ‘luter
293 3049 504 3130 hamadryadas
527 3051 722 3113 celeberrima
744 3051 927 3114 Nonacrinas

173 3138 263 3200 Naias
285 3157 345 3199 una
368 3140 425 3200 luit
436 3151 455 3222 ,'
470 3139 614 3219 nymphae
638 3139 763 3221 Syringa
785 3140 944 3202 vocabant.

172 3226 241 3289 Non
264 3226 357 3289 semel
380 3237 411 3289 et
433 3236 547 3307 satyros
571 3230 701 3290 eluserat
723 3229 771 3290 illa
795 3240 955 3310 sequentes

173 3315 213 3378 Et
235 3334 442 3397 quoscumque
466 3317 538 3378 deos
562 3317 736 3378 umbrosave
760 3317 832 3380 silva
851 3319 969 3379 ioraxve

173 3405 238 3467 llus
260 3404 372 3468 habet.
400 3405 552 3486 Ortygiam
575 3406 682 3468 studiis
699 3408 828 3487 ‘ipsaque
851 3405 967 3468 colebat

105 3506 159 3558 696
174 3494 350 3575 virginitate
373 3494 485 3570 deam.
512 3496 573 3556 ritu
596 3514 715 3575 quoquc
739 3498 835 3557 cincta
857 3495 966 3557 Dianae

174 3583 326 3665 Falleret,
348 3589 380 3646 et
403 3583 486 3646 credi
507 3594 610 3663 posset
632 3583 777 3667 Latonia,
800 3587 825 3646 si
848 3602 909 3645 non

852 3683 888 3737 2*
