2467 4042
182 246 225 314 30
596 248 768 299 ereremum

269 410 315 474 'l'u
338 411 396 473 dux
421 420 451 473 et
473 428 573 472 comes
596 428 652 491 es3
675 419 708 473 tu
731 427 786 471 nos
809 410 932 473 abducis
955 411 992 474 ab
1015 412 1147 498 Histro,

204 512 255 562 120
278 499 311 561 lu
335 498 491 579 medioque
513 499 586 560 milri
609 498 661 560 das
685 498 826 560 Helicone
849 498 989 581 locum3'

269 589 316 650 Tu
339 587 434 669 milri,
457 585 536 667 quod
560 605 662 650 rarum
684 594 752 668 est,
776 589 841 648 viro
865 586 991 650 sublime
1016 589 1136 654 dedisti

269 677 407 757 Nomen,
429 675 465 738 ab
490 677 623 754 exequiis
647 675 726 755 quod
749 675 820 737 dare
843 676 917 736 lama
941 676 1035 740 solet.

270 764 353 846 Nec,
377 766 429 844 qul
452 763 598 825 detrectat
620 766 810 845 praesentia,
832 763 921 825 Livor
943 767 1047 845 iniquo

271 852 368 914 Ullum
391 852 428 914 de
451 853 563 914 noemia
585 851 674 913 deute
697 853 857 914 momordit
880 870 972 932 opus.

205 952 255 1004 tro
269 940 342 1003 Nam
367 939 490 1002 tulerint
513 957 635 1020 magnos
659 958 727 1022 cum
750 940 867 1002 saecula
890 948 992 1003 nostra
1014 949 1151 1027 poetas,

270 1028 336 1090 Non
359 1029 415 1091 luit
438 1030 557 1109 ingenio
581 1028 657 1090 lama
680 1028 806 1108 maligna
830 1047 919 1109 meo,

270 1117 402 1197 Cumque
422 1135 476 1197 ego
495 1134 675 1197 praeponam
693 1117 803 1178 multos
821 1116 911 1199 mihi,
932 1135 992 1178 non
1011 1119 1118 1181 minor
1142 1121 1202 1184 illis

270 1205 358 1268 Dicor
381 1213 412 1267 et
434 1207 464 1267 iu
487 1212 551 1267 toto
574 1205 721 1285 plurimus
744 1205 816 1267 orbe
840 1205 940 1285 legor.

271 1293 381 1374 Siquid.
398 1292 508 1356 habent
530 1295 623 1374 igitur
645 1302 743 1357 vatum
767 1296 918 1373 praesagia
941 1295 1022 1373 veri,

205 1395 255 1446 teu
269 1382 409 1444 Protinus
432 1388 467 1444 ut
489 1384 599 1444 moriar
611 1428 621 1463 ,
644 1400 705 1445 nou
727 1400 803 1464 ero,
825 1391 927 1462 terra,
950 1389 1039 1443 tuus.

271 1469 338 1531 Sive
362 1470 461 1532 lavore
484 1469 563 1551 tuti,
586 1472 648 1532 sive
671 1471 747 1532 hauc
771 1488 824 1549 ego
849 1473 979 1533 carmine
1003 1470 1139 1553 lamam,

270 1557 338 1620 lure
361 1557 416 1621 tibi
438 1567 560 1640 grates,
583 1558 707 1622 candide
731 1558 826 1621 lector
838 1606 847 1640 ,
870 1575 943 1637 ago.

494 1842 633 1926 LIBER
661 1841 876 1928 eulaeus,

672 2034 700 2106 Ι.

270 2176 356 2239 Hunc
380 2192 498 2257 quoque
522 2175 559 2237 de
582 2175 707 2257 Getico,
730 2177 826 2236 nostri
849 2173 1004 2256 studiose,
1028 2173 1175 2241 libellum

270 2265 371 2328 Litore
395 2266 566 2344 praemissis
591 2271 730 2343 quattuor
754 2262 828 2324 adde
852 2266 942 2325 meis.

271 2353 327 2415 Hic
351 2371 469 2434 quoque
493 2352 559 2415 talis
582 2355 662 2434 ent,
685 2351 779 2433 qualis
802 2351 922 2413 fortuna
944 2358 1070 2433 poetae:

271 2441 406 2504 invenies
429 2450 491 2504 toto
515 2443 647 2502 carmine
670 2439 757 2502 dulce
780 2439 874 2501 nihil.

241 2530 391 2591 oFlebilis
414 2538 448 2594 ut
471 2539 573 2592 noster
596 2537 692 2591 status
716 2536 761 2590 est
773 2574 783 2610 ,
806 2529 847 2590 ita
869 2525 967 2589 flebile
990 2546 1140 2613 carmen,

272 2616 412 2680 Materiae
435 2621 546 2698 scripto
571 2618 766 2679 conveniente
790 2635 878 2678 suae.

273 2707 391 2786 Integer
415 2716 445 2769 et
468 2706 562 2772 laetus
585 2706 661 2768 laeta
684 2712 715 2767 et
737 2705 882 2767 iuvenalia
905 2705 980 2768 lusi:

274 2795 325 2856 lita
349 2802 446 2857 tamm
470 2813 550 2856 nuuc
574 2813 621 2857 me
645 2796 848 2874 composuisse
871 2796 969 2874 piget.

272 2883 312 2945 Ut
334 2882 428 2946 cecidi
441 2882 564 2965 ,subiti
587 2898 697 2964 perago
720 2884 877 2962 praeconia
901 2900 1004 2963 casus,

226 2974 258 3034 10
275 2971 406 3051 Sumque
429 2974 596 3051 argumenti
620 2970 757 3033 conditor
779 2973 844 3050 ipse
866 2973 945 3032 mci.

274 3060 372 3141 thue
396 3062 496 3123 iacens
519 3062 583 3139 rlpa
607 3059 718 3120 dedere
741 3058 892 3139 Caystrius
916 3058 976 3122 ales

274 3149 388 3211 Dicitur
411 3167 462 3210 ore
486 3166 570 3212 suam
593 3148 750 3212 deficiente
773 3165 894 3226 necem,

276 3236 325 3299 Sic
349 3255 403 3317 ego
417 3285 426 3318 ‚
440 3237 627 3299 Sarmaticas
651 3236 737 3316 longe
760 3237 913 3316 proiectus
935 3237 967 3296 in
990 3251 1078 3315 oras,

274 3325 402 3405 Efficio,
425 3327 546 3388 tacitum
570 3343 608 3387 ne
631 3323 705 3386 mihi
727 3325 818 3386 funus
842 3333 906 3385 eat.

227 3427 260 3474 15
275 3413 400 3475 Delicias
423 3415 517 3493 siquis
540 3412 707 3492 lascivaque
731 3415 861 3474 carmina
886 3413 1018 3491 quaerit,

274 3501 479 3562 Praemoneo:
503 3518 562 3562 non
586 3508 632 3561 est
645 3547 654 3582 ,
678 3503 788 3580 scripta
812 3500 890 3580 quod
915 3502 971 3561 ista
993 3499 1093 3578 legati

274 3586 378 3665 Aptior
402 3587 471 3649 huic
494 3587 594 3650 Gallus
616 3586 776 3668 blandique
799 3588 975 3668 Propertius
999 3589 1079 3667 cris,
