2467 4042
156 243 217 307 150
359 261 438 297 anuos
570 241 750 298 ΜΕΤΔΜΜ.

240 406 299 469 Ρ88
322 406 419 488 siquid
442 408 540 468 merui
562 406 599 468 de
622 415 652 469 88
675 405 775 489 bene,
796 426 909 488 perque
933 419 1109 472 manentem

173 509 224 558 855
239 495 325 559 Nunc
348 513 489 578 quoque,
512 514 580 557 cum
602 513 716 578 pereo,
739 513 857 557 causam
880 498 954 558 mihi
979 502 1085 560 mortis
1097 548 1109 582 ‚

1013 606 1151 650 amorem

239 673 282 734 Ne
305 672 439 734 thalamis
461 671 571 734 duram
593 674 705 752 patiare
727 671 873 734 innubere
896 670 1055 736 nostris.'’
1160 637 1169 670 ²

239 762 339 824 Dixit.
367 769 398 822 et
420 778 554 822 errorem
576 769 641 821 tum
664 760 791 842 denique
814 762 943 823 nominis
967 781 1036 825 8888

239 849 278 912 lit
300 850 402 932 sensi,
425 856 456 910 et
478 847 587 910 docui.
615 849 668 909 sed
692 848 762 929 quid
785 848 923 911 docuisse
945 849 1095 915 iuvabat?

240 937 384 1019 Labitur,
407 944 438 998 et
459 954 566 1017 parvae
589 936 708 1017 fugiunt
730 955 799 999 eum
822 939 967 1018 sanguine
990 942 1088 1001 vires.

174 1040 226 1089 888
240 1026 375 1105 Dumque
388 1024 499 1104 aliquid
518 1034 655 1104 spectare
668 1033 789 1107 potest,
807 1043 855 1086 me
870 1034 1007 1109 spectat,
1026 1031 1107 1090 etin
1123 1047 1174 1089 me

240 1113 392 1176 Infelicem
414 1115 542 1174 animam
564 1121 729 1193 nostroque
752 1112 867 1176 exhalat
889 1117 922 1175 in
944 1132 1016 1176 ore.

241 1202 299 1264 Sed
322 1201 406 1264 vultu
427 1197 550 1263 meliore
573 1203 651 1263 morl
673 1196 948 1265 securandum?

239 1290 393 1352 Flentibus
415 1289 488 1351 haec
510 1289 669 1351 lacrimans
691 1289 781 1352 heros
803 1289 1011 1353 memorabat:
1040 1302 1073 1353 et
1095 1311 1175 1355 8888

239 1379 353 1441 doacus
375 1377 542 1459 ingreditur
565 1377 676 1459 duplici
699 1396 767 1440 cum
788 1378 873 1458 prole
895 1396 1035 1459 novoque

174 1481 225 1531 885
239 1467 331 1530 Milite
343 1514 353 1550 ,
377 1484 465 1548 quem
488 1465 635 1546 Cephalus
658 1485 727 1529 cum
749 1464 877 1530 fortibus
899 1469 1010 1549 accipit
1033 1471 1153 1532 armis.

455 1847 594 1932 niune
621 1846 850 1933 OCTAVUS.
934 1924 940 1935 .
1007 1894 1016 1904 ·

239 1999 301 2061 lam
322 1997 449 2060 nitidum
471 1989 625 2077 retegente
648 1994 726 2057 diem
750 1998 905 2076 noctisque
928 1997 1052 2077 fugante

239 2088 386 2167 Tempora
407 2084 546 2147 Lucifero
570 2084 649 2146 cadit
670 2102 785 2167 eurus,
808 2092 839 2145 et
860 2084 961 2146 umida
984 2097 1115 2166 surgunt

239 2175 367 2238 Nubila:
390 2174 462 2236 dant
483 2173 591 2254 placidi
614 2190 737 2234 cursum
759 2172 955 2234 redeuntibus
978 2178 1077 2236 austri

239 2263 373 2326 Aeacidis
396 2261 607 2342 Cephaloque,
631 2260 740 2340 quibus
761 2260 888 2322 feliciter
911 2264 971 2323 acti

209 2354 314 2413 odnte
337 2357 524 2432 expectatum
546 2358 652 2432 portus
674 2357 799 2412 tenuere
820 2351 948 2430 petitos.

239 2442 356 2502 Interea
379 2439 474 2500 liinos
496 2437 636 2519 Lelegeia
655 2437 743 2499 litora
764 2445 877 2520 vastat,

240 2528 498 2608 Praetemptattpuc
521 2530 568 2589 sui
590 2528 670 2587 vires
691 2525 832 2587 llavortis
853 2527 885 2588 in
907 2525 984 2588 urbe

239 2616 394 2697 Alcathoi,
418 2634 505 2695 quam
527 2615 617 2677 Nisus
640 2612 729 2676 habet
740 2663 750 2698 ,
773 2615 823 2675 cui
845 2614 1020 2695 splendidus
1044 2626 1128 2678 ostro

240 2705 321 2767 lnter
343 2704 503 2766 honoratos
526 2703 682 2783 medioque
705 2704 870 2764 invertite
894 2721 984 2764 canos

194 2807 227 2856 tc
242 2794 340 2857 Crinis
362 2791 558 2874 inhaerebat,
580 2794 680 2871 magni
701 2791 809 2853 fiducia
831 2794 934 2871 regni.

284 2882 374 2944 Sexta
395 2878 592 2960 resurgebant
613 2882 738 2941 orientis
761 2897 873 2940 cornua
895 2877 1002 2962 lamae,

241 2971 279 3032 lit
299 2968 448 3050 pendebat
470 2969 566 3031 adhuc
587 2967 658 3029 belli
680 2969 822 3049 fortuna;
846 2967 957 3048 diuque

240 3060 322 3120 lnter
344 3065 506 3137 utrumque
529 3056 607 3117 volat
630 3054 728 3118 dubiis
750 3054 880 3117 Victoria
902 3058 1029 3137 pennis.

241 3147 332 3226 Regia
354 3148 448 3209 turris
469 3154 535 3207 erat
556 3144 707 3207 vocalibus
730 3143 828 3206 addita
850 3147 963 3226 muris,

195 3247 226 3295 15
241 3235 274 3296 ln
299 3233 407 3314 quibus
430 3243 562 3296 auratam
583 3233 683 3314 proles
705 3230 808 3294 Letoia
830 3233 927 3294 fertur

242 3323 420 3404 Deposuisse
442 3320 557 3403 lyram3
580 3339 651 3383 saxo
675 3339 767 3382 sonus
790 3323 855 3382 eius
876 3320 1022 3384 inhaesit.

243 3411 336 3492 Saepe
359 3411 429 3472 illuc
453 3410 538 3472 solita
561 3418 608 3472 est
631 3408 791 3471 ascendere
814 3408 873 3470 filia
895 3409 962 3471 Nisi

241 3498 279 3560 Et
301 3507 404 3579 petere
429 3501 534 3578 exiguo
557 3500 728 3560 resonantia
751 3516 820 3559 saxa
842 3496 958 3581 lapillo,

241 3586 318 3648 Tum
341 3605 409 3648 cum
432 3605 489 3667 pax
512 3594 614 3649 esset.
642 3584 720 3648 bello
744 3605 863 3668 quoque
886 3604 975 3668 saepe
998 3587 1115 3651 solebat
