2467 4042
342 251 470 318 256
569 270 747 307 Amnon
765 292 778 306 .
815 269 1060 308 mmcxmt
1165 248 1493 305 METAMM
1510 291 1524 306 .

520 418 610 481 Sit
652 417 793 480 licet
836 417 950 478 hoc
995 418 1205 496 ingens
1231 464 1251 499 ‚
1298 416 1584 497 quicquid
1630 421 1889 497 speravit
1933 417 2143 480 Ulixes
2161 467 2177 482 .

516 507 639 568 Iste
683 505 837 581 tulit>
860 507 1122 586 pretium
1166 506 1285 567 iam
1330 523 1490 567 nunc
1536 508 1935 586 temptaminis
1980 506 2170 569 huius
2185 555 2208 588 ,

424 608 491 659 20
519 595 650 667 Quo
698 611 836 656 cum
879 596 1073 656 victus
1120 595 1234 656 erit
1259 642 1279 675 ‚
1322 611 1559 655 mecum
1604 601 1866 655 certasse
1912 596 2152 657 feretur
2170 643 2184 656 .

518 685 709 763 Atque
757 701 866 762 ego
891 730 911 764 ‚
956 684 1009 743 si
1053 683 1243 744 virtus
1287 684 1350 744 in
1394 701 1490 744 me
1537 680 1876 744 dubitabilis
1922 695 2125 767 esset,

518 771 838 833 Nobilitate
882 779 1096 851 potens
1143 788 1382 853 essem3
1426 770 1743 832 Telamone
1790 780 2029 833 creatus
2048 820 2069 854 ,

519 861 750 921 Moenia
797 861 901 940 qui
944 861 1086 921 forti
1131 859 1384 920 Troiana
1430 859 1542 921 sub
1585 858 1842 921 Hercule
1890 862 2053 940 cepit
2068 908 2089 942 ,

517 948 836 1028 Litoraque
882 950 1123 1010 intravit
1165 947 1424 1028 Pagasea
1470 946 1685 1010 Colcha
1729 950 1930 1010 carina
1950 997 1965 1009 .

425 1050 491 1100 25
520 1039 747 1099 Aeacus
791 1037 931 1099 huic
975 1044 1145 1117 pater
1190 1045 1285 1098 est
1306 1085 1327 1120 ,
1374 1039 1478 1116 qui
1523 1039 1654 1098 iura
1698 1035 2013 1099 silentibus
2058 1036 2189 1100 illic

518 1125 778 1206 Reddit,
822 1125 927 1186 ubi
973 1124 1255 1186 Aeoliden
1302 1143 1509 1187 saxum
1552 1142 1729 1205 grave
1769 1124 2066 1206 Sisyphon
2115 1137 2368 1208 urguet.

519 1216 753 1277 Aeacon
798 1215 1065 1294 agnoscit
1110 1232 1378 1275 summus
1422 1213 1770 1294 prolemque
1815 1214 2039 1276 fatetur

520 1302 788 1383 Iuppiter
834 1321 967 1364 esse
1012 1320 1181 1364 suam
1207 1349 1222 1363 .
1289 1305 1375 1363 sic
1420 1301 1492 1364 ab
1539 1300 1675 1362 Iove
1721 1304 1936 1364 tertius
1983 1303 2135 1365 Aiax
2156 1352 2170 1367 .

518 1391 642 1452 Nec
688 1399 885 1453 tamen
929 1390 1076 1452 haec
1121 1392 1311 1452 series
1354 1393 1418 1451 in
1464 1408 1703 1452 causam
1745 1392 1937 1470 prosit
1960 1437 1982 1474 ,
2028 1392 2282 1476 Achivi,

425 1493 494 1542 30
525 1479 589 1542 Si
635 1480 779 1541 mihi
825 1497 963 1541 cum
1006 1496 1217 1559 magno
1264 1497 1385 1541 non
1431 1487 1524 1541 est
1568 1481 1900 1541 communis
1944 1479 2182 1542 Achille
2202 1528 2216 1542 .

522 1569 732 1631 Frater
778 1577 950 1650 erat3
994 1568 1258 1629 fraterna
1299 1576 1439 1650 peto
1469 1613 1485 1628 .
1539 1568 1681 1647 quid
1727 1569 2017 1646 sanguine
2064 1577 2281 1632 cretus

523 1657 795 1738 Sisyphio
820 1705 840 1739 ‚
885 1658 1180 1736 furtisque
1226 1663 1290 1719 et
1332 1655 1539 1717 fraude
1586 1655 1917 1717 simillimus
1961 1655 2050 1718 illi

520 1746 740 1808 Inserit
781 1744 1051 1807 Aeacidis
1096 1744 1320 1807 alienae
1366 1745 1605 1806 nomina
1646 1746 1841 1824 gentis
1859 1740 1894 1805 9

461 1828 467 1835 ’
521 1834 611 1896 An
657 1833 815 1914 quod
858 1836 923 1896 in
968 1851 1130 1896 arma
1172 1835 1340 1913 prior
1382 1832 1666 1911 nulloque
1712 1831 1824 1893 sub
1870 1832 2067 1894 indice
2121 1837 2265 1896 veni
2281 1883 2301 1917 ‚

426 1934 495 1987 85
523 1924 699 1984 Arma
744 1921 1010 2002 neganda
1054 1921 1201 1982 mihi
1226 1918 1262 1983 9
1305 1923 1622 2003 potiorque
1666 1919 1964 1982 videbitur
2010 1920 2114 1982 ille
2133 1969 2155 2002 ‚

520 2011 736 2073 Ultima
783 2012 886 2090 qui
930 2012 1090 2092 cepit
1112 2059 1132 2092 ‚
1177 2011 1644 2089 detrectavitque
1689 2009 1894 2071 furore

522 2099 795 2163 Militiam
831 2100 969 2161 ficto
994 2146 1014 2181 ,
1059 2098 1251 2161 donec
1297 2097 1594 2159 sollertior
1636 2099 1752 2159 isto

525 2188 642 2250 Sed
689 2187 803 2250 sibi
846 2187 1114 2249 inutilior
1157 2186 1351 2249 timidi
1395 2193 1727 2248 commenta
1771 2186 1992 2248 retexit

521 2276 877 2357 Naupliades
923 2278 1103 2338 animi
1126 2324 1146 2358 ‚
1190 2278 1488 2355 vitataque
1534 2276 1715 2336 traxit
1756 2276 1820 2336 in
1867 2292 2030 2337 arma
2048 2271 2083 2336 9

429 2378 497 2430 au
523 2365 758 2447 Optima
803 2383 948 2426 num
993 2371 1182 2427 sumat
1210 2411 1230 2446 ,
1279 2365 1415 2444 quia
1462 2381 1698 2426 sumere
1742 2362 1934 2425 noluit
1976 2363 2099 2425 ulla
2121 2360 2159 2426 9

520 2454 643 2516 Nos
679 2453 1016 2516 inhonorati
1061 2463 1123 2514 et
1167 2452 1338 2514 donis
1382 2451 1751 2533 patruelibus
1797 2451 1965 2534 orbi,

523 2542 859 2605 Obtulimus
906 2544 1043 2622 quia
1088 2559 1199 2603 nos
1246 2542 1317 2603 ad
1363 2542 1552 2622 prima
1597 2540 1861 2622 pericula
1884 2589 1905 2624 ‚
1951 2543 2145 2604 simus
2162 2538 2200 2604 9

521 2632 713 2712 Atque
750 2632 978 2694 utinam
1015 2638 1116 2693 aut
1150 2648 1329 2692 verus
1365 2630 1533 2690 furor
1560 2628 1658 2691 ille
1683 2677 1703 2712 ,
1740 2637 1843 2691 aut
1876 2630 2149 2692 creditus
2180 2641 2372 2714 esset,

520 2720 646 2782 Nec
692 2738 892 2782 comes
937 2719 1035 2781 hic
1078 2718 1365 2800 Phrygias
1411 2736 1693 2798 umquam
1736 2719 1999 2780 venisset
2044 2719 2119 2781 ad
2170 2738 2339 2784 arces

429 2822 497 2870 45
523 2809 808 2872 Hortator
853 2806 1194 2871 scelerum!
1242 2825 1362 2869 non
1406 2815 1466 2869 te
1491 2855 1511 2890 ‚
1555 2807 1839 2868 Poeantia
1880 2805 2122 2890 proles,

521 2897 873 2978 Expositum
916 2897 1172 2959 Lemnos
1218 2903 1424 2957 nostro
1470 2914 1609 2957 cum
1655 2897 1904 2957 crimine
1949 2895 2241 2961 haberet:

524 2987 642 3058 Qui
686 3004 848 3048 nunc
871 3033 891 3068 ‚
936 2993 1005 3048 ut
1048 2992 1380 3047 memorant
1403 3032 1423 3067 ‚
1468 2983 1840 3045 silvestribus
1895 2983 2137 3047 abditus
2185 2989 2366 3049 antris

525 3074 675 3136 Saxa
720 3093 922 3137 moves
967 3077 1190 3155 gemitu
1214 3121 1234 3156 ,
1281 3071 1738 3152 Laertiadaeque
1782 3075 2050 3153 precaris

524 3164 687 3235 Quae
734 3164 996 3245 meruit,
1043 3181 1194 3243 quae
1219 3209 1240 3244 ,
1284 3164 1337 3223 si
1390 3162 1451 3223 di
1496 3169 1635 3223 sunt
1658 3209 1678 3244 ‚
1722 3178 1845 3222 non
1880 3179 2029 3222 vana
2064 3165 2365 3243 precaris.

433 3266 497 3314 fio
524 3251 602 3314 Et
647 3269 808 3314 nunc
851 3251 950 3313 ille
997 3251 1203 3313 eadem
1249 3250 1423 3312 nobis
1467 3251 1698 3311 iuratus
1741 3251 1807 3311 in
1851 3267 2013 3311 arma
2029 3298 2051 3331 ,

522 3339 690 3402 Heu!
734 3358 873 3421 pars
917 3357 1036 3402 una
1081 3340 1302 3402 ducum
1327 3386 1347 3421 ‚
1392 3356 1510 3419 quo
1557 3356 1906 3400 successore
1952 3341 2205 3419 sagittae

523 3427 798 3490 Herculis
842 3436 1097 3490 utuntur
1121 3475 1141 3510 ,
1187 3429 1418 3489 fractus
1460 3426 1791 3506 morboque
1836 3428 2114 3506 fameque

523 3514 881 3596 velaturque
928 3516 1223 3596 aliturque
1270 3515 1476 3578 avibus
1500 3563 1519 3597 ‚
1564 3514 1955 3596 volucresque
1998 3517 2267 3597 petendo

525 3600 734 3663 Debita
779 3602 1049 3665 Troianis
1095 3611 1337 3666 exercet
1382 3603 1609 3686 spicula
1652 3604 1791 3666 fatis
1808 3650 1825 3666 .
