2467 4042
207 272 265 337 13⁶
580 271 850 332 EPISTULAE.

243 433 278 486 80
332 424 449 499 Sumis‚
473 440 596 501 quaque
611 423 689 498 bibi,
713 432 744 486 tu
760 442 884 500 quoque
900 432 985 501 parte
1000 427 1091 489 bibis.

288 511 327 569 A!
353 510 493 585 quotiens
510 508 627 584 digitis,
650 510 792 584 quotiens
807 526 865 586 ego
881 516 959 570 ieeia
974 514 1079 573 notavi

329 593 424 670 Signa
438 593 602 669 supercilio
618 608 718 670 paene
733 594 876 670 loquente
891 595 966 653 duri.

285 678 321 739 Ei
335 694 431 754 saepe
445 676 586 749 extimui,
609 693 649 737 ne
663 677 712 737 vir
726 694 811 738 rneus
828 678 879 737 ilia
894 679 1020 754 videret,

327 763 393 823 Non
409 762 484 823 sniis
498 761 626 822 peculiis
642 761 811 838 erubuique
826 763 916 823 notis.

241 854 275 908 85
288 846 389 922 Saepe
403 849 452 906 vel
468 847 594 921 exiguo,
619 848 668 907 vei
685 847 768 908 nullo
783 863 936 907 murmure
952 847 1017 907 dixi

327 932 385 991 ‘Nil
404 932 497 1008 pudet
512 931 616 990 hunc’.
639 946 696 992 nee
712 947 774 991 vox
788 930 866 990 baec
880 947 948 991 rnen
964 932 1043 992 salsa
1058 933 1122 994 inii

285 1015 364 1077 Orbe
381 1031 506 1091 quoque
522 1015 551 1074 in
567 1031 693 1075 mensae
709 1016 768 1091 legi
784 1014 841 1076 sub
857 1015 980 1075 nomine
995 1023 1113 1090 nostro,

326 1100 414 1175 Quod
429 1100 562 1160 deduein
577 1115 661 1161 mero
676 1099 773 1161 libera
788 1100 873 1173 iecit,
897 1114 974 1159 nun.

284 1185 415 1245 Credere
430 1200 478 1244 me
493 1190 591 1244 tamen
607 1183 668 1245 hoe
684 1185 773 1245 oculo
787 1191 934 1245 renuente
949 1186 1072 1260 negavi.

240 1277 274 1331 90
326 1268 361 1329 Ei
377 1269 463 1343 mihi,
487 1268 545 1328 iarn
562 1269 656 1329 didici
674 1268 720 1328 sic
736 1283 794 1344 ego
813 1285 908 1344 posse
924 1268 1021 1344 loqui.

282 1353 337 1417 His
352 1369 410 1429 ego
425 1351 596 1428 blanditiis,
621 1354 646 1414 si
663 1361 827 1430 peccatura
845 1353 981 1429 fuissem,

323 1436 484 1499 Fieeierer.
507 1436 555 1498 his
574 1444 714 1513 poterant
731 1444 858 1514 pentorn
872 1444 977 1499 nostra
994 1438 1076 1514 napi.

175 1554 186 1573 ·
281 1522 337 1582 Est
351 1537 491 1599 qunque,
515 1522 679 1596 confiteor,
702 1522 797 1582 iacies
813 1521 867 1584 ubi
882 1538 961 1582 rara.
985 1530 1156 1599 potestque

323 1608 411 1667 Velie
427 1606 486 1667 sub
501 1607 663 1681 ampiexus
680 1607 723 1665 ire
740 1608 842 1681 puelia
857 1613 936 1668 [uns.

239 1699 272 1754 96
284 1691 388 1751 Aiiera
402 1691 452 1751 vel
467 1692 569 1767 potius
587 1690 660 1749 ielix
676 1691 744 1752 sine
759 1688 883 1751 crimine
899 1691 960 1763 fiat,

324 1775 420 1850 Quam
434 1774 524 1835 eadm
539 1782 666 1836 externo
683 1782 789 1835 noster
803 1791 908 1836 amore
924 1775 1041 1851 pudor!

280 1859 372 1921 Disce
387 1875 456 1919 meo
472 1860 614 1934 exemplo
632 1859 798 1920 formonsis
814 1875 910 1935 posse
925 1874 1041 1920 carere.

321 1944 376 2005 Est
389 1941 488 2005 virius
505 1942 623 2020 placitis
639 1943 826 2005 abstinuisse
841 1943 941 2004 bonis.

280 2027 375 2105 Quam
389 2030 501 2089 multos
517 2027 619 2101 eredis
635 2028 764 2088 iuvenes
780 2035 902 2104 spiare,
926 2029 1010 2102 quod
1026 2038 1131 2106 optas,

220 2123 268 2176 roo
322 2112 377 2187 Qui
393 2113 536 2188 sapienta
558 2112 667 2173 oeulos
682 2128 719 2172 an
735 2111 820 2172 Paris
834 2128 916 2174 unus
932 2111 1050 2175 habes?

278 2197 345 2258 Non
361 2205 391 2258 tu
407 2198 477 2274 plus
494 2196 610 2272 cernis,
631 2196 687 2257 sed
704 2198 774 2272 pius
790 2195 968 2257 temerarius
984 2199 1101 2260 nudes=

320 2282 383 2342 Nee
399 2280 452 2341 nbi
467 2280 537 2356 pius
553 2280 673 2354 cordis,
696 2280 753 2341 sed
768 2281 867 2341 minus
882 2281 946 2341 nris
961 2282 1060 2342 adesn

277 2367 361 2428 Tune
379 2380 437 2443 ego
453 2372 482 2425 ie
497 2366 608 2425 vellem
623 2366 714 2426 celeri
729 2365 854 2425 venisse
869 2365 982 2438 narina,

321 2450 394 2510 cnm
408 2465 478 2510 men
491 2448 651 2524 virginitas
667 2449 748 2508 mille
763 2450 858 2524 petita
871 2451 989 2524 proeis=

216 2544 263 2597 105
275 2534 307 2596 Si
323 2543 352 2596 te
369 2533 530 2607 vidissem,
554 2533 671 2609 prinrus
687 2535 726 2594 de
741 2531 822 2593 rniiie
837 2533 961 2595 fuisses.

318 2619 434 2680 iudicio
450 2617 569 2678 veniam
587 2619 634 2677 vir
648 2618 732 2679 dabit
746 2618 814 2693 ipse
829 2634 907 2679 men.

275 2703 324 2764 Ad
341 2719 493 2780 possessa
508 2703 596 2762 venis
614 2709 841 2779 praeceptaque
855 2703 968 2777 gaudia
984 2717 1083 2764 serus.

319 2786 399 2863 Spes
414 2793 467 2848 tua
482 2788 563 2847 lenia
579 2787 643 2847 inii.
668 2787 750 2857 nand
768 2787 862 2861 petis,
882 2788 959 2848 alter
972 2786 1075 2847 babet.

275 2873 314 2934 Ut
328 2881 427 2934 tannen
445 2878 582 2947 optarem
598 2870 664 2931 fieri
679 2877 729 2931 tua
743 2869 851 2930 Troica
866 2872 1008 2947 coniunx,

216 2967 264 3020 110
316 2956 444 3016 Invitam
458 2955 504 3017 sie
519 2971 567 3015 rne
582 2972 640 3016 nee
656 2955 814 3018 Menelaus
829 2954 929 3017 habeb

275 3042 389 3103 Desine
404 3041 510 3115 molle,
532 3055 658 3115 precor,
684 3038 786 3099 verbis
802 3042 976 3100 convellere
991 3046 1110 3116 peetus,

316 3125 400 3186 Neve
414 3124 501 3197 mihi,
526 3140 616 3199 quarn
634 3132 663 3185 ie
678 3123 755 3183 dieis
770 3139 887 3196 amare,
909 3140 1002 3184 noce:

275 3209 336 3271 Sed
353 3210 435 3283 sine,
457 3224 548 3284 quarn
564 3207 666 3268 tribuit
680 3213 793 3268 sortem
809 3209 945 3281 fortuna,
969 3210 1055 3284 tueri,

315 3294 378 3354 Nee
396 3292 527 3369 spnlinm
543 3292 639 3353 nostri
656 3304 743 3367 turpe
760 3292 886 3367 pudoris
900 3292 989 3353 habe.

214 3388 262 3442 rib
273 3380 313 3439 At
326 3379 434 3439 Venus
449 3377 509 3438 boc
524 3384 615 3452 paeia
629 3384 692 3450 esi,
713 3377 786 3436 etin
802 3378 882 3437 aliae
898 3376 1027 3438 vallibus
1044 3378 1116 3439 idae
1227 3422 1233 3460 ,ἴ

316 3465 391 3523 Tres
406 3460 459 3523 tibi
477 3477 512 3521 se
527 3462 627 3522 nudas
644 3459 810 3522 exhibuere
825 3461 917 3521 deae:

274 3548 405 3620 Unaque
420 3559 487 3606 curn
503 3560 645 3620 regnum,
668 3545 739 3605 beili
756 3547 841 3605 darei
856 3547 949 3606 altera
965 3548 1095 3610 laudern.
