2467 4042
434 234 517 304 XIII,
536 239 696 291 osa-669.
742 255 858 294 urum.
876 256 955 294 estne
1003 237 1069 304 273

136 397 315 480 Urbemquo
338 400 469 462 ostendit
491 400 674 482 delubraque
697 410 767 465 nota
789 403 923 484 duasque

57 497 118 548 ooo
136 486 256 549 Latona
279 489 427 568 quondam
451 492 559 570 stirpes
581 494 716 571 pariente
739 499 906 554 retentas.-

135 576 224 637 Ture
248 576 316 638 dato
338 577 464 639 flammis
486 580 616 658 vinoque
638 582 670 640 in
693 587 761 641 tura
781 581 905 660 proluso

135 662 363 745 Caesarumque
385 666 476 727 boum
499 666 581 728 libris
605 666 748 729 demere
772 670 910 731 crematis

135 751 235 832 Regia
258 761 338 816 tecta
359 762 488 837 petunt,
509 756 675 836 positisque
698 755 847 836 tapetibus
869 756 936 818 altis

135 840 267 903 Munera
290 860 359 904 cum
382 842 495 921 liquido
518 844 641 923 capiunt
663 843 794 906 Cerealia
816 843 949 907 Baccho.

56 939 119 992 oso
137 929 221 991 Tum
244 931 312 1011 pius
334 930 502 993 Anchises:
525 926 555 992 ‘o
578 930 693 994 Phoebi
714 932 791 995 lecte
814 933 971 1014 sacerdos,

135 1017 263 1101 Fallor‚
282 1037 319 1081 an
339 1026 370 1081 et
387 1028 512 1101 natum,
531 1037 600 1081 cum
617 1022 748 1101 primum
765 1020 839 1083 baec
856 1022 973 1083 moenia
991 1019 1068 1102 vidi,

138 1105 256 1186 Bisque
279 1106 353 1169 duas
379 1115 464 1170 natas
476 1155 486 1190 ,
508 1116 654 1188 quantum
681 1110 879 1192 reminiscor,
901 1107 1030 1171 habebas
1039 1105 1067 1169 l’

135 1193 219 1256 linio
242 1195 335 1257 Anius
358 1198 452 1257 niveis
475 1196 658 1258 circumdata
681 1206 815 1279 tempora
835 1200 917 1260 vittis

137 1281 324 1345 Concutiens
347 1291 378 1346 et
399 1287 494 1346 tristis
517 1287 580 1346 ait:
603 1282 675 1347 ‘non
697 1285 808 1348 lalleris
819 1332 830 1368 ,
852 1286 942 1349 beros

58 1382 120 1432 sco
138 1370 290 1433 blaxime:
312 1372 412 1434 vidisti
434 1373 573 1434 batorum
595 1375 729 1454 quinque
750 1383 922 1457 parentem,

138 1458 239 1531 Quem
261 1477 342 1522 nunc
366 1492 409 1505 -
431 1469 513 1523 muta
535 1460 673 1523 bemInes
696 1479 799 1524 rernm
821 1463 1019 1525 inconstantia

566 1600 570 1607 ,
904 1558 1003 1612 versat
1021 1581 1063 1594 -

138 1635 242 1697 Paene
265 1636 347 1699 vides
371 1637 500 1700 orbum.
529 1638 608 1718 quod
631 1640 712 1701 enim
734 1638 808 1701 mihi
829 1638 908 1701 illius
931 1638 1038 1700 absens

137 1723 314 1806 Auxilium,
336 1743 427 1805 quem
448 1726 528 1788 dicta
550 1745 605 1788 suo
629 1727 666 1789 de
690 1730 810 1789 nomine
833 1728 921 1789 tellus

136 1812 258 1875 Andros
271 1812 362 1874 babet
374 1832 429 1894 pro
443 1822 550 1896 patre,
568 1814 727 1894 locumque
742 1822 772 1878 et
785 1833 877 1896 regna
889 1811 1067 1878 tenentem?

64 1911 124 1964 ooo
139 1899 245 1962 Delius
266 1904 426 1982 augurium
447 1902 530 1964 dedit
551 1901 644 1965 huic.
672 1903 754 1965 dedit
775 1903 866 1966 altera
888 1902 979 1966 biber

137 1987 298 2051 chIneae
321 1991 408 2071 stirpi
430 1998 498 2053 voto
521 1992 634 2053 maiora
655 1991 773 2071 fideque
827 2030 829 2033 ·

139 2076 287 2140 Munera.
315 2096 383 2139 nam
406 2086 488 2140 tactu
501 2074 648 2141 ,natarum
670 2088 778 2142 cuncta
799 2097 934 2144 mearum

138 2163 176 2227 ln
199 2173 353 2247 segetem,
375 2165 552 2247 laticemque
575 2162 652 2230 meri
663 2216 674 2251 ,
696 2167 858 2249 bacamque
879 2169 1027 2230 Minervae

139 2253 443 2317 Translormabantur
454 2302 464 2339 ‚
487 2254 628 2336 divesque
651 2264 716 2318 erat
737 2275 811 2319 usus
833 2260 865 2317 in
887 2255 964 2320 Illis.

66 2341 205 2404 eooHoc
227 2341 280 2405 ubl
302 2345 441 2424 cognovit
462 2343 569 2405 Troiae
590 2343 749 2425 populator
770 2344 907 2425 Atrides,

138 2431 185 2493 Ne
208 2449 268 2493 non
292 2431 448 2512 exaliqua
471 2439 600 2494 vestram
623 2435 753 2497 sensisse
775 2432 936 2514 procellam

138 2519 203 2581 Nos
225 2537 345 2601 quoque
367 2528 453 2600 parte
475 2527 586 2603 putes,
608 2539 759 2583 armornm
782 2520 896 2583 viribus
919 2539 992 2583 usus

139 2608 293 2671 Abstralrit
314 2610 421 2670 invitas
443 2610 557 2688 gremio
579 2612 746 2692 genitoris,
768 2609 923 2691 alantque,

138 2695 271 2776 Imperat
287 2695 455 2776 Argolicam
477 2697 598 2759 caelesti
620 2716 745 2760 munero
767 2698 910 2761 classem,

68 2797 124 2849 ooo
139 2784 295 2866 Effugiunt
318 2803 377 2865 quo
401 2803 537 2866 quaeque
558 2794 680 2866 potest:
702 2786 823 2849 Euboea
845 2785 977 2869 duabus,

139 2874 179 2935 lit
200 2874 325 2936 totidem
347 2876 425 2936 natIs
446 2874 563 2936 Andros
586 2875 718 2936 fraterna
738 2878 832 2956 petita
855 2883 917 2937 est.

140 2962 226 3024 bliles
250 2964 334 3024 adest
356 2971 409 3044 et,
431 2965 463 3024 ni
486 2962 656 3046 dedantur,
677 2962 754 3026 bella
776 2966 924 3026 minatur.

139 3049 223 3114 Victa
245 3059 328 3112 metu
350 3053 446 3132 pietas
469 3055 618 3113 consortia
640 3061 760 3133 pectora
783 3070 897 3135 poenae

140 3138 281 3203 Dedidit.
310 3147 341 3201 et
363 3140 466 3201 timido
489 3142 586 3221 possis
609 3143 766 3220 ignoscere
789 3142 891 3202 lratri.

53 3239 124 3291 eoo
139 3228 205 3290 Non
228 3228 277 3290 bic
300 3228 437 3310 Aeneas,
460 3246 520 3289 non
532 3276 543 3311 ,
565 3230 617 3307 qui
640 3228 814 3291 detenderet
836 3228 976 3308 Andron,

138 3316 251 3379 Hector
273 3324 338 3379 erat
349 3364 360 3399 ,
381 3334 436 3398 per
459 3334 549 3396 mom
566 3316 715 3380 decimum
732 3319 861 3380 durastIs
883 3318 914 3376 in
937 3332 1064 3377 anniam.

139 3405 260 3486 lamque
282 3404 463 3486 parabantur
486 3407 609 3485 captivis
632 3406 727 3467 vincla
749 3405 886 3468 lacertis:

139 3492 208 3556 lllae
232 3492 370 3556 tollentes
394 3497 556 3555 etiamnum
578 3493 672 3555 libera
695 3494 776 3556 caelo

138 3580 282 3644 Bracchia
301 3577 438 3645 “Bacche
457 3590 565 3666 pater,
582 3583 630 3645 lor
648 3577 735 3665 opem
748 3579 918 3646 t'’'dxere.
936 3583 1065 3664 tulitque

101 3691 192 3738 orm.
204 3692 244 3736 rr.
817 3689 850 3740 ta
