<?xml version="1.0" encoding="UTF-8"?>
<!DOCTYPE html PUBLIC "-//W3C//DTD XHTML 1.0 Transitional//EN"
    "http://www.w3.org/TR/xhtml1/DTD/xhtml1-transitional.dtd">
<html xmlns="http://www.w3.org/1999/xhtml" xml:lang="en" lang="en">
 <head>
  <title>
</title>
<meta http-equiv="Content-Type" content="text/html;charset=utf-8" />
  <meta name='ocr-system' content='tesseract 3.04.00' />
  <meta name='ocr-capabilities' content='ocr_page ocr_carea ocr_par ocr_line ocrx_word'/>
</head>
<body>
  <div class='ocr_page' id='page_1' title='image "./povidiusnaso00ehwagoog_0079.png"; bbox 0 0 2467 4042; ppageno 0'>
   <div class='ocr_carea' id='block_1_1' title="bbox 324 236 1006 316">
    <p class='ocr_par' dir='ltr' id='par_1_1' title="bbox 324 236 1006 316">
     <span class='ocr_line' id='line_1_1' title="bbox 324 236 1006 316; baseline 0.001 -16"><span class='ocrx_word' id='word_1_1' title='bbox 324 241 350 316; x_wconf 91' lang='lat' dir='ltr'><strong>l,</strong></span> <span class='ocrx_word' id='word_1_2' title='bbox 366 240 400 314; x_wconf 80' lang='lat'><strong>9,</strong></span> <span class='ocrx_word' id='word_1_3' title='bbox 418 237 458 302; x_wconf 91' lang='lat' dir='ltr'><strong>ll</strong></span> <span class='ocrx_word' id='word_1_4' title='bbox 497 237 584 313; x_wconf 87' lang='lat'>-10‚</span> <span class='ocrx_word' id='word_1_5' title='bbox 599 237 651 302; x_wconf 77' lang='lat'><strong>37.</strong></span> <span class='ocrx_word' id='word_1_6' title='bbox 966 236 1006 304; x_wconf 78' lang='lat'><strong>15</strong></span> 
     </span>
    </p>
   </div>
   <div class='ocr_carea' id='block_1_2' title="bbox 30 439 989 3322">
    <p class='ocr_par' dir='ltr' id='par_1_2' title="bbox 30 439 989 3322">
     <span class='ocr_line' id='line_1_2' title="bbox 30 439 779 553; baseline 0.004 -21"><span class='ocrx_word' id='word_1_7' title='bbox 30 439 67 535; x_wconf 67' lang='grc' dir='ltr'><strong>Η)</strong></span> <span class='ocrx_word' id='word_1_8' title='bbox 92 440 187 546; x_wconf 60' lang='lat' dir='ltr'><strong>Qualis</strong></span> <span class='ocrx_word' id='word_1_9' title='bbox 201 476 239 536; x_wconf 88' lang='lat' dir='ltr'><strong>ab</strong></span> <span class='ocrx_word' id='word_1_10' title='bbox 252 475 368 536; x_wconf 81' lang='lat' dir='ltr'><strong>Eurota</strong></span> <span class='ocrx_word' id='word_1_11' title='bbox 381 474 524 553; x_wconf 81' lang='lat' dir='ltr'><strong>Phrygiis</strong></span> <span class='ocrx_word' id='word_1_12' title='bbox 541 481 650 535; x_wconf 87' lang='lat' dir='ltr'><strong>avecta</strong></span> <span class='ocrx_word' id='word_1_13' title='bbox 667 475 779 535; x_wconf 81' lang='lat' dir='ltr'><strong>earinis</strong></span> 
     </span>
     <span class='ocr_line' id='line_1_3' title="bbox 122 558 725 636; baseline -0.003 -16"><span class='ocrx_word' id='word_1_14' title='bbox 122 560 298 636; x_wconf 84' lang='lat' dir='ltr'>Coniugibus</span> <span class='ocrx_word' id='word_1_15' title='bbox 313 558 385 620; x_wconf 89' lang='lat' dir='ltr'><strong>belli</strong></span> <span class='ocrx_word' id='word_1_16' title='bbox 400 574 496 618; x_wconf 86' lang='lat' dir='ltr'><strong>eausa</strong></span> <span class='ocrx_word' id='word_1_17' title='bbox 513 559 636 619; x_wconf 88' lang='lat' dir='ltr'><strong>duobus</strong></span> <span class='ocrx_word' id='word_1_18' title='bbox 651 566 725 632; x_wconf 76' lang='lat' dir='ltr'><strong>erat,</strong></span> 
     </span>
     <span class='ocr_line' id='line_1_4' title="bbox 87 642 832 720; baseline 0.003 -17"><span class='ocrx_word' id='word_1_19' title='bbox 87 643 174 717; x_wconf 78' lang='lat' dir='ltr'><strong>Qualis</strong></span> <span class='ocrx_word' id='word_1_20' title='bbox 187 651 251 704; x_wconf 86' lang='lat' dir='ltr'><strong>erat</strong></span> <span class='ocrx_word' id='word_1_21' title='bbox 263 644 361 720; x_wconf 83' lang='lat' dir='ltr'><strong>Lede,</strong></span> <span class='ocrx_word' id='word_1_22' title='bbox 385 660 477 719; x_wconf 88' lang='lat' dir='ltr'><strong>quam</strong></span> <span class='ocrx_word' id='word_1_23' title='bbox 490 643 602 718; x_wconf 87' lang='lat' dir='ltr'><strong>plumis</strong></span> <span class='ocrx_word' id='word_1_24' title='bbox 618 642 739 703; x_wconf 85' lang='lat' dir='ltr'><strong>abditus</strong></span> <span class='ocrx_word' id='word_1_25' title='bbox 756 645 832 705; x_wconf 89' lang='lat' dir='ltr'><strong>albis</strong></span> 
     </span>
     <span class='ocr_line' id='line_1_5' title="bbox 122 727 693 803; baseline -0.007 -14"><span class='ocrx_word' id='word_1_26' title='bbox 122 728 244 789; x_wconf 79' lang='lat' dir='ltr'>Callidus</span> <span class='ocrx_word' id='word_1_27' title='bbox 259 731 288 787; x_wconf 93' lang='lat' dir='ltr'><strong>in</strong></span> <span class='ocrx_word' id='word_1_28' title='bbox 305 730 385 788; x_wconf 84' lang='lat' dir='ltr'><strong>laisa</strong></span> <span class='ocrx_word' id='word_1_29' title='bbox 399 727 472 788; x_wconf 92' lang='lat' dir='ltr'><strong>lusit</strong></span> <span class='ocrx_word' id='word_1_30' title='bbox 486 727 605 787; x_wconf 77' lang='lat' dir='ltr'>adulter</span> <span class='ocrx_word' id='word_1_31' title='bbox 620 743 693 803; x_wconf 82' lang='lat' dir='ltr'><strong>ave,</strong></span> 
     </span>
     <span class='ocr_line' id='line_1_6' title="bbox 66 811 756 891; baseline -0.001 -18"><span class='ocrx_word' id='word_1_32' title='bbox 66 813 174 886; x_wconf 67' lang='lat' dir='ltr'><strong>nonalis</strong></span> <span class='ocrx_word' id='word_1_33' title='bbox 187 813 361 891; x_wconf 86' lang='lat' dir='ltr'><strong>Amymone</strong></span> <span class='ocrx_word' id='word_1_34' title='bbox 377 811 469 872; x_wconf 81' lang='lat' dir='ltr'><strong>sienis</strong></span> <span class='ocrx_word' id='word_1_35' title='bbox 485 812 597 872; x_wconf 85' lang='lat' dir='ltr'><strong>erravit</strong></span> <span class='ocrx_word' id='word_1_36' title='bbox 610 811 641 869; x_wconf 93' lang='lat' dir='ltr'><strong>in</strong></span> <span class='ocrx_word' id='word_1_37' title='bbox 657 812 756 887; x_wconf 76' lang='lat' dir='ltr'><strong>agnis,</strong></span> 
     </span>
     <span class='ocr_line' id='line_1_7' title="bbox 122 895 840 973; baseline 0.001 -17"><span class='ocrx_word' id='word_1_38' title='bbox 122 896 188 956; x_wconf 87' lang='lat' dir='ltr'><strong>Cum</strong></span> <span class='ocrx_word' id='word_1_39' title='bbox 200 903 352 973; x_wconf 86' lang='lat' dir='ltr'><strong>premeret</strong></span> <span class='ocrx_word' id='word_1_40' title='bbox 368 898 479 957; x_wconf 93' lang='lat' dir='ltr'><strong>summi</strong></span> <span class='ocrx_word' id='word_1_41' title='bbox 494 895 618 956; x_wconf 84' lang='lat' dir='ltr'><strong>verticis</strong></span> <span class='ocrx_word' id='word_1_42' title='bbox 633 912 709 956; x_wconf 84' lang='lat' dir='ltr'><strong>urna</strong></span> <span class='ocrx_word' id='word_1_43' title='bbox 724 911 840 972; x_wconf 84' lang='lat' dir='ltr'><strong>eomas,</strong></span> 
     </span>
     <span class='ocr_line' id='line_1_8' title="bbox 87 980 932 1057; baseline 0.006 -20"><span class='ocrx_word' id='word_1_44' title='bbox 87 980 153 1040; x_wconf 86' lang='lat' dir='ltr'><strong>Talis</strong></span> <span class='ocrx_word' id='word_1_45' title='bbox 167 997 241 1041; x_wconf 83' lang='lat' dir='ltr'><strong>enas.</strong></span> <span class='ocrx_word' id='word_1_46' title='bbox 271 981 480 1057; x_wconf 79' lang='lat' dir='ltr'><strong>Aquilamque</strong></span> <span class='ocrx_word' id='word_1_47' title='bbox 494 981 524 1040; x_wconf 90' lang='lat' dir='ltr'><strong>in</strong></span> <span class='ocrx_word' id='word_1_48' title='bbox 539 987 570 1040; x_wconf 90' lang='lat' dir='ltr'><strong>te</strong></span> <span class='ocrx_word' id='word_1_49' title='bbox 585 987 766 1055; x_wconf 82' lang='lat' dir='ltr'><strong>taurumque</strong></span> <span class='ocrx_word' id='word_1_50' title='bbox 781 982 932 1056; x_wconf 81' lang='lat' dir='ltr'><strong>timebam,</strong></span> 
     </span>
     <span class='ocr_line' id='line_1_9' title="bbox 121 1062 774 1141; baseline -0.002 -17"><span class='ocrx_word' id='word_1_51' title='bbox 121 1065 153 1124; x_wconf 85' lang='lat' dir='ltr'><strong>Et</strong></span> <span class='ocrx_word' id='word_1_52' title='bbox 166 1065 307 1141; x_wconf 88' lang='lat' dir='ltr'><strong>quiequid</strong></span> <span class='ocrx_word' id='word_1_53' title='bbox 323 1081 435 1140; x_wconf 83' lang='lat' dir='ltr'><strong>magno</strong></span> <span class='ocrx_word' id='word_1_54' title='bbox 451 1065 578 1126; x_wconf 82' lang='lat' dir='ltr'><strong>deleve</strong></span> <span class='ocrx_word' id='word_1_55' title='bbox 593 1062 665 1124; x_wconf 87' lang='lat' dir='ltr'><strong>lecit</strong></span> <span class='ocrx_word' id='word_1_56' title='bbox 680 1080 774 1125; x_wconf 88' lang='lat' dir='ltr'><strong>amor.</strong></span> 
     </span>
     <span class='ocr_line' id='line_1_10' title="bbox 87 1148 929 1225; baseline 0.002 -18"><span class='ocrx_word' id='word_1_57' title='bbox 87 1148 160 1208; x_wconf 88' lang='lat' dir='ltr'><strong>llune</strong></span> <span class='ocrx_word' id='word_1_58' title='bbox 172 1150 257 1210; x_wconf 87' lang='lat' dir='ltr'><strong>timor</strong></span> <span class='ocrx_word' id='word_1_59' title='bbox 272 1151 373 1210; x_wconf 87' lang='lat' dir='ltr'><strong>omnis</strong></span> <span class='ocrx_word' id='word_1_60' title='bbox 388 1150 492 1225; x_wconf 87' lang='lat' dir='ltr'><strong>abest,</strong></span> <span class='ocrx_word' id='word_1_61' title='bbox 515 1148 670 1224; x_wconf 81' lang='lat' dir='ltr'><strong>animique</strong></span> <span class='ocrx_word' id='word_1_62' title='bbox 683 1149 820 1209; x_wconf 87' lang='lat' dir='ltr'><strong>resanuit</strong></span> <span class='ocrx_word' id='word_1_63' title='bbox 834 1165 929 1224; x_wconf 80' lang='lat' dir='ltr'><strong>error,</strong></span> 
     </span>
     <span class='ocr_line' id='line_1_11' title="bbox 58 1233 766 1310; baseline 0 -19"><span class='ocrx_word' id='word_1_64' title='bbox 58 1239 82 1291; x_wconf 88' lang='lat' dir='ltr'><strong>lt</strong></span> <span class='ocrx_word' id='word_1_65' title='bbox 122 1233 177 1293; x_wconf 89' lang='lat' dir='ltr'><strong>Nee</strong></span> <span class='ocrx_word' id='word_1_66' title='bbox 190 1233 283 1294; x_wconf 86' lang='lat' dir='ltr'><strong>laeies</strong></span> <span class='ocrx_word' id='word_1_67' title='bbox 300 1233 408 1294; x_wconf 87' lang='lat' dir='ltr'><strong>oeulos</strong></span> <span class='ocrx_word' id='word_1_68' title='bbox 423 1233 484 1295; x_wconf 89' lang='lat' dir='ltr'><strong>iam</strong></span> <span class='ocrx_word' id='word_1_69' title='bbox 499 1233 581 1310; x_wconf 86' lang='lat' dir='ltr'><strong>capit</strong></span> <span class='ocrx_word' id='word_1_70' title='bbox 595 1234 655 1293; x_wconf 86' lang='lat' dir='ltr'><strong>ista</strong></span> <span class='ocrx_word' id='word_1_71' title='bbox 668 1249 766 1294; x_wconf 90' lang='lat' dir='ltr'><strong>meos.</strong></span> 
     </span>
     <span class='ocr_line' id='line_1_12' title="bbox 88 1316 900 1394; baseline 0.001 -18"><span class='ocrx_word' id='word_1_72' title='bbox 88 1316 136 1376; x_wconf 79' lang='lat' dir='ltr'><strong>Cur</strong></span> <span class='ocrx_word' id='word_1_73' title='bbox 148 1318 199 1378; x_wconf 89' lang='lat' dir='ltr'><strong>sim</strong></span> <span class='ocrx_word' id='word_1_74' title='bbox 213 1323 362 1392; x_wconf 86' lang='lat' dir='ltr'><strong>mutatus,</strong></span> <span class='ocrx_word' id='word_1_75' title='bbox 386 1318 530 1394; x_wconf 76' lang='lat' dir='ltr'><strong>quaerist</strong></span> <span class='ocrx_word' id='word_1_76' title='bbox 552 1317 629 1392; x_wconf 81' lang='lat' dir='ltr'><strong>Quia</strong></span> <span class='ocrx_word' id='word_1_77' title='bbox 644 1334 769 1378; x_wconf 82' lang='lat' dir='ltr'><strong>munera</strong></span> <span class='ocrx_word' id='word_1_78' title='bbox 783 1318 900 1394; x_wconf 83' lang='lat' dir='ltr'><strong>poscis.</strong></span> 
     </span>
     <span class='ocr_line' id='line_1_13' title="bbox 121 1401 787 1479; baseline 0 -19"><span class='ocrx_word' id='word_1_79' title='bbox 121 1401 194 1463; x_wconf 86' lang='lat' dir='ltr'><strong>Haee</strong></span> <span class='ocrx_word' id='word_1_80' title='bbox 208 1410 237 1463; x_wconf 91' lang='lat' dir='ltr'><strong>te</strong></span> <span class='ocrx_word' id='word_1_81' title='bbox 252 1420 313 1465; x_wconf 91' lang='lat' dir='ltr'><strong>non</strong></span> <span class='ocrx_word' id='word_1_82' title='bbox 329 1403 442 1479; x_wconf 83' lang='lat' dir='ltr'><strong>patitur</strong></span> <span class='ocrx_word' id='word_1_83' title='bbox 457 1417 551 1464; x_wconf 87' lang='lat' dir='ltr'><strong>eausa</strong></span> <span class='ocrx_word' id='word_1_84' title='bbox 565 1402 690 1478; x_wconf 81' lang='lat' dir='ltr'><strong>plaeere</strong></span> <span class='ocrx_word' id='word_1_85' title='bbox 705 1401 787 1462; x_wconf 84' lang='lat' dir='ltr'><strong>mihi.</strong></span> 
     </span>
     <span class='ocr_line' id='line_1_14' title="bbox 89 1485 935 1563; baseline 0.001 -19"><span class='ocrx_word' id='word_1_86' title='bbox 89 1485 177 1546; x_wconf 80' lang='lat' dir='ltr'><strong>linnea</strong></span> <span class='ocrx_word' id='word_1_87' title='bbox 190 1503 257 1549; x_wconf 86' lang='lat' dir='ltr'><strong>eras</strong></span> <span class='ocrx_word' id='word_1_88' title='bbox 273 1487 421 1563; x_wconf 81' lang='lat' dir='ltr'><strong>simplex,</strong></span> <span class='ocrx_word' id='word_1_89' title='bbox 445 1488 578 1548; x_wconf 85' lang='lat' dir='ltr'><strong>animum</strong></span> <span class='ocrx_word' id='word_1_90' title='bbox 593 1502 663 1547; x_wconf 85' lang='lat' dir='ltr'><strong>eum</strong></span> <span class='ocrx_word' id='word_1_91' title='bbox 678 1502 811 1562; x_wconf 81' lang='lat' dir='ltr'><strong>corpore</strong></span> <span class='ocrx_word' id='word_1_92' title='bbox 825 1486 935 1546; x_wconf 88' lang='lat' dir='ltr'><strong>amavi.</strong></span> 
     </span>
     <span class='ocr_line' id='line_1_15' title="bbox 122 1570 764 1647; baseline 0.005 -20"><span class='ocrx_word' id='word_1_93' title='bbox 122 1570 197 1631; x_wconf 87' lang='lat' dir='ltr'><strong>lluna</strong></span> <span class='ocrx_word' id='word_1_94' title='bbox 211 1573 318 1633; x_wconf 88' lang='lat' dir='ltr'><strong>mentis</strong></span> <span class='ocrx_word' id='word_1_95' title='bbox 337 1572 410 1633; x_wconf 87' lang='lat' dir='ltr'><strong>vitio</strong></span> <span class='ocrx_word' id='word_1_96' title='bbox 425 1573 512 1633; x_wconf 84' lang='lat' dir='ltr'><strong>laesa</strong></span> <span class='ocrx_word' id='word_1_97' title='bbox 526 1571 625 1647; x_wconf 77' lang='lat' dir='ltr'><strong>figura</strong></span> <span class='ocrx_word' id='word_1_98' title='bbox 640 1577 692 1632; x_wconf 86' lang='lat' dir='ltr'><strong>tua</strong></span> <span class='ocrx_word' id='word_1_99' title='bbox 707 1578 764 1631; x_wconf 93' lang='lat' dir='ltr'><strong>est.</strong></span> 
     </span>
     <span class='ocr_line' id='line_1_16' title="bbox 60 1651 909 1728; baseline 0.004 -17"><span class='ocrx_word' id='word_1_100' title='bbox 60 1651 121 1712; x_wconf 76' lang='lat' dir='ltr'><strong>ttllt</strong></span> <span class='ocrx_word' id='word_1_101' title='bbox 133 1671 200 1728; x_wconf 89' lang='lat' dir='ltr'><strong>puer</strong></span> <span class='ocrx_word' id='word_1_102' title='bbox 214 1665 259 1718; x_wconf 92' lang='lat' dir='ltr'><strong>est</strong></span> <span class='ocrx_word' id='word_1_103' title='bbox 272 1664 303 1717; x_wconf 91' lang='lat' dir='ltr'><strong>et</strong></span> <span class='ocrx_word' id='word_1_104' title='bbox 318 1658 421 1718; x_wconf 89' lang='lat' dir='ltr'><strong>nudus</strong></span> <span class='ocrx_word' id='word_1_105' title='bbox 436 1657 541 1715; x_wconf 85' lang='lat' dir='ltr'><strong>Amor.</strong></span> <span class='ocrx_word' id='word_1_106' title='bbox 565 1655 633 1715; x_wconf 92' lang='lat' dir='ltr'><strong>sine</strong></span> <span class='ocrx_word' id='word_1_107' title='bbox 649 1656 795 1716; x_wconf 85' lang='lat' dir='ltr'><strong>sordibus</strong></span> <span class='ocrx_word' id='word_1_108' title='bbox 810 1670 909 1715; x_wconf 91' lang='lat' dir='ltr'><strong>annos</strong></span> 
     </span>
     <span class='ocr_line' id='line_1_17' title="bbox 122 1737 779 1815; baseline 0 -18"><span class='ocrx_word' id='word_1_109' title='bbox 122 1737 154 1798; x_wconf 84' lang='lat' dir='ltr'><strong>Et</strong></span> <span class='ocrx_word' id='word_1_110' title='bbox 165 1742 258 1802; x_wconf 91' lang='lat' dir='ltr'><strong>nullas</strong></span> <span class='ocrx_word' id='word_1_111' title='bbox 274 1749 394 1814; x_wconf 85' lang='lat' dir='ltr'><strong>vestes,</strong></span> <span class='ocrx_word' id='word_1_112' title='bbox 414 1746 448 1801; x_wconf 90' lang='lat' dir='ltr'><strong>ut</strong></span> <span class='ocrx_word' id='word_1_113' title='bbox 462 1741 502 1800; x_wconf 88' lang='lat' dir='ltr'><strong>sit</strong></span> <span class='ocrx_word' id='word_1_114' title='bbox 515 1746 656 1815; x_wconf 85' lang='lat' dir='ltr'><strong>apertus,</strong></span> <span class='ocrx_word' id='word_1_115' title='bbox 678 1739 779 1800; x_wconf 84' lang='lat' dir='ltr'><strong>habet.</strong></span> 
     </span>
     <span class='ocr_line' id='line_1_18' title="bbox 91 1819 860 1900; baseline 0.004 -20"><span class='ocrx_word' id='word_1_116' title='bbox 91 1819 152 1893; x_wconf 77' lang='lat' dir='ltr'><strong>Quid</strong></span> <span class='ocrx_word' id='word_1_117' title='bbox 167 1841 287 1899; x_wconf 88' lang='lat' dir='ltr'><strong>puerum</strong></span> <span class='ocrx_word' id='word_1_118' title='bbox 302 1825 435 1885; x_wconf 80' lang='lat' dir='ltr'><strong>Veneris</strong></span> <span class='ocrx_word' id='word_1_119' title='bbox 451 1824 550 1900; x_wconf 87' lang='lat' dir='ltr'><strong>pretio</strong></span> <span class='ocrx_word' id='word_1_120' title='bbox 567 1830 709 1899; x_wconf 82' lang='lat' dir='ltr'><strong>prostare</strong></span> <span class='ocrx_word' id='word_1_121' title='bbox 726 1824 860 1884; x_wconf 73' lang='lat' dir='ltr'><strong>iubetis?</strong></span> 
     </span>
     <span class='ocr_line' id='line_1_19' title="bbox 125 1906 850 1986; baseline -0.001 -20"><span class='ocrx_word' id='word_1_122' title='bbox 125 1906 181 1980; x_wconf 79' lang='lat' dir='ltr'><strong>Quo</strong></span> <span class='ocrx_word' id='word_1_123' title='bbox 195 1910 322 1986; x_wconf 83' lang='lat' dir='ltr'><strong>pretium</strong></span> <span class='ocrx_word' id='word_1_124' title='bbox 338 1909 466 1983; x_wconf 85' lang='lat' dir='ltr'><strong>condat,</strong></span> <span class='ocrx_word' id='word_1_125' title='bbox 488 1908 657 1968; x_wconf 86' lang='lat' dir='ltr'><strong>nonhabet</strong></span> <span class='ocrx_word' id='word_1_126' title='bbox 674 1908 724 1969; x_wconf 92' lang='lat' dir='ltr'><strong>ille</strong></span> <span class='ocrx_word' id='word_1_127' title='bbox 741 1909 850 1969; x_wconf 89' lang='lat' dir='ltr'><strong>sinum.</strong></span> 
     </span>
     <span class='ocr_line' id='line_1_20' title="bbox 92 1986 914 2071; baseline 0.002 -24"><span class='ocrx_word' id='word_1_128' title='bbox 92 1986 141 2050; x_wconf 83' lang='lat' dir='ltr'><strong>Nee</strong></span> <span class='ocrx_word' id='word_1_129' title='bbox 152 1992 252 2055; x_wconf 89' lang='lat' dir='ltr'><strong>Venus</strong></span> <span class='ocrx_word' id='word_1_130' title='bbox 268 2002 341 2071; x_wconf 86' lang='lat' dir='ltr'><strong>apta</strong></span> <span class='ocrx_word' id='word_1_131' title='bbox 355 1993 445 2069; x_wconf 86' lang='lat' dir='ltr'><strong>laris,</strong></span> <span class='ocrx_word' id='word_1_132' title='bbox 467 1992 599 2053; x_wconf 86' lang='lat' dir='ltr'><strong>Veneris</strong></span> <span class='ocrx_word' id='word_1_133' title='bbox 614 2008 673 2053; x_wconf 91' lang='lat' dir='ltr'><strong>nee</strong></span> <span class='ocrx_word' id='word_1_134' title='bbox 686 1993 783 2070; x_wconf 85' lang='lat' dir='ltr'><strong>filius,</strong></span> <span class='ocrx_word' id='word_1_135' title='bbox 806 1994 914 2054; x_wconf 69' lang='lat' dir='ltr'><strong>ermina</strong></span> 
     </span>
     <span class='ocr_line' id='line_1_21' title="bbox 63 2074 749 2139; baseline 0.006 -8"><span class='ocrx_word' id='word_1_136' title='bbox 63 2076 87 2131; x_wconf 79' lang='lat' dir='ltr'><strong>tu</strong></span> <span class='ocrx_word' id='word_1_137' title='bbox 126 2074 184 2136; x_wconf 84' lang='lat' dir='ltr'><strong>Nun</strong></span> <span class='ocrx_word' id='word_1_138' title='bbox 196 2078 282 2139; x_wconf 86' lang='lat' dir='ltr'><strong>deaei</strong></span> <span class='ocrx_word' id='word_1_139' title='bbox 295 2077 425 2139; x_wconf 88' lang='lat' dir='ltr'><strong>inbelles</strong></span> <span class='ocrx_word' id='word_1_140' title='bbox 440 2093 514 2137; x_wconf 85' lang='lat' dir='ltr'><strong>aera</strong></span> <span class='ocrx_word' id='word_1_141' title='bbox 528 2093 647 2137; x_wconf 83' lang='lat' dir='ltr'><strong>merere</strong></span> <span class='ocrx_word' id='word_1_142' title='bbox 662 2077 749 2138; x_wconf 88' lang='lat' dir='ltr'><strong>deas.</strong></span> 
     </span>
     <span class='ocr_line' id='line_1_22' title="bbox 94 2154 795 2237; baseline 0.009 -22"><span class='ocrx_word' id='word_1_143' title='bbox 94 2154 146 2219; x_wconf 85' lang='lat' dir='ltr'><strong>Stat</strong></span> <span class='ocrx_word' id='word_1_144' title='bbox 158 2164 290 2224; x_wconf 77' lang='lat' dir='ltr'><strong>meretrix</strong></span> <span class='ocrx_word' id='word_1_145' title='bbox 305 2168 389 2224; x_wconf 82' lang='lat' dir='ltr'><strong>aeno</strong></span> <span class='ocrx_word' id='word_1_146' title='bbox 409 2162 508 2223; x_wconf 85' lang='lat' dir='ltr'><strong>cuivis</strong></span> <span class='ocrx_word' id='word_1_147' title='bbox 523 2161 698 2222; x_wconf 83' lang='lat' dir='ltr'><strong>mercabilis</strong></span> <span class='ocrx_word' id='word_1_148' title='bbox 713 2177 795 2237; x_wconf 84' lang='lat' dir='ltr'><strong>aere,</strong></span> 
     </span>
     <span class='ocr_line' id='line_1_23' title="bbox 125 2242 775 2323; baseline 0.002 -21"><span class='ocrx_word' id='word_1_149' title='bbox 125 2242 155 2303; x_wconf 80' lang='lat' dir='ltr'><strong>ta</strong></span> <span class='ocrx_word' id='word_1_150' title='bbox 166 2247 287 2308; x_wconf 85' lang='lat' dir='ltr'><strong>miseras</strong></span> <span class='ocrx_word' id='word_1_151' title='bbox 302 2248 389 2309; x_wconf 86' lang='lat' dir='ltr'><strong>iusso</strong></span> <span class='ocrx_word' id='word_1_152' title='bbox 407 2261 539 2322; x_wconf 80' lang='lat' dir='ltr'><strong>corpore</strong></span> <span class='ocrx_word' id='word_1_153' title='bbox 553 2246 674 2321; x_wconf 85' lang='lat' dir='ltr'><strong>quaerit</strong></span> <span class='ocrx_word' id='word_1_154' title='bbox 688 2262 775 2323; x_wconf 87' lang='lat' dir='ltr'><strong>opes.</strong></span> 
     </span>
     <span class='ocr_line' id='line_1_24' title="bbox 40 2321 833 2408; baseline 0.01 -27"><span class='ocrx_word' id='word_1_155' title='bbox 40 2350 67 2377; x_wconf 64' lang='grc' dir='ltr'><em>κ</em></span> <span class='ocrx_word' id='word_1_156' title='bbox 93 2321 209 2391; x_wconf 78' lang='lat' dir='ltr'><strong>telonei</strong></span> <span class='ocrx_word' id='word_1_157' title='bbox 221 2331 379 2408; x_wconf 85' lang='lat' dir='ltr'><strong>imperium</strong></span> <span class='ocrx_word' id='word_1_158' title='bbox 393 2338 494 2391; x_wconf 88' lang='lat' dir='ltr'><strong>tamen</strong></span> <span class='ocrx_word' id='word_1_159' title='bbox 508 2331 586 2391; x_wconf 83' lang='lat' dir='ltr'><strong>haee</strong></span> <span class='ocrx_word' id='word_1_160' title='bbox 602 2330 723 2392; x_wconf 91' lang='lat' dir='ltr'><strong>lenonis</strong></span> <span class='ocrx_word' id='word_1_161' title='bbox 739 2330 833 2404; x_wconf 87' lang='lat' dir='ltr'><strong>avari,</strong></span> 
     </span>
     <span class='ocr_line' id='line_1_25' title="bbox 124 2410 803 2491; baseline 0 -18"><span class='ocrx_word' id='word_1_162' title='bbox 124 2410 156 2473; x_wconf 82' lang='lat' dir='ltr'><strong>Et</strong></span> <span class='ocrx_word' id='word_1_163' title='bbox 166 2416 245 2490; x_wconf 88' lang='lat' dir='ltr'><strong>quad</strong></span> <span class='ocrx_word' id='word_1_164' title='bbox 261 2432 318 2477; x_wconf 89' lang='lat' dir='ltr'><strong>vos</strong></span> <span class='ocrx_word' id='word_1_165' title='bbox 333 2414 434 2477; x_wconf 83' lang='lat' dir='ltr'><strong>tacitis</strong></span> <span class='ocrx_word' id='word_1_166' title='bbox 450 2422 578 2491; x_wconf 86' lang='lat' dir='ltr'><strong>sponte,</strong></span> <span class='ocrx_word' id='word_1_167' title='bbox 601 2422 709 2476; x_wconf 81' lang='lat' dir='ltr'><strong>coacta</strong></span> <span class='ocrx_word' id='word_1_168' title='bbox 723 2415 803 2475; x_wconf 85' lang='lat' dir='ltr'><strong>lacit.</strong></span> 
     </span>
     <span class='ocr_line' id='line_1_26' title="bbox 65 2490 871 2577; baseline 0.007 -25"><span class='ocrx_word' id='word_1_169' title='bbox 65 2497 88 2548; x_wconf 75' lang='lat' dir='ltr'><strong>ts</strong></span> <span class='ocrx_word' id='word_1_170' title='bbox 97 2490 190 2560; x_wconf 90' lang='lat' dir='ltr'><strong>Sumite</strong></span> <span class='ocrx_word' id='word_1_171' title='bbox 204 2501 231 2561; x_wconf 91' lang='lat' dir='ltr'><strong>in</strong></span> <span class='ocrx_word' id='word_1_172' title='bbox 247 2501 421 2577; x_wconf 85' lang='lat' dir='ltr'><strong>exemplum</strong></span> <span class='ocrx_word' id='word_1_173' title='bbox 434 2500 573 2576; x_wconf 76' lang='lat' dir='ltr'><strong>pecudes</strong></span> <span class='ocrx_word' id='word_1_174' title='bbox 588 2500 707 2560; x_wconf 85' lang='lat' dir='ltr'><strong>ratione</strong></span> <span class='ocrx_word' id='word_1_175' title='bbox 722 2507 871 2561; x_wconf 82' lang='lat' dir='ltr'><strong>carentes.</strong></span> 
     </span>
     <span class='ocr_line' id='line_1_27' title="bbox 125 2580 773 2660; baseline 0.003 -20"><span class='ocrx_word' id='word_1_176' title='bbox 125 2580 213 2659; x_wconf 81' lang='lat' dir='ltr'><strong>Turpe</strong></span> <span class='ocrx_word' id='word_1_177' title='bbox 225 2586 293 2660; x_wconf 87' lang='lat' dir='ltr'><strong>erit,</strong></span> <span class='ocrx_word' id='word_1_178' title='bbox 316 2585 471 2660; x_wconf 79' lang='lat' dir='ltr'><strong>ingenium</strong></span> <span class='ocrx_word' id='word_1_179' title='bbox 486 2584 588 2645; x_wconf 90' lang='lat' dir='ltr'><strong>mitius</strong></span> <span class='ocrx_word' id='word_1_180' title='bbox 603 2599 676 2645; x_wconf 88' lang='lat' dir='ltr'><strong>esse</strong></span> <span class='ocrx_word' id='word_1_181' title='bbox 690 2584 773 2644; x_wconf 83' lang='lat' dir='ltr'><strong>lanis.</strong></span> 
     </span>
     <span class='ocr_line' id='line_1_28' title="bbox 94 2658 989 2745; baseline 0.004 -21"><span class='ocrx_word' id='word_1_182' title='bbox 94 2658 146 2723; x_wconf 83' lang='lat' dir='ltr'><strong>Non</strong></span> <span class='ocrx_word' id='word_1_183' title='bbox 162 2684 357 2744; x_wconf 85' lang='lat' dir='ltr'><strong>aquamanus</strong></span> <span class='ocrx_word' id='word_1_184' title='bbox 373 2685 500 2745; x_wconf 90' lang='lat' dir='ltr'><strong>equum,</strong></span> <span class='ocrx_word' id='word_1_185' title='bbox 523 2685 585 2730; x_wconf 89' lang='lat' dir='ltr'><strong>non</strong></span> <span class='ocrx_word' id='word_1_186' title='bbox 601 2674 718 2729; x_wconf 84' lang='lat' dir='ltr'><strong>taurum</strong></span> <span class='ocrx_word' id='word_1_187' title='bbox 736 2684 831 2729; x_wconf 83' lang='lat' dir='ltr'><strong>vacua</strong></span> <span class='ocrx_word' id='word_1_188' title='bbox 845 2666 989 2744; x_wconf 84' lang='lat' dir='ltr'><strong>poposcit</strong></span> 
     </span>
     <span class='ocr_line' id='line_1_29' title="bbox 126 2747 806 2831; baseline 0.006 -24"><span class='ocrx_word' id='word_1_189' title='bbox 126 2747 182 2812; x_wconf 89' lang='lat' dir='ltr'><strong>Non</strong></span> <span class='ocrx_word' id='word_1_190' title='bbox 195 2751 271 2815; x_wconf 87' lang='lat' dir='ltr'><strong>aries</strong></span> <span class='ocrx_word' id='word_1_191' title='bbox 286 2754 431 2831; x_wconf 80' lang='lat' dir='ltr'><strong>placitam</strong></span> <span class='ocrx_word' id='word_1_192' title='bbox 446 2769 573 2815; x_wconf 81' lang='lat' dir='ltr'><strong>munere</strong></span> <span class='ocrx_word' id='word_1_193' title='bbox 589 2760 692 2828; x_wconf 85' lang='lat' dir='ltr'><strong>captat</strong></span> <span class='ocrx_word' id='word_1_194' title='bbox 706 2768 806 2813; x_wconf 88' lang='lat' dir='ltr'><strong>ovem.</strong></span> 
     </span>
     <span class='ocr_line' id='line_1_30' title="bbox 95 2825 780 2914; baseline 0.007 -26"><span class='ocrx_word' id='word_1_195' title='bbox 95 2825 153 2893; x_wconf 82' lang='lat' dir='ltr'><strong>Sola</strong></span> <span class='ocrx_word' id='word_1_196' title='bbox 165 2837 223 2899; x_wconf 87' lang='lat' dir='ltr'><strong>vim</strong></span> <span class='ocrx_word' id='word_1_197' title='bbox 237 2838 346 2901; x_wconf 84' lang='lat' dir='ltr'><strong>mulien</strong></span> <span class='ocrx_word' id='word_1_198' title='bbox 359 2837 469 2914; x_wconf 89' lang='lat' dir='ltr'><strong>spoliis</strong></span> <span class='ocrx_word' id='word_1_199' title='bbox 484 2839 599 2901; x_wconf 84' lang='lat' dir='ltr'><strong>exultat</strong></span> <span class='ocrx_word' id='word_1_200' title='bbox 613 2837 780 2913; x_wconf 84' lang='lat' dir='ltr'><strong>ademptis:</strong></span> 
     </span>
     <span class='ocr_line' id='line_1_31' title="bbox 67 2911 769 2997; baseline 0 -20"><span class='ocrx_word' id='word_1_201' title='bbox 67 2911 90 2968; x_wconf 68' lang='lat' dir='ltr'><strong>il</strong></span> <span class='ocrx_word' id='word_1_202' title='bbox 130 2916 192 2981; x_wconf 87' lang='lat' dir='ltr'><strong>Sola</strong></span> <span class='ocrx_word' id='word_1_203' title='bbox 204 2922 281 2983; x_wconf 83' lang='lat' dir='ltr'><strong>lauat</strong></span> <span class='ocrx_word' id='word_1_204' title='bbox 295 2929 418 2997; x_wconf 78' lang='lat' dir='ltr'><strong>noctes,</strong></span> <span class='ocrx_word' id='word_1_205' title='bbox 440 2924 507 2983; x_wconf 90' lang='lat' dir='ltr'><strong>sola</strong></span> <span class='ocrx_word' id='word_1_206' title='bbox 521 2922 655 2982; x_wconf 80' lang='lat' dir='ltr'><strong>locanda</strong></span> <span class='ocrx_word' id='word_1_207' title='bbox 671 2922 769 2982; x_wconf 81' lang='lat' dir='ltr'><strong>venit:</strong></span> 
     </span>
     <span class='ocr_line' id='line_1_32' title="bbox 94 2994 986 3083; baseline 0.008 -29"><span class='ocrx_word' id='word_1_208' title='bbox 94 2994 220 3067; x_wconf 81' lang='lat' dir='ltr'><strong>llttendit</strong></span> <span class='ocrx_word' id='word_1_209' title='bbox 229 3007 313 3083; x_wconf 90' lang='lat' dir='ltr'><strong>quod</strong></span> <span class='ocrx_word' id='word_1_210' title='bbox 326 3014 490 3081; x_wconf 85' lang='lat' dir='ltr'><strong>utrumque</strong></span> <span class='ocrx_word' id='word_1_211' title='bbox 505 3006 603 3082; x_wconf 83' lang='lat' dir='ltr'><strong>iuvet,</strong></span> <span class='ocrx_word' id='word_1_212' title='bbox 621 3006 706 3083; x_wconf 87' lang='lat' dir='ltr'><strong>quad</strong></span> <span class='ocrx_word' id='word_1_213' title='bbox 722 3011 851 3082; x_wconf 85' lang='lat' dir='ltr'><strong>uterque</strong></span> <span class='ocrx_word' id='word_1_214' title='bbox 864 3002 986 3080; x_wconf 88' lang='lat' dir='ltr'><strong>petebat</strong></span> 
     </span>
     <span class='ocr_line' id='line_1_33' title="bbox 124 3083 805 3168; baseline 0.004 -22"><span class='ocrx_word' id='word_1_215' title='bbox 124 3083 155 3147; x_wconf 85' lang='lat' dir='ltr'><strong>la</strong></span> <span class='ocrx_word' id='word_1_216' title='bbox 167 3091 286 3165; x_wconf 82' lang='lat' dir='ltr'><strong>pretium</strong></span> <span class='ocrx_word' id='word_1_217' title='bbox 303 3089 409 3168; x_wconf 89' lang='lat' dir='ltr'><strong>quanti</strong></span> <span class='ocrx_word' id='word_1_218' title='bbox 422 3090 557 3166; x_wconf 83' lang='lat' dir='ltr'><strong>gaudeat</strong></span> <span class='ocrx_word' id='word_1_219' title='bbox 570 3090 654 3166; x_wconf 87' lang='lat' dir='ltr'><strong>ipsa,</strong></span> <span class='ocrx_word' id='word_1_220' title='bbox 678 3090 760 3150; x_wconf 84' lang='lat' dir='ltr'><strong>lacit.</strong></span> <span class='ocrx_word' id='word_1_221' title='bbox 801 3092 805 3099; x_wconf 82' lang='grc'><em>“</em></span> 
     </span>
     <span class='ocr_line' id='line_1_34' title="bbox 95 3164 889 3252; baseline 0.008 -24"><span class='ocrx_word' id='word_1_222' title='bbox 95 3164 160 3238; x_wconf 80' lang='lat' dir='ltr'><strong>Quae</strong></span> <span class='ocrx_word' id='word_1_223' title='bbox 172 3191 261 3236; x_wconf 88' lang='lat' dir='ltr'><strong>venus</strong></span> <span class='ocrx_word' id='word_1_224' title='bbox 275 3192 315 3236; x_wconf 88' lang='lat' dir='ltr'><strong>ex</strong></span> <span class='ocrx_word' id='word_1_225' title='bbox 330 3191 431 3252; x_wconf 88' lang='lat' dir='ltr'><strong>aequa</strong></span> <span class='ocrx_word' id='word_1_226' title='bbox 446 3180 574 3235; x_wconf 81' lang='lat' dir='ltr'><strong>ventura</strong></span> <span class='ocrx_word' id='word_1_227' title='bbox 588 3181 636 3234; x_wconf 88' lang='lat' dir='ltr'><strong>est</strong></span> <span class='ocrx_word' id='word_1_228' title='bbox 649 3181 736 3249; x_wconf 78' lang='lat' dir='ltr'><strong>grata</strong></span> <span class='ocrx_word' id='word_1_229' title='bbox 751 3174 889 3250; x_wconf 85' lang='lat' dir='ltr'><strong>duobus,</strong></span> 
     </span>
     <span class='ocr_line' id='line_1_35' title="bbox 125 3254 743 3322; baseline 0.005 -7"><span class='ocrx_word' id='word_1_230' title='bbox 125 3254 214 3321; x_wconf 80' lang='lat' dir='ltr'><strong>Altera</strong></span> <span class='ocrx_word' id='word_1_231' title='bbox 228 3277 279 3322; x_wconf 86' lang='lat' dir='ltr'><strong>aur</strong></span> <span class='ocrx_word' id='word_1_232' title='bbox 292 3260 375 3320; x_wconf 92' lang='lat' dir='ltr'><strong>illam</strong></span> <span class='ocrx_word' id='word_1_233' title='bbox 390 3259 495 3321; x_wconf 90' lang='lat' dir='ltr'><strong>vendit</strong></span> <span class='ocrx_word' id='word_1_234' title='bbox 516 3268 546 3322; x_wconf 90' lang='lat' dir='ltr'><strong>et</strong></span> <span class='ocrx_word' id='word_1_235' title='bbox 560 3262 636 3319; x_wconf 86' lang='lat' dir='ltr'><strong>alter</strong></span> <span class='ocrx_word' id='word_1_236' title='bbox 651 3259 743 3319; x_wconf 71' lang='lat' dir='ltr'><strong>emit?</strong></span> 
     </span>
    </p>
   </div>
   <div class='ocr_carea' id='block_1_3' title="bbox 68 3331 849 3590">
    <p class='ocr_par' dir='ltr' id='par_1_3' title="bbox 68 3331 849 3590">
     <span class='ocr_line' id='line_1_36' title="bbox 68 3331 849 3420; baseline 0.01 -24"><span class='ocrx_word' id='word_1_237' title='bbox 68 3331 142 3397; x_wconf 52' lang='lat' dir='ltr'><strong>&amp;Cur</strong></span> <span class='ocrx_word' id='word_1_238' title='bbox 152 3343 216 3405; x_wconf 88' lang='lat' dir='ltr'><strong>mihi</strong></span> <span class='ocrx_word' id='word_1_239' title='bbox 231 3345 270 3406; x_wconf 89' lang='lat' dir='ltr'><strong>sit</strong></span> <span class='ocrx_word' id='word_1_240' title='bbox 284 3346 414 3420; x_wconf 88' lang='lat' dir='ltr'><strong>damno,</strong></span> <span class='ocrx_word' id='word_1_241' title='bbox 437 3345 490 3405; x_wconf 89' lang='lat' dir='ltr'><strong>tibi</strong></span> <span class='ocrx_word' id='word_1_242' title='bbox 506 3343 545 3405; x_wconf 90' lang='lat' dir='ltr'><strong>sit</strong></span> <span class='ocrx_word' id='word_1_243' title='bbox 558 3346 682 3404; x_wconf 83' lang='lat' dir='ltr'><strong>lucrosa</strong></span> <span class='ocrx_word' id='word_1_244' title='bbox 696 3343 849 3418; x_wconf 84' lang='lat' dir='ltr'><strong>voluptas,</strong></span> 
     </span>
     <span class='ocr_line' id='line_1_37' title="bbox 125 3422 795 3503; baseline 0.001 -17"><span class='ocrx_word' id='word_1_245' title='bbox 125 3422 207 3498; x_wconf 75' lang='lat' dir='ltr'><strong>Quam</strong></span> <span class='ocrx_word' id='word_1_246' title='bbox 220 3431 305 3492; x_wconf 85' lang='lat' dir='ltr'><strong>socio</strong></span> <span class='ocrx_word' id='word_1_247' title='bbox 321 3437 406 3492; x_wconf 88' lang='lat' dir='ltr'><strong>motu</strong></span> <span class='ocrx_word' id='word_1_248' title='bbox 420 3428 531 3502; x_wconf 77' lang='lat' dir='ltr'><strong>semina</strong></span> <span class='ocrx_word' id='word_1_249' title='bbox 552 3428 659 3503; x_wconf 83' lang='lat' dir='ltr'><strong>uirque</strong></span> <span class='ocrx_word' id='word_1_250' title='bbox 675 3428 795 3488; x_wconf 70' lang='lat' dir='ltr'><strong>lerunt?</strong></span> 
     </span>
     <span class='ocr_line' id='line_1_38' title="bbox 95 3501 807 3590; baseline 0.01 -25"><span class='ocrx_word' id='word_1_251' title='bbox 95 3501 144 3567; x_wconf 84' lang='lat' dir='ltr'><strong>lion</strong></span> <span class='ocrx_word' id='word_1_252' title='bbox 156 3511 228 3574; x_wconf 84' lang='lat' dir='ltr'><strong>bene</strong></span> <span class='ocrx_word' id='word_1_253' title='bbox 242 3514 385 3577; x_wconf 84' lang='lat' dir='ltr'><strong>conducti</strong></span> <span class='ocrx_word' id='word_1_254' title='bbox 399 3514 537 3574; x_wconf 90' lang='lat' dir='ltr'><strong>vendunt</strong></span> <span class='ocrx_word' id='word_1_255' title='bbox 552 3513 686 3590; x_wconf 80' lang='lat' dir='ltr'><strong>periuria</strong></span> <span class='ocrx_word' id='word_1_256' title='bbox 700 3519 807 3574; x_wconf 74' lang='lat' dir='ltr'><strong>testes</strong></span> 
     </span>
    </p>
   </div>
   <div class='ocr_carea' id='block_1_4' title="bbox 0 0 1238 4042">
    <p class='ocr_par' dir='ltr' id='par_1_4' title="bbox 0 0 1238 4042">
     <span class='ocr_line' id='line_1_39' title="bbox 0 0 1238 4042; baseline 0 0"><span class='ocrx_word' id='word_1_257' title='bbox 0 0 1238 4042; x_wconf 95' lang='lat' dir='ltr'><strong> </strong></span> 
     </span>
    </p>
   </div>
  </div>
 </body>
</html>
