2467 4042
293 260 370 321 Xlll.
393 258 648 321 LAODAMIA
666 257 846 323 «le-126.
1022 258 1080 333 121

130 414 175 474 Ul
190 412 273 490 vidi,
296 412 431 489 ingemui
444 414 600 489 tacitoque
614 413 646 474 in
663 421 787 490 pectore
803 406 880 473 dixi'

77 507 122 562 9⁰
183 497 296 573 ‘signa
309 498 467 560 reversuri
483 496 559 572 sini,
582 513 710 573 precor,
731 497 792 558 isla
805 495 864 558 viri
871 500 891 558 ι’

132 583 226 643 Haeo
241 581 296 643 tibi
311 597 393 643 nuuc
408 583 526 658 refero,
548 597 588 643 ne
602 581 648 643 sis
663 581 821 643 animosus
835 581 867 642 in
881 583 982 644 arnus.

176 668 243 729 Fac
256 683 344 728 meus
358 667 390 726 in
405 673 517 728 ventos
534 666 584 727 hic
597 666 688 729 timor
701 665 802 728 omnis
814 672 872 728 ool.

134 751 218 813 Sors
233 766 359 827 quoque
374 750 482 812 nescio
499 767 590 828 quem
606 751 673 811 lato
687 750 829 826 designat
845 750 961 828 iniquo,

179 834 239 910 Qui
257 835 372 911 primus
389 837 530 898 Danaum
540 835 663 896 Troada
676 841 780 911 longai
795 835 929 897 humum.

79 929 122 985 95
134 920 266 994 Infelix,
289 935 371 996 quse
385 919 485 996 prima
498 921 597 981 virum
614 918 730 994 lugebit
746 919 937 995 ademptum!

178 1002 221 1064 Di
234 1004 361 1078 iaciant,
385 1019 425 1064 ne
438 1011 471 1066 ιιι
485 1012 629 1065 strenuus
645 1018 717 1065 esse
732 1005 827 1069 velis!

132 1090 219 1148 luter
234 1088 315 1150 mille
330 1095 416 1149 mles
431 1095 485 1150 lua
499 1087 539 1150 sil
553 1087 737 1149 millensima
750 1088 877 1165 puppis,

178 1172 309 1249 lamque
326 1172 468 1249 [augelus
483 1173 589 1234 ultima
602 1179 707 1237 verset
721 1188 828 1248 aquus.

132 1257 206 1318 Hoc
221 1273 347 1332 quoque
362 1273 560 1333 praemoneo.
584 1257 719 1323 de‘nave
733 1257 923 1319 novissimus
937 1258 1003 1321 eriz

60 1353 120 1406 100
176 1341 247 1401 Non
262 1348 324 1416 est,
347 1358 410 1416 quo
426 1357 591 1418 properes,
611 1349 693 1404 lerna
709 1348 837 1417 polernu
853 1341 916 1404 libi.

134 1426 214 1487 cum
230 1424 351 1501 venies,
371 1441 522 1502 remoque
536 1441 629 1487 move
644 1426 779 1501 veloque
795 1426 937 1503 carinam,
983 1446 989 1459 ·

179 1510 279 1585 Inque
291 1516 346 1571 luo
361 1512 494 1571 celerem
507 1510 596 1572 litore
610 1510 687 1571 siste
703 1511 848 1586 gradum!

133 1594 213 1655 Sive
226 1594 301 1656 lutet
313 1593 475 1670 Phoebus,
497 1611 555 1659 seu
570 1594 659 1657 lenis
676 1595 765 1657 ollior
781 1601 891 1670 exstat,

177 1678 225 1741 Τιι
238 1676 312 1739 mihi
326 1678 396 1740 luce
412 1679 516 1753 dolor,
538 1686 569 1740 ιιι
586 1678 660 1741 mihi
675 1685 766 1743 nocle
782 1681 886 1743 venis=

63 1776 120 1829 loo
131 1763 231 1826 llocle
245 1769 348 1825 lamen
362 1780 455 1839 quam
470 1764 539 1824 luce
553 1762 662 1839 magis.
685 1778 749 1825 uox
763 1770 849 1839 grele
864 1764 985 1840 puellis,

179 1847 314 1923 Quarum
328 1846 511 1924 subpositus
527 1848 608 1909 colla
621 1848 754 1913 lucerius
769 1847 870 1909 habel.

134 1935 289 2008 Aucupor
305 1932 336 1993 in
350 1933 431 1993 lecto
446 1931 613 1993 mendaces
628 1931 746 1994 caelibe
760 1948 898 1995 somnos.

179 2015 257 2076 Dum
273 2031 366 2077 careo
381 2016 480 2090 veris,
502 2016 617 2093 gaudia
633 2016 713 2079 falsa
726 2017 840 2078 iuveni.

135 2099 201 2163 Sed
218 2108 271 2161 mc
284 2115 341 2161 cur
354 2099 445 2160 nobis
463 2103 584 2176 pallens
601 2101 733 2162 occurrit
747 2102 871 2177 imago?

70 2196 123 2249 llo
179 2182 238 2245 Cur
251 2185 337 2246 venit
351 2200 370 2244 a
383 2184 488 2246 verbis
502 2185 596 2247 multa
611 2185 737 2261 querela
751 2185 833 2247 luisl

132 2268 284 2331 Excutior
302 2284 428 2344 somno,
452 2270 679 2345 simulacraque
696 2270 796 2331 noctis
814 2269 929 2335 adoroa

179 2352 267 2413 Nolle
284 2360 370 2415 caret
385 2354 469 2415 inmo
483 2353 641 2415 Thessalis
656 2368 710 2415 ara
723 2370 811 2416 meo:

133 2438 217 2499 Tura
231 2437 359 2511 murus,
381 2438 601 2514 lacrimamque
616 2453 727 2515 super,
750 2455 811 2515 que
828 2456 940 2515 sparsa
954 2441 1077 2512 relncci

179 2522 219 2584 Ut
233 2523 314 2583 solet
330 2522 442 2584 odioso
460 2538 586 2598 surgere
601 2521 725 2583 flamma
740 2539 834 2584 mero.

70 2621 123 2675 us
135 2606 267 2684 Quando
283 2622 359 2683 ego,
381 2614 413 2668 te
427 2607 571 2668 reducem
587 2607 709 2683 cupidis
726 2609 870 2683 amplexa
885 2609 1017 2682 lacerlis,

179 2690 342 2767 Languida
360 2690 472 2754 laetitia
488 2692 593 2752 solvar
607 2691 646 2752 ab
663 2691 734 2767 ipse
749 2700 838 2753 meai

135 2775 267 2852 Quando
283 2775 355 2850 crit,
377 2781 411 2835 ιιι
425 2776 505 2837 iccio
518 2792 640 2837 mecum
654 2776 734 2838 bene
750 2777 872 2841 iunctus
888 2777 917 2838 in
933 2792 995 2838 uno

179 2859 306 2922 Militiae
320 2860 439 2921 reseras
455 2860 622 2936 splendida
636 2861 716 2923 lucie
731 2868 824 2923 lucer

136 2943 222 3021 Quae
235 2943 309 3004 mihi
324 2945 399 3005 dum
412 2945 544 3020 referes,
564 2945 706 3020 quamvis
720 2946 828 3007 audire
845 2944 968 3021 iuvabit,

73 3040 122 3094 uo
175 3028 273 3090 muru
287 3036 389 3090 lemen
403 3029 508 3106 rapies
522 3030 645 3104 oscula,
667 3031 761 3091 mulla
776 3029 874 3091 dabis.

136 3111 269 3190 Semper
282 3113 313 3174 in
329 3113 379 3174 his
393 3121 465 3190 apte
479 3114 634 3175 narrantis
648 3114 743 3176 verba
756 3114 919 3176 resistunt:

178 3196 353 3274 Promptior
366 3205 415 3260 esl
430 3198 511 3259 dulci
527 3199 633 3274 lingua
646 3200 762 3260 referre
778 3214 873 3261 moro.

138 3280 201 3342 Sed
221 3297 291 3344 cum
302 3281 395 3345 Troia
409 3281 505 3358 subii,
528 3281 663 3345 subcunt
677 3284 821 3359 ventique
836 3284 1017 3360 fretumque.

179 3364 262 3443 Spes
277 3366 361 3429 bono
376 3366 507 3429 sollicito
524 3367 604 3429 vicu
620 3367 728 3429 linmre
743 3368 834 3430 cadit.

72 3461 122 3515 lec
134 3449 202 3511 Hoc
216 3466 359 3528 quoquc,
383 3452 468 3527 quod
484 3451 566 3513 venti
583 3451 747 3529 prohibent
763 3453 848 3515 exire
865 3453 995 3524 carinas,

179 3533 231 3595 lle
245 3542 358 3598 movel
378 3534 483 3597 inullis
498 3536 543 3598 ire
557 3537 675 3613 pararis
690 3538 788 3613 aquis.
