2467 4042
310 212 440 280 308
508 215 519 226 “
616 229 960 269 ennecus
1141 211 1470 268 METAMM
1482 251 1498 268 .

390 390 459 441 80
485 378 755 459 Eripitur
778 427 799 460 ,
842 395 956 441 nec
999 376 1174 444 mella
1217 378 1408 458 thymi
1450 377 1780 442 redolentia
1823 379 1972 440 flore

486 466 744 546 Prodiga
786 465 1017 528 divitias
1060 466 1459 546 alimentaque
1504 469 1669 528 mitia
1711 466 1892 529 tellus

490 555 772 635 Suggerit
807 562 982 635 atque
1019 555 1224 635 epulas
1263 557 1392 616 sine
1429 556 1610 618 caede
1648 564 1711 617 et
1735 559 2022 635 sanguine
2048 556 2328 636 praebet
2349 603 2365 618 .

491 643 680 705 Carne
727 645 890 704 serae
934 641 1144 705 sedant
1184 644 1410 704 ieiunia
1433 690 1453 724 ,
1496 661 1611 704 nec
1654 652 1856 706 tamen
1900 662 2115 706 omnes
2136 692 2153 706 .

491 732 725 812 Quippe
761 748 955 810 equus
991 740 1054 792 et
1086 731 1349 812 pecudes
1375 740 1762 811 armentaque
1788 735 2051 812 gramine
2095 735 2366 794 vivunt:

393 832 460 880 85
489 820 565 882 At
609 818 828 899 quibus
869 821 1177 899 ingenium
1229 827 1325 881 est
1373 822 1935 900 inmansuetumque
1981 822 2324 901 rerumque
2344 871 2367 902 ‚

489 909 921 987 Armeniaeque
964 909 1150 986 tigres
1195 908 1586 987 iracundique
1630 907 1834 970 leones
1849 955 1871 985 ,

490 996 758 1076 Cumque
803 995 960 1075 lupis
1006 999 1136 1058 ursi
1159 1044 1179 1078 ‚
1224 995 1475 1077 dapibus
1518 1014 1659 1058 cum
1702 999 1991 1077 sanguine
2034 997 2324 1076 gaudent
2346 1045 2360 1057 .

488 1085 621 1147 Heu
666 1091 954 1164 quantum
997 1083 1194 1146 scelus
1240 1092 1334 1146 est
1376 1087 1439 1145 in
1484 1086 1712 1146 viscera
1756 1087 1986 1146 viscera
2030 1085 2218 1146 eondi
2232 1134 2256 1166 ,

490 1173 904 1252 Congestoque
950 1172 1186 1234 avidum
1227 1175 1624 1253 pinguescere
1670 1190 1923 1252 corpore
1968 1191 2199 1253 corpus
2214 1221 2236 1256 ‚

395 1273 464 1324 90
491 1261 869 1340 Alteriusque
915 1262 1276 1321 animantem
1322 1263 1635 1322 animantis
1680 1263 1881 1322 vivere
1924 1260 2079 1322 leto!

491 1349 732 1410 Scilicet
772 1351 837 1409 in
882 1351 1060 1409 tantis
1106 1348 1321 1429 opibus
1345 1396 1365 1430 ,
1411 1366 1558 1427 quas
1604 1351 1825 1430 optima
1868 1357 2135 1410 matrum

490 1439 679 1499 Terra
721 1439 880 1517 parit
901 1482 920 1516 ,
966 1436 1051 1496 nil
1097 1444 1157 1499 te
1204 1438 1324 1498 nisi
1367 1439 1563 1498 tristia
1606 1436 1889 1498 mandere
1934 1454 2110 1499 saevo

491 1525 748 1587 Vulnera
792 1523 970 1585 dente
1016 1528 1179 1586 iuvat
1201 1572 1221 1606 ‚
1266 1527 1575 1604 rictusque
1619 1527 1849 1586 referre
1896 1523 2231 1605 Cyclopum
2248 1523 2292 1587 ἱ)

488 1614 613 1676 Nec
635 1661 655 1695 ‚
700 1614 818 1674 nisi
860 1610 1192 1692 perdideris
1237 1612 1418 1675 alium
1441 1660 1461 1694 ‚
1504 1612 1739 1692 placare
1782 1615 2015 1674 voracis

394 1717 462 1766 95
490 1703 568 1765 Et
611 1700 761 1763 male
805 1703 1023 1762 morati
1063 1703 1294 1781 poteris
1336 1703 1559 1763 ieiunia
1601 1702 1827 1763 ventris
1843 1697 1879 1762 2

490 1792 566 1852 At
608 1797 779 1854 vetus
822 1788 922 1850 illa
965 1796 1128 1851 aetas
1153 1836 1173 1870 ,
1218 1791 1318 1850 cui
1361 1789 1613 1852 fecimus
1658 1807 1839 1851 aurea
1880 1805 2102 1851 nomen
2119 1839 2141 1872 ,

493 1877 739 1941 Fetibus
786 1876 1053 1938 arboreis
1099 1884 1205 1958 et,
1252 1895 1399 1956 quas
1441 1877 1663 1940 humus
1709 1876 1924 1939 educat
1947 1925 1967 1959 ,
2002 1878 2217 1940 herbis

494 1968 817 2028 Fortunata
859 1965 976 2026 fuit
998 2013 1018 2046 ‚
1063 1983 1173 2027 nec
1216 1965 1434 2046 polluit
1475 1983 1581 2028 ora
1625 1984 1841 2028 cruore
1860 2013 1875 2029 .

492 2057 662 2118 Tunc
707 2063 770 2117 et
811 2071 948 2116 aves
984 2061 1147 2115 tutae
1191 2071 1433 2116 movere
1475 2072 1585 2134 per
1631 2059 1767 2116 aera
1810 2071 2039 2138 pennas
2053 2102 2077 2137 ,

364 2158 465 2209 100
491 2144 569 2206 Et
611 2143 783 2224 lepus
825 2140 1137 2222 inpavidus
1174 2142 1385 2204 mediis
1430 2144 1651 2204 erravit
1691 2144 1756 2203 in
1800 2141 2003 2205 herbis
2018 2190 2041 2224 ‚

491 2234 616 2295 Nec
661 2249 769 2293 sua
814 2229 1133 2292 credulitas
1178 2234 1405 2310 piscem
1450 2229 1843 2311 suspenderat
1869 2231 2101 2293 hamo:

496 2321 723 2384 Cuncta
765 2322 894 2381 sinc
939 2318 1171 2379 insidiis
1215 2318 1556 2398 nullamque
1600 2321 1872 2380 timentia
1908 2320 2193 2382 fraudem

494 2411 792 2488 Plenaque
835 2409 1000 2488 pacis
1046 2415 1217 2467 erant
1242 2453 1258 2469 .
1310 2415 1628 2488 postquam
1670 2424 1792 2469 non
1834 2407 2001 2469 utilis
2046 2417 2268 2472 auctor

495 2497 761 2561 victibus
795 2489 1005 2557 invidit
1028 2543 1048 2575 ‚
1093 2498 1364 2574 quisquis
1408 2496 1524 2557 fuit
1565 2494 1664 2556 ille
1679 2542 1699 2576 ‚
1743 2497 2013 2576 priorum
2030 2544 2050 2577 ‚

371 2601 470 2651 105
499 2587 946 2666 Corporeasque
993 2582 1174 2663 dapes
1218 2582 1447 2646 avidam
1491 2582 1778 2646 demersit
1818 2586 1883 2645 in
1926 2585 2123 2647 alvum
2139 2633 2160 2668 ,

496 2677 664 2737 Fecit
707 2676 823 2734 iter
861 2670 1116 2733 sceleri.
1169 2674 1480 2752 primaque
1525 2690 1560 2734 e
1607 2671 1787 2734 caede
1833 2672 2099 2735 ferarum

509 2763 822 2826 {maluisse
866 2768 1074 2841 putem
1117 2760 1477 2823 maculatum
1499 2763 1807 2841 ,sanguine
1852 2761 2115 2825 ferrum:

505 2858 681 2934 hique
729 2851 872 2911 satis
917 2850 1115 2910 fuerat
1135 2896 1155 2930 ‚
1200 2857 1594 2928 nostrumque
1638 2850 1903 2930 petentia
1945 2850 2135 2912 letum

505 2946 765 3022 Can-pora
808 2940 989 3000 missa
1032 2940 1169 2999 neci
1211 2937 1369 2999 salva
1411 2939 1632 3017 pietate
1678 2940 1934 3000 fatemur
1955 2985 1971 2999 .

375 3046 473 3094 ns
505 3034 617 3090 Sed
669 3045 843 3108 quam
887 3025 1079 3087 danda
1121 3029 1302 3108 neci,
1343 3034 1467 3088 tam
1510 3044 1632 3088 non
1677 3027 1968 3108 epulanda
2011 3030 2300 3091 suerunt.

505 3122 761 3198 langius
804 3115 943 3177 inde
987 3115 1154 3176 nefas
1199 3074 1389 3196 ahi'it,
1432 3123 1494 3176 et
1534 3115 1726 3196 prima
1768 3123 2015 3195 putatur

509 3210 625 3266 Ιίῡε,
629 3210 706 3270 tia
751 3223 854 3267 sus
900 3205 1193 3265 meruisse
1237 3221 1448 3265 necem
1472 3250 1492 3284 ,
1537 3206 1675 3283 quia
1722 3206 1947 3265 semina
1991 3205 2191 3285 pando

509 3298 549 3354 Ι
561 3303 756 3358 tuerat
798 3299 996 3355 rostro
1043 3309 1331 3371 spemque
1375 3294 1776 3373 interceperat
1819 3295 1992 3354 anni.

509 3386 633 3446 ram
681 3401 856 3463 caper
900 3397 1099 3444 morsa
1141 3379 1361 3443 Bacchi
1403 3389 1695 3443 mactatus
1739 3380 1813 3443 ad
1858 3399 1989 3443 aras

377 3490 473 3534 115
509 3478 732 3534 istit-itur
776 3471 988 3534 ultoris
1016 3516 1034 3534 .
1087 3475 1297 3532 nocuit
1338 3487 1446 3532 sua
1483 3469 1655 3551 culpa
1699 3470 1965 3534 duobus,

509 3562 657 3630 Quid
696 3563 1000 3622 meruistis
1037 3576 1178 3621 oves
1203 3606 1223 3640 ,
1259 3559 1557 3640 placidum
1589 3577 1777 3640 pecus
1800 3606 1822 3642 ‚
1866 3562 2049 3640 inque
2087 3561 2351 3624 tuendos
