2467 4042
429 228 465 280 11.
484 239 509 280 11
525 231 649 280 tlt-111
664 230 706 279 50.
1009 226 1072 291 149

105 405 137 456 15
153 393 228 471 [Nec
247 393 305 455 nisi
320 391 399 471 quod
418 391 555 471 prodest,
575 408 677 452 carum
697 398 757 471 est,
776 399 821 470 et,
840 391 962 453 detrahe
980 395 1073 454 menti

198 481 287 562 Spem
310 480 428 541 tructus
450 478 573 559 avidae,
595 497 684 540 nemo
706 478 853 558 petendus
877 482 934 541 erit
944 479 965 558 .]

125 607 129 616 ·
151 570 190 632 ht
207 570 323 632 reditus
341 571 399 629 iam
414 570 541 647 quisque
560 585 632 628 suos
650 576 745 647 amat,
764 575 795 628 et
813 567 870 629 sihi
888 568 960 647 quid
979 572 1018 632 sit
1029 581 1073 636 (45)

198 657 298 737 Utile,
321 657 455 719 sollicitis
478 664 620 736 supputat
642 655 793 717 articulis.

152 746 228 808 lllud
250 747 395 808 amicitiae
419 744 568 826 quondam
590 744 758 806 venerabile
781 762 892 806 numen
958 764 961 767 ’

104 847 138 898 20
197 835 315 897 Prostat
338 837 422 896 etin
445 842 572 913 quaestu
595 851 651 913 pro
674 836 832 895 meretrice
856 835 958 896 sedet.

153 925 219 997 Quo
242 925 336 1003 magis
359 923 512 1002 admiror,
534 939 617 1002 nou,
641 930 675 983 ut
697 921 882 984 torrentibus
907 922 1011 1005 undis,

197 1012 369 1074 Communis
392 1012 456 1073 vitii
479 1019 508 1072 te
533 1028 652 1090 quoque
675 1009 740 1072 labe
763 1009 861 1071 trahi.

151 1099 289 1179 Diligitur
313 1117 423 1180 nemo,
445 1100 505 1160 uisi
527 1101 577 1160 cui
599 1100 719 1159 fortuna
742 1100 872 1160 secunda
895 1109 959 1162 est:

197 1188 278 1260 Quae
303 1187 391 1249 simul
414 1189 566 1267 intonuit,
589 1189 723 1266 proxima
747 1205 881 1267 quaeque
905 1189 1003 1266 lugat.

104 1288 138 1338 25
153 1277 199 1339 En
222 1295 277 1356 ego
290 1324 300 1357 ‚
323 1294 383 1337 non
406 1277 510 1355 paucis
533 1275 681 1354 quondam
705 1279 838 1337 munitus
862 1279 980 1360 amicis,

198 1365 274 1426 uum
297 1365 378 1425 ssarit
399 1363 473 1424 velis
495 1381 567 1425 aura
590 1364 721 1425 secunda
744 1368 836 1444 meis,

153 1451 192 1516 Ut
214 1454 277 1516 iera
301 1451 438 1513 nimboso
460 1459 636 1513 tumuerunt
658 1469 786 1531 aequora
809 1462 916 1534 rento,

198 1540 232 1602 ln
255 1539 360 1601 mediis
383 1540 480 1601 lacera
503 1558 577 1601 nare
600 1540 755 1619 relinquor
778 1543 879 1619 aquis.

154 1629 289 1710 Cumque
312 1629 361 1690 alii
384 1628 480 1690 nolint
502 1631 591 1689 etiam
614 1646 662 1689 me
686 1641 774 1689 nosse
797 1629 908 1710 videri,

105 1731 139 1780 30
197 1717 251 1778 Vix
274 1718 333 1779 duo
356 1720 490 1797 proiecto
512 1725 612 1778 tresre
635 1717 747 1777 tulistis
769 1735 872 1797 opem.

155 1807 289 1880 Quorum
312 1816 345 1868 tu
363 1807 525 1886 princeps.
567 1824 664 1885 neque
689 1807 769 1866 enim
792 1823 892 1867 comes
911 1823 998 1888 esse,
1023 1808 1075 1869 sed

704 1903 825 1975 auctor,

198 1982 260 2044 Nec
282 1992 386 2063 petere
409 1981 599 2062 exemplum,
623 1981 677 2043 sed
700 1983 769 2044 dare
793 1983 901 2063 dignus
925 2001 1008 2046 eras.

153 2071 219 2151 l'e,
241 2071 315 2134 nihil
338 2088 374 2132 ex
398 2079 485 2150 aeto,
509 2073 568 2131 uisi
590 2088 651 2131 nou
673 2089 813 2151 peccasse
836 2079 1004 2154 petentem,

198 2160 311 2239 Sponte
335 2178 388 2221 sua
411 2158 544 2238 probitas
567 2159 758 2240 officiumque
782 2162 879 2222 iuvat.

106 2262 140 2311 35
155 2248 256 2310 iudice
280 2259 309 2310 te
332 2247 470 2310 mercede
493 2257 576 2309 caret
598 2265 653 2327 per
675 2266 768 2328 seque
791 2249 918 2329 petenda
941 2258 987 2312 est

198 2336 337 2398 Externis
361 2339 455 2397 virtus
478 2338 649 2397 incomitata
671 2336 775 2399 honis.

153 2425 254 2505 Turpe
276 2433 364 2504 putas
387 2424 487 2505 abigi,
510 2428 578 2503 quia
601 2427 642 2485 sit
663 2425 871 2506 miserandus,
894 2427 1039 2509 amicum,

198 2512 343 2592 Quodque
367 2515 407 2574 sit
428 2512 531 2574 infelix
544 2562 553 2593 ,
576 2512 714 2574 desinere
737 2532 802 2576 esse
827 2523 928 2577 tuum.

154 2601 255 2663 Mitius
278 2611 324 2663 est
347 2602 424 2662 lasso
448 2603 573 2681 digitum
596 2620 766 2683 supponere
789 2611 908 2685 mento,
1029 2615 1074 2669 (stt

105 2703 140 2754 40
198 2689 334 2770 Mergane
357 2708 445 2770 quam
468 2690 589 2770 liquidis
612 2709 664 2752 ora
687 2695 815 2753 natantis
838 2695 942 2772 aquis.

154 2778 271 2860 Cerne,
295 2780 366 2859 quid
390 2779 532 2840 Aeacides
559 2789 628 2859 post
655 2788 782 2843 mortem
801 2788 940 2860 praestet
964 2784 1075 2843 amico:

196 2868 293 2930 Instar
314 2876 348 2929 et
369 2867 445 2929 hanc
468 2869 556 2928 vitam
581 2870 686 2930 mortis
709 2867 818 2931 hahere
842 2878 929 2949 puta.

154 2955 320 3018 Pirithoum
343 2955 478 3017 Theseus
502 2955 618 3036 Stygias
642 2960 791 3019 comitavit
814 2957 850 3018 ad
875 2957 986 3018 undas:

197 3046 221 3104 h
245 3044 346 3123 Stygia
370 3052 513 3123 quantum
536 3062 603 3103 sors
626 3062 690 3105 mea
715 3045 805 3105 distat
828 3040 925 3123 aqua?

104 3143 138 3194 45
152 3131 256 3193 Adfuit
276 3133 382 3192 insano
404 3132 521 3191 iuvenis
543 3130 680 3192 Phoceus
703 3130 845 3193 Orestae:

197 3219 236 3280 Et
258 3237 324 3280 mea
347 3236 406 3280 nou
430 3219 585 3279 minimum
609 3217 695 3298 culpa
719 3218 830 3280 luroris
853 3218 960 3280 hahet.

153 3307 197 3370 'lu
223 3325 343 3388 quoque
367 3323 541 3386 magnorum
565 3307 667 3368 laudes
690 3307 811 3369 admitte
835 3311 986 3388 virorum,

198 3397 295 3475 thue
319 3397 415 3476 iacis,
438 3394 520 3475 lapso
544 3413 632 3474 quam
655 3405 762 3479 potes,
786 3397 858 3458 atter
881 3414 985 3474 opem.

153 3487 185 3549 Si
207 3485 285 3547 hene
308 3493 338 3547 te
361 3487 452 3567 novi,
475 3486 502 3545 si
525 3484 603 3564 quod
628 3486 713 3563 prius
736 3502 801 3547 esse
825 3485 959 3565 solebas,

102 3588 137 3638 50
195 3574 283 3637 Nunc
306 3592 425 3656 quoque
449 3591 504 3655 es,
531 3582 620 3652 atque
648 3575 739 3635 animi
765 3591 825 3636 non
853 3571 988 3636 cecidere
1012 3573 1073 3655 tui,
