2467 4042
449 227 506 297 Vl,
525 235 683 284 ddi-408.
789 249 905 286 maras
1008 232 1069 297 117

139 394 237 457 Nunc
258 395 393 475 prolerre
417 404 528 478 caput3
550 414 665 458 summo
689 396 776 458 modo
798 400 915 478 gurgite
938 416 1027 481 nare,

142 484 246 565 Saepe
270 502 360 564 super
382 486 478 564 ripam
502 488 597 566 stagni
619 487 806 569 consistere,
829 505 917 567 saepe

140 573 181 634 ln
208 572 318 651 gelidos
340 573 457 635 resilire
476 574 579 635 lacus.
606 575 660 637 sed
683 592 763 636 nunc
786 593 905 655 quoque
928 584 1031 656 turpes

63 673 126 724 ato
141 660 266 722 Litihus
288 670 430 724 exercent
451 662 589 744 linguas,
611 663 757 744 pulsoque
780 663 913 747 pudore,

142 751 289 822 Quamvis
303 752 363 812 sint
376 749 432 812 sub
447 764 540 833 aqua,
558 750 614 813 sub
629 770 705 832 aquia
719 752 895 815 maledicere
909 761 1070 834 temptant.

141 838 213 900 Vox
226 847 347 919 quoque
359 841 417 901 iam
432 849 598 923 reuocent,
616 841 776 922 inflataque
795 841 868 902 colla
882 849 1072 925 tumescunt,

143 928 275 1008 Ipsaque
298 928 422 990 dilatant
443 929 559 1009 patulos
582 931 717 992 convicia
739 932 850 993 rictus.

143 1017 246 1095 Terga
268 1025 358 1097 caput
380 1026 526 1099 tangunt,
550 1018 625 1080 colla
646 1021 814 1099 intercepta
836 1019 992 1094 videntum

69 1119 128 1169 ³80
145 1105 242 1185 Spina
263 1107 362 1187 riret3
384 1115 510 1189 venter,
532 1125 602 1188 pars
625 1110 751 1169 maxima
770 1110 926 1190 corporis,
950 1109 1045 1172 albetz

144 1194 328 1274 Limosoque
351 1212 444 1256 norae
467 1196 576 1258 saliunt
598 1197 630 1258 ln
653 1199 771 1277 gurgite
794 1193 925 1273 ranae?

194 1283 244 1345 Sic
266 1282 319 1345 ubi
341 1285 442 1346 nescio
465 1287 533 1365 qrris
555 1284 644 1365 Lycia
666 1285 703 1346 de
726 1294 815 1365 gente
837 1289 970 1349 virorum

145 1372 275 1436 Rettulit
297 1375 443 1456 exitium,
466 1377 557 1454 satyri
580 1376 784 1436 reminiscitur
807 1374 899 1456 alter,

146 1462 244 1534 Quem
267 1461 436 1524 Tritoniaca
458 1461 569 1524 Latous
590 1463 757 1524 harundine
780 1465 891 1525 victum

75 1562 131 1612 ³85
145 1551 255 1612 difecit
276 1568 394 1630 poena.
423 1547 505 1630 ‘quid
528 1569 576 1613 me
599 1551 671 1613 mihi
693 1551 825 1613 detrahis
839 1546 868 1613 θ’
890 1554 1005 1632 inquit:

148 1635 207 1701 ‘ill
229 1642 334 1722 piget,
357 1638 395 1701 al
418 1657 479 1701 non
503 1635 560 1701 est'
583 1639 727 1702 clamabat
751 1637 834 1701 ‘tibia
856 1637 961 1702 tantil'

149 1727 293 1790 Clamanti
316 1730 393 1789 cutis
415 1737 463 1793 est
484 1746 616 1790 summos
640 1729 755 1810 direpta
777 1746 833 1810 per
854 1737 956 1813 artus,

148 1816 209 1878 Nec
223 1819 384 1896 quicquam
397 1818 457 1879 nisi
447 1817 577 1879 vulnus
591 1826 677 1879 erat.
701 1835 791 1879 cruor
810 1818 941 1923 undique
956 1827 1071 1901 manat,

147 1905 324 1984 lletectique
346 1913 448 1985 patent
470 1908 554 1968 nervi
567 1886 792 1989 ,trepidaeque
815 1910 879 1968 sine
902 1907 961 1969 ulle

81 2006 134 2055 seo
146 1994 227 2055 Pelle
250 1995 363 2055 micant
384 2012 498 2076 renae3
520 1954 653 2057 salientia
675 1998 789 2057 viscera
811 1997 912 2078 possis

145 2082 184 2144 Ει
205 2081 399 2163 perlucentes
421 2100 579 2145 numerare
602 2086 634 2145 ln
656 2092 780 2164 pectere
801 2082 907 2145 flbras.

145 2170 233 2233 lllum
256 2171 427 2254 ruricolae,
449 2171 590 2234 silvarum
612 2175 756 2253 numina,
778 2172 873 2233 Fauni

146 2258 184 2322 Et
207 2262 300 2339 satyri
323 2261 430 2321 iratres
454 2269 485 2321 et
506 2269 579 2322 tunc
603 2279 722 2341 quoque
745 2278 833 2322 carus
856 2260 997 2341 Olympus

146 2346 186 2409 Et
208 2348 356 2428 nymphae
379 2347 490 2411 tlcrunt
502 2397 511 2430 ,
534 2357 566 2410 ct
587 2352 723 2430 quisquis
746 2348 897 2411 montibus
920 2349 978 2411 illis

87 2447 133 2496 tto
147 2436 371 2516 Lanigerosque
394 2455 500 2518 greges
523 2446 716 2518 armentaque
739 2437 850 2500 bucera
872 2440 969 2518 pavit.

147 2524 269 2587 Fertilis
287 2524 458 2608 inmaduit,
481 2526 703 2607 madefactaque
727 2534 808 2588 terra
830 2526 956 2587 caducas

148 2612 293 2693 Concepit
314 2613 451 2675 lacrimas
474 2632 509 2676 ac
530 2618 614 2676 renis
636 2614 768 2696 perbibit
789 2617 874 2678 imis:
974 2627 996 2669 t·
1010 2627 1070 2669 ιιι.

149 2701 229 2773 Quas
253 2700 305 2763 ubl
327 2701 400 2764 lecit
422 2720 550 2785 amram,
573 2722 679 2765 vacuas
703 2705 801 2765 emisit
823 2705 854 2765 in
878 2722 982 2765 auras.

149 2789 220 2850 lude
243 2797 350 2870 petens
373 2792 509 2871 rapidum
531 2794 605 2872 ripis
629 2791 792 2854 declivibus
815 2810 927 2872 aequor

90 2877 264 2958 toollmsya
286 2896 394 2940 nomen
417 2878 507 2941 habet
518 2926 528 2961 ‚
550 2880 695 2960 Phrygiae
718 2880 932 2961 liquidissimus
960 2882 1071 2942 amnis.

191 2965 314 3028 Talibus
337 2968 484 3048 extemplo
508 2968 585 3030 redit
607 2970 644 3031 ad
667 2971 835 3050 praesentia
857 2970 945 3031 dictis

150 3052 283 3137 Vulgus,
306 3063 338 3116 et
360 3058 524 3117 extinctum
547 3074 615 3118 cum
640 3060 733 3138 stirpe
756 3057 920 3138 Amphiona
942 3057 1042 3136 luget.

150 3141 241 3204 blater
264 3146 296 3204 in
319 3144 427 3205 invidia
450 3152 518 3205 cst.
545 3144 622 3206 hanc
640 3154 713 3207 tnnc
732 3165 850 3226 quoqne
871 3147 980 3207 dicitur
995 3163 1073 3207 unus

149 3229 248 3292 Flesse
270 3230 400 3312 Pelops,
423 3250 611 3317 umeroque,
634 3252 703 3295 suas
726 3253 743 3296 a
771 3243 893 3314 pectore
915 3242 1073 3314 postquam

93 3318 269 3380 insitiuum
291 3329 411 3403 restes,
433 3319 511 3382 ebur
533 3322 701 3383 ostendisse
724 3325 864 3384 sinistro.

150 3405 294 3468 Concolor
316 3407 366 3470 hic
389 3425 512 3471 umerus
535 3411 677 3472 nascendi
700 3420 834 3492 tempore
857 3411 962 3473 dextro

150 3493 377 3576 Corporeusque
400 3497 478 3558 luit.
506 3497 643 3560 manibus
667 3516 734 3559 mcx
758 3517 844 3559 caesa
866 3500 998 3578 paternis

149 3580 278 3644 llembra
292 3585 396 3645 lerunt
408 3586 541 3645 iunxisse
556 3585 646 3646 deos.
666 3585 790 3663 aliisque
804 3587 950 3664 repertis,
976 3596 997 3635 t·
1006 3595 1073 3636 xoffl·
