2467 4042
206 223 273 290 254
616 226 810 279 Paetorum

338 390 447 452 Sectus
468 389 592 452 humum
615 394 679 452 rivo
703 390 770 451 lene
793 394 925 452 sonantis
950 412 1072 473 aquae.

229 492 281 542 tob
294 478 357 541 Illic
380 479 559 559 Tarquinius
584 480 719 540 mandata
741 480 861 540 latentia
884 484 946 542 nati

341 569 478 647 Accipit,
500 578 532 628 ct
554 570 635 647 virga
658 568 718 628 iiiia
741 586 854 628 summa
878 572 982 631 metit.

294 656 424 717 Nuntius
446 665 481 717 ut
502 656 613 735 rediit,
636 657 820 735 decussaque
842 656 901 716 litia
925 657 1020 739 dixit,

339 745 431 805 Filius
454 739 599 824 ‘agnosco
622 747 703 805 iussa
725 741 874 824 parentis’
898 748 958 807 ait.

294 833 355 894 Nee
379 851 460 893 mora
473 880 483 912 ,
506 833 692 912 principibus
715 836 808 894 caesis
831 853 868 894 ex
891 833 967 895 urbe
991 835 1132 919 Gabina,

229 934 282 983 710
339 921 511 982 Treduutur
533 921 660 982 ducibus
684 925 797 982 moenia
822 923 907 982 nuda'
923 925 1004 985 suis.

294 1008 395 1090 Eece,
417 1011 501 1070 netas
523 1012 611 1087 risu,
636 1010 740 1070 mediis
763 1010 904 1070 altaribus
928 1015 1038 1089 anguis

338 1097 406 1158 Exit
418 1147 429 1177 ,
452 1107 483 1158 et
505 1100 645 1158 extinctis
668 1097 785 1177 ignibus
809 1108 875 1159 exta
898 1102 993 1177 rapit.

294 1186 467 1248 consulitur
489 1186 650 1248 Phoebus.
691 1205 757 1247 sors
780 1197 827 1247 est
848 1189 888 1248 ita
910 1187 1054 1270 reddita,
1082 1186 1180 1253 ‘matu

338 1275 396 1346 Qui
418 1274 536 1335 dederit
556 1278 698 1355 princeps
720 1276 843 1357 oscula,
866 1278 959 1335 victor
983 1280 1044 1339 erit
1057 1273 1080 1340 .'

228 1375 280 1425 tlb
294 1362 402 1424 Oscula
425 1366 551 1443 quisque
574 1382 646 1424 suae
669 1367 756 1424 matri
779 1374 934 1444 properata
956 1364 1123 1447 tulerunt,

337 1451 402 1512 Non
426 1452 576 1512 intellecto
599 1452 720 1513 creduto
743 1452 831 1512 turba
853 1453 925 1513 deo.

293 1539 405 1601 Brutus
427 1550 492 1601 crat
513 1540 598 1600 stubi
621 1543 738 1620 sapiens
761 1542 912 1621 imitator,
936 1551 969 1602 nt
992 1555 1081 1605 esset

338 1628 434 1689 Tutus
457 1628 494 1689 ab
517 1630 655 1709 insidiis,
678 1630 742 1690 dire
766 1628 923 1708 Superbe,
946 1632 1023 1691 tuis.

293 1715 345 1777 ttte
367 1720 468 1778 iacens
490 1735 604 1798 pronus
626 1721 714 1778 matri
737 1717 819 1778 dedit
841 1718 941 1778 oscula
963 1717 1102 1800 Terrae,

228 1816 280 1867 770
336 1804 475 1866 Creditus
497 1808 610 1866 ouenso
634 1806 829 1885 procubuisse
853 1806 943 1887 pede.

293 1892 429 1972 Cingitur
451 1896 564 1955 interea
587 1894 728 1954 Romanis
750 1895 845 1956 Ardea
867 1896 977 1974 signis,

338 1981 377 2042 Et
398 1986 511 2062 patitur
532 1981 628 2043 lentas
650 1982 804 2043 obsidione
827 2001 940 2044 moras.

292 2068 369 2131 Dum
392 2081 475 2132 vacat
487 2121 496 2151 ,
519 2080 550 2131 et
572 2080 710 2132 metuunt
732 2071 833 2132 bostes
856 2073 1042 2132 committere
1069 2093 1179 2158 pugna

338 2159 464 2221 {truditur
487 2164 517 2221 in
541 2163 669 2238 castris,
692 2162 752 2220 otia
775 2161 859 2221 miles
882 2163 957 2240 agit.

228 2256 280 2307 tto
294 2248 474 2327 Tarquinius
495 2251 611 2309 iuvenis
635 2252 732 2308 socios
754 2247 938 2327 dapibusque
961 2265 1114 2330 meroque

337 2339 473 2416 Accipit.
514 2355 550 2397 ex
573 2337 633 2398 ittis
655 2355 726 2415 rege
749 2348 867 2397 creatus
890 2341 947 2398 ait:

294 2420 384 2486 ‘Dum
409 2444 464 2486 uos
486 2425 615 2485 difficilis
638 2427 722 2505 pigro
746 2434 829 2486 tenet
851 2426 945 2486 Ardea
969 2423 1073 2506 betto,

337 2514 397 2574 Nec
421 2517 492 2576 sinit
514 2514 550 2574 ad
574 2517 686 2593 patrios
708 2532 788 2574 arma
812 2515 926 2575 reterre
948 2513 1037 2591 deos,

293 2601 407 2681 Ecquid
431 2606 461 2663 in
485 2604 582 2663 officio
606 2612 690 2685 torus
713 2612 759 2663 est
782 2599 929 2663 socialis?
961 2610 991 2663 et
1014 2605 1132 2682 ecquid

227 2703 278 2753 730
337 2691 519 2769 Coniugibus
542 2694 653 2751 nostris
676 2700 779 2752 mutua
802 2709 873 2752 cura
897 2685 1041 2751 sumus?'

293 2780 425 2858 Quisque
448 2798 532 2840 suam
556 2780 676 2840 iaudat.
718 2780 825 2840 studiis
847 2782 1006 2840 certamina
1030 2794 1180 2845 crescunt

336 2868 374 2929 Et
398 2870 513 2929 ferrent
536 2869 628 2928 multo
652 2869 810 2947 linguaque
833 2887 945 2947 corque
968 2885 1070 2930 mero.

293 2956 417 3036 Surgit,
440 2959 488 3017 cui
511 2957 634 3017 dederat
656 2958 769 3017 clarum
792 2956 912 3017 Collatia
937 2974 1063 3017 nomen:

338 3043 418 3106 ‘Non
442 3064 517 3124 opus
540 3054 587 3105 est
609 3044 708 3105 verbis
721 3094 730 3124 ,
753 3045 865 3106 credite
889 3045 978 3106 rebus
993 3038 1016 3105 !'
1040 3045 1103 3106 ait.

228 3146 279 3196 teo
293 3130 373 3195 ‘Nox
397 3143 556 3215 superest.
598 3133 735 3195 tollamur
758 3136 865 3213 equis,
890 3133 1058 3212 Urbemque

840 3218 1008 3301 petamus!'

336 3310 419 3372 Dicta
442 3311 580 3391 placent,
603 3311 696 3371 irenis
719 3311 913 3390 inpediuntur
936 3312 1020 3389 equi.

292 3399 480 3459 Pertuieront
503 3401 660 3460 dominos.
702 3400 809 3478 regalia
832 3403 969 3478 protinus
991 3397 1032 3458 itti

336 3485 425 3544 Tecta
449 3496 576 3562 petunt:
608 3496 709 3546 custos
733 3489 763 3546 in
787 3489 850 3546 iore
874 3488 973 3546 nuribus
995 3494 1076 3546 erat:

292 3570 369 3629 Ecce
394 3589 488 3630 nurus
510 3575 589 3648 regis
613 3574 687 3632 fusis
710 3592 764 3652 per
787 3574 861 3633 coita
884 3575 1001 3634 coronis
