2467 4042
430 231 504 301 VH,
523 235 681 287 eac-too.
774 250 907 287 crannus
1002 233 1065 298 145

61 410 118 461 oro
134 399 257 460 Phocus
280 400 312 459 in
335 399 462 461 interius
485 398 614 478 spatium
636 397 837 480 pulchrosque
860 416 998 461 recessus

136 487 320 568 Cecropidas
343 486 447 567 ducit,
471 504 540 548 oum
563 489 631 566 quis
653 487 742 548 simul
764 490 828 568 ipse
851 487 980 549 resedit.

134 577 253 656 Aspicit
275 574 418 637 Aeoliden
441 577 542 655 ignota
564 593 601 637 ex
625 574 731 637 arbore
754 577 865 638 factum

134 664 233 727 Ferre
256 682 348 726 manu
370 664 523 745 iaculum,
547 665 633 725 cuius
656 665 714 725 fuit
735 683 825 726 aurea
848 666 966 744 cuspis.

134 753 238 815 Pauca
259 756 345 833 prius
368 750 476 813 mediis
499 750 688 814 sermonibus
711 752 760 813 ille
783 753 900 815 locutus

62 853 118 903 oro
136 837 227 903 ‘Sum
249 858 407 903 nemorum
430 836 595 902 studiosus'
619 843 661 901 ait
684 836 853 921 ‘caedisque
876 842 1007 923 ferinae3

136 929 204 1002 Qua
227 939 328 992 tamen
351 948 368 991 e
391 929 463 992 silva
484 936 588 991 teneas
611 928 717 990 hastile
740 933 888 1012 recisum,

134 1017 305 1081 Iandudum
328 1016 454 1080 dubito:
477 1026 559 1080 certe
581 1019 608 1079 si
631 1018 764 1080 fraxinus
787 1027 884 1101 asset,

137 1107 233 1169 Fulra
255 1107 355 1168 colore
379 1107 480 1189 ioret3
502 1108 529 1168 si
552 1124 663 1181 cornus
675 1154 685 1189 ,
707 1106 804 1169 nodus
825 1109 954 1171 inesset.

139 1195 228 1258 Unde
250 1198 313 1278 sit,
335 1197 462 1281 ignoro.
490 1193 543 1256 sed
566 1213 627 1256 non
650 1194 810 1257 formosius
832 1197 890 1257 isto

62 1295 119 1346 ooo
136 1283 286 1347 Viderunt
308 1284 388 1345 oculi
410 1282 504 1345 telum
526 1282 681 1345 iaculabile
704 1278 830 1346 nostri?

133 1372 257 1453 Excipit
280 1371 397 1435 Actaeis
421 1389 437 1433 a
459 1370 603 1434 fratribus
626 1371 724 1485 aiter3
746 1380 778 1435 et
800 1368 900 1434 ‘usum

134 1460 281 1523 Maiorem
303 1462 404 1542 specie
426 1455 586 1522 mirabero’
609 1459 685 1522 dfxit
718 1462 751 1522 in
772 1462 849 1523 isto.

136 1549 342 1630 Consequitur
365 1549 575 1629 quodcumque
596 1551 696 1630 petit,
718 1549 897 1630 fortunaque
920 1550 1044 1610 missum

136 1637 207 1700 Non
228 1640 330 1720 regit,
352 1644 384 1699 st
405 1636 519 1699 revolat
541 1636 624 1699 nulio
647 1637 797 1699 referente
821 1646 978 1699 cruentum
988 1632 1007 1698 .’

64 1739 121 1789 tuo
139 1726 219 1789 Tum
241 1744 312 1789 vero
335 1727 451 1788 iuvenis
473 1724 601 1788 Nereius
624 1728 723 1788 omnia
746 1728 880 1809 quaerit,

139 1814 203 1877 Cur
224 1817 286 1899 sit,
308 1823 340 1876 et
360 1813 440 1877 unde
464 1813 588 1896 datum,
612 1816 680 1894 qufs
703 1817 778 1876 tanti
796 1817 929 1877 muneris
944 1822 1064 1877 auctor.

140 1904 223 1976 Quae
245 1905 343 1984 petit,
365 1903 415 1965 ille
437 1904 553 1965 refert.
582 1901 635 1965 sed
650 1904 730 1965 enim
744 1921 866 1965 narrare
881 1903 990 1985 pudori
1002 1912 1065 1983 ost,

140 1992 207 2064 Oua
229 1992 332 2054 tuterit
353 1991 515 2054 mercede.
543 1989 633 2074 silet,
655 1998 813 2072 tactusquo
835 1991 937 2054 dolore

139 2080 282 2161 Coniugis
304 2083 429 2143 amissae
452 2080 582 2143 lacrimis
604 2081 646 2142 ita
669 2080 748 2142 fatur
771 2080 903 2143 obortis:

65 2183 124 2234 oso
139 2166 216 2232 ‘Hoc
230 2187 301 2251 me,
318 2178 387 2232 nate
401 2169 479 2252 dea,
499 2201 541 2213 —
558 2170 625 2248 quis
638 2170 734 2250 possit
747 2169 871 2231 credero
884 2164 903 2230 f
917 2200 959 2212 —
975 2168 1064 2231 telum

138 2259 227 2320 Flere
250 2259 320 2320 fecit
332 2305 343 2340 ,
365 2258 512 2338 facietque
535 2256 609 2338 diu,
632 2260 658 2319 sf
681 2259 779 2319 vivere
802 2256 889 2322 uobis

138 2346 213 2409 Fata
235 2346 287 2408 diu
310 2345 470 2408 dederint.
498 2346 555 2407 hoc
578 2363 626 2406 me
650 2363 719 2407 oum
742 2348 868 2427 coniuge
891 2362 960 2408 cara
1036 2378 1040 2383 ·

139 2435 296 2497 Perdidit.
322 2435 381 2496 hoc
404 2437 519 2497 utinam
541 2435 706 2496 caruissem
728 2451 853 2497 munere
877 2433 1012 2515 semper!

139 2524 261 2586 Procris
284 2533 349 2586 erat
360 2571 371 2605 ,
393 2526 420 2586 si
442 2524 519 2585 forte
542 2524 635 2602 magis
658 2523 853 2604 pervenitad
876 2540 964 2584 aures

69 2625 125 2675 too
141 2612 277 2692 Orithyia
301 2621 390 2695 tuns,
412 2621 514 2693 raptae
537 2629 624 2673 soror
647 2610 817 2692 Orithyiam

140 2701 175 2762 Si
197 2700 303 2762 faciem
326 2718 485 2780 moresque
508 2700 582 2762 velis
604 2700 742 2761 conferre
766 2699 911 2782 duarum,

139 2789 265 2869 Dignior
278 2792 342 2869 ipsa
355 2791 421 2870 rapi
435 2836 442 2850 .
469 2796 556 2868 pater
574 2788 652 2850 hanc
666 2787 738 2851 mihi
751 2790 849 2850 iunxit
861 2788 1065 2871 Erechtheus,

139 2877 224 2940 flauo
246 2876 320 2939 mihi
342 2879 440 2940 iunxit
462 2894 567 2939 amor.
595 2877 666 2938 felix
688 2876 808 2938 dicebar
831 2895 989 2959 eramque.

21 2979 44 3027 ο
139 2965 208 3027 Non
230 2967 271 3028 ita
292 2965 340 3028 dis
363 2968 459 3028 visum
482 2974 551 3048 ast,
573 2972 626 3027 aut
647 2983 728 3028 nunc
750 2983 869 3048 quoque
892 2967 1016 3029 forsitan

949 3073 1063 3118 essem.

72 3158 126 3209 too
139 3145 225 3206 After
247 3143 390 3224 agebatur
412 3152 481 3225 post
503 3161 588 3206 sacra
610 3144 718 3223 iugalia
741 3146 870 3226 mensis,

141 3232 218 3296 Cum
239 3251 287 3295 me
311 3234 476 3312 cornigeris
499 3231 673 3294 tendentem
694 3235 769 3317 retia
792 3235 888 3295 corvis

140 3320 259 3384 Vortice
281 3320 319 3383 de
341 3338 457 3384 summo
481 3339 600 3402 semper
623 3321 757 3382 florentis
780 3321 911 3401 Hymetti

140 3409 235 3473 Lutea
257 3427 344 3472 mane
366 3410 447 3472 ridet
468 3410 563 3491 puisis
585 3409 702 3471 Aurora
725 3409 875 3492 tenebris,

139 3498 329 3579 invitumque
351 3500 450 3579 rapit.
476 3499 565 3560 liceat
587 3497 660 3560 mihi
682 3516 752 3560 vora
774 3499 888 3562 referre

71 3600 124 3652 'too
138 3586 216 3650 Pace
239 3589 334 3650 deae.
362 3586 442 3667 quod
465 3589 505 3649 sit
527 3605 615 3649 roseo
638 3586 807 3668 spectabilis
830 3605 901 3670 ore,

102 3698 192 3742 orm.
205 3699 246 3742 11.
821 3695 853 3743 ro
