2467 4042
426 255 500 326 vn,
518 261 676 314 rer-aee.
784 276 891 313 »roem
1000 257 1061 331 149

135 421 300 485 Blanditias
322 421 425 502 plnres
449 431 479 484 et
501 414 559 484 “tu
581 422 655 483 milri
677 440 782 502 magna
804 422 938 504 voluptas
946 418 968 505 ,⁹

135 511 246 572 Dicere
269 512 326 572 sim
349 509 454 572 solitus
478 508 523 572 ‘tu
545 528 593 571 me
616 511 775 590 reficisque
798 512 957 591 fovesque:

135 599 185 660 l'u
209 598 283 660 laels
295 645 305 680 ‚
328 605 363 659 ut
385 598 495 681 silvas,
518 606 552 659 ut
575 616 671 659 amem
692 598 758 660 loea
776 599 860 681 sola3
882 618 1008 680 meoque

68 699 121 749 880
137 687 271 768 Spiritus
293 688 351 748 iste
374 694 444 747 tuus
466 703 586 765 semper
609 693 745 767 captatur
767 686 803 748 ab
827 683 921 750 ure.'’

135 773 269 837 Vocibus
293 772 437 854 ambiguis
460 773 614 854 deceptam
637 774 775 856 praebuit
797 793 900 838 aurem

135 863 247 926 Nescio
271 864 339 942 quis
351 909 360 945 ,
383 879 552 942 nomenque
575 880 664 924 aurae
688 870 749 924 tam
772 881 859 944 saepe
882 873 1018 927 vocatum

135 951 213 1014 Esse
237 958 345 1032 putans
367 950 536 1033 nymphae,
559 950 719 1032 nympham
741 951 814 1013 milri
837 952 932 1015 eredlt
954 952 1061 1016 amari.

136 1041 281 1102 Criminis
303 1038 452 1120 extemplo
474 1039 535 1100 iietl
558 1040 736 1101 temeramus
757 1039 847 1103 index

67 1138 121 1189 888
135 1129 266 1190 Procrin
289 1125 371 1209 adit,
393 1126 553 1208 linguaque
577 1128 672 1188 refert
694 1127 793 1190 audita
815 1146 955 1191 susurra.

137 1215 268 1278 Credula
290 1232 340 1277 res
363 1232 446 1276 amor
469 1223 536 1277 est.
564 1215 664 1277 subito
687 1215 825 1298 conlapsa
848 1216 968 1299 dolore,

136 1304 179 1367 Ut
201 1303 260 1365 sibi
281 1310 421 1365 narratur
432 1350 443 1384 ,
466 1302 594 1366 cecidit:
616 1304 765 1384 longeque
787 1306 900 1367 reiecta

137 1393 289 1473 Tempore
311 1409 344 1452 se
367 1393 506 1453 nu’seram
518 1438 528 1474 ,
551 1410 583 1454 se
606 1393 660 1454 lati
681 1393 756 1455 dixit
777 1394 890 1475 iniqui3

137 1481 244 1561 Deque
267 1480 326 1541 ilde
349 1488 454 1560 questa
477 1489 524 1541 est
545 1489 577 1542 et
598 1482 723 1542 erimine
746 1482 863 1543 concita
885 1499 960 1544 rano

68 1581 123 1632 880
137 1568 229 1642 Quod
250 1567 325 1629 nihil
347 1575 416 1651 est,
438 1570 566 1651 metuit,
588 1570 696 1630 metuit
717 1571 782 1631 sine
797 1586 922 1650 corpore
937 1588 1062 1653 nomen,

137 1658 179 1720 lit
203 1655 285 1718 dolet
307 1655 410 1717 infelix
433 1656 525 1718 veluti
546 1657 584 1719 de
606 1657 718 1738 paelice
741 1675 828 1719 vera.

140 1746 239 1827 Saepe
262 1753 361 1806 tamen
385 1743 500 1806 dubitat
512 1792 522 1825 ‚
545 1752 705 1826 speratque
728 1747 894 1807 miserrima
917 1746 995 1829 ialli,

136 1833 312 1913 lndieioque
335 1831 425 1893 iidem
447 1841 552 1915 negat,
576 1843 629 1915 et,
651 1835 710 1894 nisi
731 1833 839 1896 viderit
861 1837 943 1916 ipsa,

137 1920 320 1984 Damnatum
343 1922 391 1981 sul
413 1938 474 1981 non
497 1928 544 1982 est
565 1920 673 1983 delicta
691 1924 806 1984 mariti.

68 2023 123 2073 808
138 2010 266 2073 Postera
289 2007 465 2090 depulerant
486 2008 620 2071 Aurorae
642 2008 754 2071 lumina
776 2017 913 2074 noctem:

138 2096 285 2180 Egredlor
297 2143 306 2179 ,
329 2096 490 2177 silvamque
512 2105 605 2180 pet0;
627 2099 780 2179 victorque
803 2117 962 2180 pererrans

140 2183 247 2249 “Aura
269 2187 337 2246 reni
349 2180 370 2268 ,'
393 2184 454 2246 dixi
478 2180 654 2266 ‘nostroque
677 2186 797 2250 medere
820 2187 915 2250 labori
937 2183 1007 2232 -”

139 2275 181 2338 Et
204 2273 303 2335 subito
327 2274 463 2353 gemitus.
477 2275 557 2334 inter
579 2293 646 2336 mea
667 2274 757 2336 rerba
779 2275 900 2338 videbar

139 2363 250 2425 Nescio
274 2379 350 2442 quos
372 2359 513 2423 00011880.
541 2356 645 2445 “reni’
671 2370 770 2426 tamen
793 2360 914 2445 ‘optima
928 2359 960 2427 l''
984 2365 1061 2429 dixl.

68 2463 124 2515 840
137 2450 259 2513 Fronde
282 2449 377 2511 levem
399 2467 506 2512 rursus
529 2453 688 2531 strepitum
710 2452 837 2515 iaciente
860 2452 971 2515 caduca

139 2540 216 2603 Sum
238 2546 321 2600 ratus
344 2555 411 2600 esse
434 2538 551 2620 leram,
573 2538 726 2619 telumque
748 2539 866 2603 volatile
889 2543 974 2603 misi.

137 2628 262 2691 Procris
284 2634 349 2688 erat
360 2673 370 2708 ,
392 2625 550 2706 medioque
572 2635 679 2690 tenens
700 2630 733 2690 in
754 2636 876 2710 pectere
898 2629 1006 2692 vulnus

138 2712 202 2778 “nr
223 2714 297 2776 milri
310 2709 342 2777 i'’
365 2714 550 2777 conclamat.
577 2734 634 2777 vex
657 2725 703 2779 est
725 2715 778 2779 ubi
800 2719 917 2799 cognita
940 2718 1014 2780 lidae

138 2804 305 2885 Coniugis,
328 2802 365 2864 ad
386 2821 490 2865 rocem
511 2821 656 2885 praeceps
679 2823 840 2886 amensque
863 2809 1001 2869 cucurri.

68 2903 125 2955 att
140 2893 353 2955 Semianimem
375 2899 407 2953 et
429 2909 547 2972 sparsas
569 2892 738 2956 foedantem
760 2897 904 2975 sanguine
927 2902 1026 2957 vestes

138 2980 181 3044 Et
201 2998 278 3063 sua,
299 2998 348 3042 me
371 2979 536 3042 miserum!
559 2980 597 3042 de
620 2981 744 3045 vulnere
767 2981 844 3045 dena
866 2982 1033 3045 trahentem

138 3069 285 3150 lnvenio,
307 3085 477 3148 corpusque
500 3086 567 3130 meo
590 3070 664 3132 milri
686 3073 784 3132 carius
807 3071 887 3135 ulnis

138 3155 280 3219 llollibns
303 3155 426 3238 attolle,
449 3158 601 3238 missoque
624 3177 642 3219 a
663 3167 786 3240 pectere
809 3168 891 3222 reste

138 3245 271 3308 Vulnera
293 3262 380 3307 saeva
401 3244 460 3325 ligo
472 3292 483 3328 ,
505 3263 658 3327 conorque
681 3246 817 3309 inhibere
840 3265 996 3328 cruorem,

69 3346 124 3397 880
137 3333 206 3395 Neu
224 3350 274 3394 me
294 3340 392 3395 morte
415 3351 469 3395 sua
491 3333 670 3397 sceleratum
692 3335 832 3418 deserat,
855 3354 926 3398 ero.

137 3420 260 3484 Viribus
282 3420 332 3483 illa
355 3439 460 3483 carens
483 3430 515 3484 et
536 3425 594 3484 iam
616 3423 794 3487 moribunda
817 3427 914 3506 coegit
1043 3464 1047 3473 «

137 3509 220 3571 llaec
242 3528 276 3571 se
298 3527 393 3591 pauca
414 3509 518 3590 loqui:
541 3507 620 3592 “per
642 3515 740 3575 nestri
761 3513 883 3575 foedera
904 3512 993 3593 lecti,

138 3598 257 3679 Perque
280 3597 353 3660 deos
375 3598 500 3680 supplex
523 3618 576 3662 oro
600 3619 786 3682 superosque
809 3619 969 3681 meosque,
