2467 4042
155 256 221 325 ,162
532 256 805 320 uplsttttuu.

282 409 411 487 ‚Somnia
427 427 489 487 quo
504 411 587 472 cerni
604 418 743 485 tempore
760 427 834 472 vere
849 413 957 487 solent,

243 494 380 558 Stamina
394 495 434 556 de
447 493 551 571 digitis
566 494 707 555 cecidere
724 511 839 571 sopore
853 496 1001 571 remissis,

189 600 197 615 ·
286 578 431 655 collaque
448 576 573 655 pulvino
588 585 694 639 nostru
708 579 836 642 iereudu
853 580 935 641 dedi

242 663 298 724 llic
316 679 375 740 ego
392 670 538 725 ventosus
553 669 674 724 nantem
689 663 834 737 delphina
849 680 905 741 per
919 666 1020 726 undas

177 757 229 811 200
283 748 414 810 cernere
428 762 490 808 non
505 746 598 808 dubia
612 763 682 807 sum
697 746 770 808 milii
785 750 854 810 vise
869 749 945 811 lide=

242 832 337 907 Quem
351 829 641 909 postquam-bibulis
657 831 750 893 inlisit
763 831 874 894 lluctus
888 833 1022 905 herenis,

282 917 373 978 Unda
387 916 477 979 simul
493 914 637 976 miserunt
656 915 779 990 vitaque
794 918 939 979 deseruit
980 957 983 965 ·

242 999 398 1076 Quidquid
412 1000 445 1062 id
460 1007 522 1074 est,
544 999 646 1060 timeo.
668 1014 726 1060 nee
740 1007 773 1061 tu
787 1016 856 1061 mea
871 1002 990 1063 sumnia
1005 1003 1086 1076 ride,

281 1084 344 1144 Nee
358 1083 417 1145 nisi
434 1082 597 1159 tranquillo
613 1082 758 1144 bracchia
773 1085 866 1146 crede
882 1088 982 1147 muri.-

177 1177 228 1232 lod
240 1167 273 1229 Si
293 1166 344 1230 tibi
362 1183 425 1229 uon
443 1166 560 1245 percis,
582 1167 714 1229 dilectae
731 1183 826 1244 purce
843 1170 972 1245 puellae,
1076 1216 1078 1223 ι

284 1251 368 1326 uuae
382 1268 549 1326 numquam
563 1250 623 1311 uisi
641 1258 671 1314 te
686 1253 806 1328 sospite
820 1269 933 1329 sospes
948 1269 1012 1314 ero.

241 1334 322 1411 Spes
338 1342 439 1398 temen
454 1342 502 1398 est
517 1335 621 1397 fruetis
636 1335 755 1397 vicinae
770 1338 857 1413 pacis
871 1339 902 1397 iu
917 1339 1026 1399 undis=

281 1420 357 1481 Tum
371 1420 511 1497 placidus
527 1425 590 1481 totu
604 1428 731 1496 pectore
746 1421 829 1482 dude
845 1423 922 1483 vias.

239 1501 373 1578 Interea,
395 1504 479 1565 uenti
496 1503 641 1580 quonium
656 1505 734 1566 freta
749 1507 856 1580 pervia
870 1521 931 1567 uun
945 1516 1040 1573 sunt*

175 1596 227 1650 210
279 1587 385 1649 Leniat
398 1589 515 1650 invisus
530 1587 629 1649 littera
645 1588 741 1649 missa
754 1605 867 1650 utores
916 1626 919 1635 ·

563 1725 764 1741 .......-..,...,-

606 1801 723 1870 xvnn.

236 1886 327 1986 Pone
342 1929 469 1986 melumt
492 1924 566 1987 uihil
582 1925 633 1986 hic
650 1925 756 1986 itemm
770 1924 886 1986 iurabis
900 1923 1029 1989 amanti:

281 2007 467 2071 Promissam
482 2009 558 2070 sutis
573 2015 621 2071 est
638 2015 668 2070 le
681 2009 777 2070 semel
793 2024 865 2070 esse
879 2009 961 2070 mihi.

235 2091 376 2169 Perlege!
399 2092 540 2155 discedat
554 2095 600 2154 sie
614 2108 746 2169 corpore
761 2094 891 2169 languor
903 2093 942 2153 ab
958 2092 1027 2167 istu,

184 2220 189 2231 .
278 2175 337 2251 Qui
352 2192 440 2238 meus
454 2183 502 2238 esi
517 2179 578 2238 ulla
594 2186 681 2253 purte
699 2178 822 2238 dolente
840 2178 938 2239 dulor.

210 2260 316 2336 could
332 2260 433 2338 pudor
448 2276 502 2322 orn
517 2259 642 2323 subiit..
664 2278 749 2335 uam,
771 2262 851 2325 sieut
864 2262 895 2322 in
908 2261 988 2325 aede
1001 2260 1132 2335 Iliense,

279 2343 430 2421 Suspicor
441 2345 592 2421 ingenuus
608 2345 770 2408 erubuisse
784 2362 892 2422 genus.

238 2429 415 2505 Coniugium
430 2437 613 2507 pactamque
627 2431 734 2504 fidem,
758 2447 819 2492 uon
835 2429 962 2492 erimina
976 2447 1084 2506 puseo.

278 2512 405 2574 Debitus
419 2522 452 2575 ut
466 2514 595 2590 coniux,
616 2532 679 2576 nou
693 2523 726 2576 ut
740 2516 860 2579 udulter
873 2531 954 2576 amu.

236 2598 340 2657 Verba
354 2597 424 2658 iicet
436 2605 576 2674 repetes,
599 2616 680 2674 quac
695 2601 836 2675 demptus
852 2600 892 2660 ab
903 2599 1015 2663 urbere
1032 2600 1114 2660 letus

197 2691 229 2745 ιο
281 2680 405 2743 Pertulit
418 2681 459 2744 ad
474 2690 576 2743 castus
591 2699 641 2744 me
654 2683 784 2745 iaciente
798 2700 917 2746 munus.

237 2765 378 2827 invenies
392 2766 454 2827 illic
468 2765 499 2826 id
513 2773 544 2828 te
559 2768 730 2844 spondere,
752 2769 836 2843 quud
851 2774 924 2843 opto

277 2849 452 2927 lupellus,
476 2851 579 2927 virgo,
599 2869 690 2928 quam
708 2852 887 2913 meminisse
896 2853 998 2913 deum

236 2932 321 2994 Nunc
336 2950 462 3010 quoque
479 2935 561 2996 idem
574 2937 677 2998 timeo.
699 2937 757 3000 sed
772 2936 854 2999 idem
869 2943 967 2997 tumen
985 2935 1087 2996 uerius
1102 2935 1178 2998 iilud

193 3085 198 3090 ,
277 3017 460 3095 Adsumpsit
473 3019 572 3091 vires,
590 3027 747 3096 ductuque
757 3018 884 3082 -flummu
898 3027 1054 3082 moreest

199 3111 228 3164 tu
239 3100 358 3177 Quique
375 3103 430 3164 luit
442 3119 606 3179 numquam
626 3120 756 3181 parvus,
778 3121 858 3166 nunc
873 3113 1010 3180 tempure
1027 3105 1123 3180 lungo

276 3186 313 3247 itt
328 3203 400 3263 spe,
423 3203 514 3263 quam
529 3188 662 3250 dederes
678 3196 709 3250 tu
723 3188 811 3263 milri,
832 3189 927 3251 crevit
938 3203 1035 3251 emor.

236 3268 330 3345 Spem
347 3270 419 3331 mihi
437 3278 470 3333 lu
483 3273 625 3333 dederas.
649 3289 735 3334 meus
751 3274 800 3335 hic
817 3274 870 3335 tibi
884 3272 1015 3334 credidit
1025 3272 1136 3333 ardor:

276 3353 344 3417 Nun
360 3361 525 3431 puuctum
541 3356 652 3418 luctum
668 3364 747 3419 teste
761 3373 875 3434 uegure
888 3358 956 3417 deu.

238 3437 355 3512 Adfuit,
377 3446 405 3500 et
422 3454 585 3515 praesens,
608 3449 733 3512 uteret,
757 3448 810 3502 tue
825 3442 919 3503 verba
934 3443 1058 3518 uuuvit,

191 3530 227 3581 tu
278 3520 316 3581 tlt
330 3522 397 3582 visu
420 3530 460 3583 st
474 3530 557 3584 motu
568 3524 652 3586 dictu
666 3525 774 3587 tulisse
788 3542 887 3587 cuma.
955 3566 957 3571 .
