2467 4042
399 207 482 279 xm,
499 170 654 291 cna-'saa
756 227 860 265 mcum
966 206 1031 272 269

24 388 84 438 400
100 374 188 437 11010
204 392 322 454 quoque
336 372 386 436 dat
398 374 533 436 lacrimas
548 420 555 435 .
573 374 710 435 lacrimas
727 375 759 435 in
777 373 900 435 vulnera
918 373 1032 454 fundit,
1112 362 1114 367 ’

102 463 281 542 Osculaque
303 480 355 524 ore
377 465 473 546 tegit,
496 470 698 541 consuetaque
720 470 841 541 pectora
863 461 989 543 plangit,

102 551 320 630 Canitiemque
342 568 428 613 suam
450 559 590 613 concreto
612 553 644 611 in
667 553 810 630 sauguine
832 568 955 611 verrens

102 639 204 701 Plura
226 638 368 720 quidem,
387 639 440 701 sed
463 648 494 702 et
515 638 589 700 haec
610 638 719 699 laniato
741 647 863 719 pectore
886 639 977 700 dixit:

104 724 223 809 ‘Nata,
245 736 313 790 tuae
337 759 380 771 -
404 727 475 806 quid
498 729 578 788 enim
600 723 768 806 superest?
791 759 834 772 -—
857 726 941 787 dolor

804 815 906 876 ultlum
929 815 1035 895 matri,

33 917 87 966 495
103 904 209 987 Nata,
233 907 335 985 iaces;
357 904 502 984 videoque
525 912 634 985 tuum,
656 918 722 964 mea
743 903 888 984 vulnera,
910 903 1035 964 vulnus.

102 992 181 1074 En,
205 1010 244 1053 ne
265 991 447 1072 perdiderim
469 1000 648 1072 quemquam
666 993 731 1053 sine
754 992 844 1053 caede
866 1009 1019 1071 meorum,

104 1080 159 1142 Tu
179 1098 300 1160 quoque
318 1080 426 1143 vulnus
444 1080 558 1142 hahes.
585 1089 616 1143 at
638 1088 690 1161 te,
713 1082 783 1158 quia
800 1080 927 1160 femina,
949 1077 1036 1140 rehar

104 1170 132 1230 Α
158 1170 244 1231 terro
266 1176 382 1231 tutam.
409 1168 544 1230 cecidisti
567 1176 598 1230 et
621 1169 730 1229 lemlna
752 1170 852 1230 ierro:

106 1257 234 1336 Totque
257 1266 326 1318 tuos
348 1256 428 1318 idem
451 1258 580 1338 iratres,
603 1264 634 1318 te
656 1256 787 1336 perdidit
808 1256 904 1338 idem,

39 1359 92 1409 000
106 1345 248 1408 Exitium
270 1344 375 1406 Troiae
399 1347 555 1424 nostrique
577 1343 719 1425 orbator,
742 1343 890 1406 Achilles„

107 1436 150 1497 At
173 1441 333 1514 postquam
356 1433 464 1495 cecidit
485 1433 600 1495 Paridis
623 1432 794 1512 Phoebique
817 1434 950 1513 sagittis,

107 1524 203 1585 Nunc
225 1529 329 1603 certe,
351 1521 413 1583 dixi
424 1569 434 1603 ,
457 1538 516 1582 non
539 1530 586 1583 est
607 1521 785 1582 metuendus
807 1520 953 1582 Achilles.

108 1611 203 1673 Nunc
226 1627 345 1689 quoque
367 1612 410 1676 mi
430 1608 609 1672 metuendus
632 1616 717 1670 erat.
744 1611 821 1672 cinis
842 1612 908 1690 ipse
931 1606 1039 1688 sepulti

109 1700 146 1762 ln
167 1716 265 1778 genus
277 1697 336 1759 hoc
349 1700 463 1759 saevit:
481 1697 595 1765 tumuo
610 1715 729 1777 quoque
743 1701 891 1775 sensimus
904 1697 1039 1758 hostem:

48 1798 98 1849 ooo
111 1786 261 1849 heacidae
283 1785 412 1848 fecunda
433 1786 498 1848 lui.
525 1788 603 1848 iacet
624 1785 699 1847 lliou
721 1787 827 1865 ingens
833 1833 844 1868 ,

111 1875 294 1953 Eventuque
316 1877 398 1953 qrari
420 1874 503 1936 finita
524 1883 572 1935 est
593 1873 712 1954 publica
734 1874 849 1956 clades,

114 1963 178 2025 Sed
197 1964 280 2024 linita
301 1970 425 2024 tamen:
447 1962 502 2023 soli
525 1961 597 2024 mihi
619 1961 762 2042 Pergama
785 1970 916 2043 restant,

114 2052 149 2114 ln
175 2068 328 2129 cursuque
350 2068 436 2112 meus
459 2050 544 2112 dolor
567 2058 634 2112 est.
662 2051 750 2113 modo
773 2053 898 2111 maxima
920 2065 1041 2128 rerum,

115 2139 177 2201 'lot
199 2140 318 2218 generis
340 2141 477 2218 natuque
499 2146 607 2219 potens
629 2137 815 2217 nuribusque
838 2140 980 2217 viroque,

57 2238 103 2289 oto
116 2228 206 2289 Nunc
228 2225 333 2287 trahor
355 2226 446 2310 exul,
467 2228 577 2309 inops,
599 2226 722 2289 tumulis
745 2225 845 2288 avulsa
867 2242 1020 2305 meorum,

115 2315 285 2394 Penelopae
308 2332 439 2377 munus.
467 2332 543 2394 quae
565 2333 614 2377 mo
637 2315 704 2377 data
725 2332 818 2394 ponsa
838 2313 1007 2375 trahentem

117 2403 264 2466 lintribus
287 2402 448 2464 ostendens
470 2402 578 2465 lthacis
602 2398 698 2464 “haec
721 2402 858 2464 Hectoris
880 2401 929 2463 illa
952 2410 999 2462 est

119 2492 206 2554 Clara
228 2509 360 2573 parens,
381 2491 455 2553 haec
478 2486 535 2553 est'
558 2491 638 2554 dicet
661 2487 817 2552 ‘Priameia
840 2484 1011 2553 coniunx'’.

119 2580 253 2659 Postque
276 2587 321 2640 tot
343 2581 467 2641 amissos
490 2587 523 2642 tu
546 2598 628 2641 nuno
640 2627 650 2661 ,
673 2597 749 2659 quae
772 2579 834 2641 sola
856 2579 972 2640 levabas

63 2676 107 2727 tlt
120 2667 271 2731 Maternus
293 2666 414 2749 luctus,
435 2667 554 2730 hostilia
575 2667 664 2729 busta
685 2670 787 2748 piasti.

121 2755 246 2818 lulerias
267 2755 348 2818 hosti
369 2758 494 2836 peperi.
523 2774 581 2836 quo
604 2756 703 2819 ferrea
725 2754 837 2819 resto?

124 2843 237 2916 Quidve
259 2840 392 2906 moror?
415 2862 474 2923 quo
498 2862 545 2906 me
569 2862 670 2907 servas
682 2892 691 2926 ,
715 2863 826 2907 annosa
848 2839 1014 2908 senectus?

124 2931 211 3015 Quo,
234 2932 266 2993 di
288 2931 447 3014 crudeles,
469 2933 527 2994 nisi
550 2951 609 3013 quo
633 2951 708 2995 nora
729 2935 836 2996 funera
858 2951 995 3014 cernam,

22 3028 25 3111 ἰ
124 3018 259 3084 vivacem
282 3021 407 3083 differtis
429 3017 549 3083 auum?
572 3023 640 3101 quis
661 3040 749 3103 posse
772 3031 892 3102 putaret

70 3107 252 3171 onichcem
275 3109 516 3189 Priamum-post
538 3109 637 3172 dirum
657 3109 801 3190 Pergama
824 3105 909 3173 dici?

126 3195 205 3260 Pelix
228 3205 324 3259 morte
346 3215 401 3259 sua
423 3206 490 3259 est.
513 3216 569 3260 nec
591 3206 645 3278 te,
667 3216 733 3260 mea
750 3207 840 3279 nata,
861 3206 1044 3277 peremptam

127 3284 259 3366 Aspicit,
283 3294 313 3348 et
335 3288 425 3347 vitam
445 3288 559 3366 pariter
580 3303 766 3366 regnumque
790 3285 928 3365 reliquit.

128 3372 163 3434 ht
174 3420 184 3455 ,
206 3382 302 3457 puto,
324 3372 481 3436 lunerihus
504 3373 668 3457 dotahere,
690 3377 772 3454 regia
793 3376 894 3455 virgo,

130 3457 335 3542 Condoturque
358 3470 445 3524 tuum
466 3465 666 3525 monumentis
689 3479 799 3543 corpus
822 3464 925 3524 avitis.

76 3545 191 3611 aarum
213 3550 287 3612 haec
308 3558 356 3612 est
376 3551 496 3613 lortuna
518 3550 647 3615 domus.
673 3549 729 3612 tibi
751 3568 875 3613 munera
897 3552 1001 3612 matris
