2467 4042
196 212 262 279 352
603 210 796 263 rauronuu

327 375 458 455 Potuque
482 392 514 436 se
536 373 631 435 Tibur
654 373 742 435 turba
765 372 864 434 redire
886 381 999 453 putat.

283 463 403 544 lemque
425 480 480 544 per
502 461 650 542 Esquilias
667 461 829 522 Romanam
851 463 1026 525 intraverat
1048 464 1162 545 urben,

328 551 367 613 Et
388 568 475 612 mane
497 552 529 611 ln
551 550 648 611 medio
671 549 803 627 plaustra
825 549 910 611 luere
934 551 1027 613 loro.

219 652 270 704 685
283 639 437 720 Plautius,
461 647 496 699 ut
518 646 620 717 posset
643 640 741 717 specie
764 654 952 716 numeroque
978 650 1122 703 senatum

328 727 464 807 Fallere,
486 728 623 805 personis
646 727 772 805 imperat
794 742 846 786 ora
868 728 948 807 tegi,

284 816 492 893 Admiscetque
515 815 610 894 alios,
634 821 664 874 et
675 859 685 893 ,
708 820 742 874 ut
763 813 844 874 hunc
865 812 995 874 tibicina
1021 825 1139 879 coetum

328 903 462 983 Augeat,
485 904 516 963 in
539 902 635 981 longis
657 901 789 963 restibus
813 918 880 963 esse
901 901 1011 984 iubet;

286 992 336 1053 Sic
358 990 484 1052 reduces
507 989 583 1050 bene
605 1005 695 1069 posse
717 991 800 1070 tegi,
822 1007 860 1050 ue
883 989 962 1050 iorte
989 1001 1135 1055 notentur

219 1093 270 1143 eso
329 1078 438 1140 Contra
461 1076 588 1158 collegae
611 1080 692 1138 iussa
714 1076 827 1139 redisse
850 1078 915 1139 sui.

284 1167 344 1228 Res
365 1166 498 1246 placuit,
521 1165 663 1244 cultuque
687 1183 763 1226 noro
786 1164 858 1226 libet
880 1163 986 1227 idibus
1011 1170 1060 1228 uti

327 1253 366 1316 Et
389 1271 496 1315 canere
519 1253 555 1314 ad
577 1261 695 1314 ueteres
717 1252 806 1313 rerba
828 1255 928 1313 iocosa
951 1252 1100 1315 modos.’

284 1342 364 1403 llaec
386 1341 439 1402 ubi
460 1342 639 1423 perdocuit,
662 1336 815 1421 ‘superest
838 1340 910 1401 mihi
934 1339 1077 1403 discere’
1101 1344 1151 1406 dixi

329 1426 406 1490 ‘Cur
429 1431 468 1490 sit
490 1429 695 1509 Quinquatrus
717 1429 765 1489 illa
788 1437 889 1489 vocata
912 1426 1018 1490 dies.'

219 1531 271 1582 esu
286 1513 441 1579 ‘blartius’
464 1519 562 1597 inquit
585 1512 662 1596 ‘agit
684 1516 735 1578 tali
757 1534 822 1578 mea
844 1518 965 1578 nomine
992 1520 1091 1599 feste,

329 1604 441 1686 Estque
465 1604 522 1666 sub
544 1606 673 1666 iuuentis
694 1604 768 1666 haec
791 1622 910 1684 quoque
933 1605 1029 1667 turba
1051 1609 1139 1669 meis.

285 1694 385 1756 Prima
407 1692 557 1754 terebrato
578 1710 635 1772 per
657 1711 723 1753 rara
746 1694 890 1753 lorumiua
911 1691 1016 1775 buxo,

330 1782 369 1844 Ut
391 1781 495 1862 daret,
519 1782 604 1842 elieci
616 1828 626 1862 ,
649 1781 721 1842 tibia
742 1780 828 1859 longa
851 1797 958 1841 sonos,

285 1869 347 1931 Vox
369 1869 501 1948 placuit:
534 1868 639 1930 laciem
660 1867 781 1948 liquidis
803 1867 1009 1930 referentibus
1033 1871 1123 1933 undis
1188 1878 1189 1905 ³

221 1971 272 2023 too
330 1956 397 2019 Vidi
419 1958 567 2036 virgineas
588 1959 766 2019 intumuisse
789 1974 896 2035 genas.

286 2042 365 2106 “llrs
387 2045 461 2105 mibi
483 2063 543 2105 non
565 2047 641 2105 tend
664 2052 731 2126 est3
753 2044 849 2106 valeas
861 2092 871 2126 ,
893 2062 960 2105 mea
985 2043 1111 2107 tibial’'
1131 2045 1172 2105 din

330 2132 447 2213 Excipit
469 2132 613 2194 abiectam
636 2135 764 2212 caespite
787 2135 852 2213 ripa
875 2149 947 2194 suo.

286 2220 438 2284 inventam
462 2220 585 2300 Satyrus
607 2222 738 2301 primum
760 2222 885 2282 miratur
897 2267 907 2301 ,
930 2228 961 2281 et
984 2239 1081 2283 usum

330 2309 454 2391 Nescit,
476 2316 508 2369 et
529 2309 660 2370 inllatam
682 2310 776 2370 sensit
797 2307 906 2369 habere
930 2326 1062 2391 sonum3

221 2409 273 2462 ruo
286 2396 325 2460 Et
347 2396 435 2458 modo
459 2396 581 2458 dimittit
603 2396 726 2478 digitis,
748 2396 835 2457 modo
858 2398 991 2476 concipit
1015 2417 1124 2461 aures.

329 2483 450 2565 lamque
473 2487 552 2546 inter
574 2484 717 2565 nymphas
739 2492 803 2546 arte
826 2483 974 2564 superbus
1001 2495 1090 2549 erat:

286 2575 430 2635 Provocat
453 2581 483 2634 et
504 2572 680 2635 Phoebum.
720 2572 840 2633 Phoebo
863 2582 1030 2652 superante
1052 2573 1180 2657 peplum

332 2661 422 2723 Caesa
444 2669 636 2723 recesserunt
658 2678 675 2720 a
697 2667 766 2721 cute
787 2659 920 2722 membra
944 2678 1021 2723 sua.

288 2750 360 2811 Sum
384 2758 483 2811 tamen
505 2751 653 2811 inventrix
675 2756 838 2828 auctorque
862 2766 915 2828 ego
939 2753 1089 2813 carminis
1110 2752 1188 2812 buu-³

222 2851 273 2901 ‘110
331 2836 393 2898 lloc
416 2846 484 2917 ast,
508 2856 562 2899 cur
584 2844 704 2899 nostros
726 2854 776 2897 ars
799 2836 876 2915 colat
896 2838 955 2898 ista
978 2839 1068 2902 dies.

411 2975 461 3041 14.
483 2972 626 3056 EE[N]
674 2973 729 3051 15.Ι
745 2971 772 3038 F
790 2970 1005 3049 esu-Dm

287 3100 388 3163 Tertia
409 3101 462 3164 lux
483 3104 604 3182 reniet,
628 3119 685 3181 qua
709 3108 763 3181 tu,
787 3099 902 3161 Dodoni
923 3098 1072 3183 Thyone,

333 3189 431 3251 Stabis
453 3189 600 3270 Agenorei
623 3190 720 3251 lroute
742 3189 867 3250 videnda
889 3187 990 3251 boris.

289 3276 368 3339 llaec
391 3287 438 3339 est
459 3278 509 3339 illa
531 3278 617 3359 dies,
641 3295 699 3356 qua
721 3286 754 3337 tu
776 3278 951 3356 purgamina
973 3275 1105 3360 Vestae,

333 3364 466 3446 Thybri,
490 3384 544 3447 per
566 3365 708 3427 Etruscas
730 3368 762 3426 in
784 3382 865 3426 mare
888 3366 983 3426 mittis
1007 3384 1123 3447 aquas.

223 3464 274 3514 ‘115
290 3453 380 3532 Siqua
402 3454 476 3514 tides
498 3456 594 3515 ventis
606 3501 616 3535 ,
638 3454 766 3534 zephyro
789 3452 856 3514 date
879 3452 1026 3536 carbasa,
1049 3452 1166 3518 sautu!

334 3538 405 3600 Cras
429 3542 527 3601 veniet
549 3543 656 3602 vestris
679 3541 728 3602 ille
751 3540 901 3603 secundus
925 3542 1030 3621 equis.
