2467 4042
202 246 268 311 310
609 248 802 300 PASTORUM

335 411 456 473 Obstitit
478 412 510 473 in
534 411 629 472 media
653 412 776 472 candida
798 410 886 473 turba
908 415 978 473 via.

291 499 411 562 Flamen
433 503 464 561 in
488 502 625 578 antiquae
649 498 749 560 locum
773 499 927 578 Robiginis
951 500 1040 581 ibat,

333 587 408 650 Exta
431 590 512 649 canis
535 587 683 668 llammis,
706 597 772 649 exta
796 588 919 649 daturus
944 593 1034 650 oris.

290 676 430 737 Protinus
454 677 588 754 accessi,
611 679 688 737 ritus
711 692 749 738 ne
772 679 892 737 nescius
914 690 1038 738 essem.

224 778 276 827 010
334 763 435 826 Edidit
456 763 529 825 baec
551 764 660 825 ttamen
681 763 792 844 ruba,
816 764 963 845 Quirine,
991 775 1088 829 tuus:

290 848 414 933 ‘Aspera
436 851 572 932 llobigo‘,
596 870 700 931 parcas
724 852 888 913 Cerialibus
909 852 1037 935 herbis,

334 939 373 1001 Et
395 948 503 1001 tremat
525 943 555 1001 in
580 957 695 1001 summa
717 941 781 1001 lere
805 956 946 1001 cacumen
969 941 1090 1004 humo.

290 1029 337 1091 'l'u
359 1037 422 1089 sata
445 1027 593 1090 sideribus
616 1027 690 1089 caeli
712 1031 823 1089 nutrita
848 1029 971 1089 secundi

336 1116 501 1197 Crescere,
524 1116 594 1177 dum
617 1117 690 1177 liant
712 1117 836 1178 falcibus
860 1126 949 1198 apta,
972 1119 1080 1180 sinas.

225 1219 277 1267 915
292 1204 341 1266 Vis
365 1214 415 1265 tua
438 1223 498 1266 non
521 1204 593 1266 levis
617 1214 681 1266 est:
713 1223 788 1284 quae
812 1216 844 1266 tn
868 1205 1021 1267 trumenta
1048 1211 1170 1277 notasti,

335 1293 465 1354 llaestus
488 1295 519 1353 in
543 1294 659 1354 amissis
682 1293 730 1354 illa
754 1292 877 1355 colonus
899 1292 1010 1354 babet,

291 1382 353 1443 Nec
376 1384 456 1442 venti
479 1390 594 1442 tantum
618 1381 721 1442 Cereri
743 1400 896 1463 nocuere,
918 1399 974 1442 nec
1001 1383 1138 1464 imbres,

336 1469 397 1530 Neo
420 1471 463 1531 sic
486 1486 652 1530 marmoreo
675 1469 765 1549 pallet
788 1470 891 1530 adusta
912 1469 1003 1550 gelu,

292 1558 464 1638 Quantum,
488 1560 513 1617 si
536 1557 651 1618 culmos
673 1556 759 1618 Titan
782 1558 929 1619 incalfacit
953 1558 1052 1620 udos.

226 1660 278 1709 000
337 1646 420 1707 'lunc
444 1646 528 1706 locus
550 1657 596 1707 est
618 1648 702 1725 irae,
726 1645 790 1706 diva
813 1645 967 1726 timenda,
990 1657 1087 1711 tuae.

292 1735 404 1815 Parce,
427 1751 558 1814 precor,
580 1732 759 1814 scabrasque
777 1750 884 1795 manus
906 1751 922 1793 a
941 1736 1103 1798 messibus
1127 1739 1189 1800 auio

305 1874 310 1882 .
336 1822 416 1883 Neve
439 1840 513 1883 noce
537 1820 650 1902 cultis;
671 1840 758 1902 posse
781 1839 891 1883 nocere
913 1829 958 1882 sat
981 1832 1053 1886 est.

293 1911 354 1972 Nee
377 1920 495 1972 teneras
518 1918 658 1990 segetes,
681 1910 732 1971 sed
752 1910 859 1971 durum
878 1910 1067 1989 amplectere
1096 1917 1191 1976 ierrno

337 1998 482 2078 Quodque
506 2006 604 2078 potest
627 1997 699 2059 alios
722 1998 870 2078 perdere,
893 1998 984 2077 perde
1013 2004 1124 2080 prior.

227 2101 278 2150 000
292 2088 399 2148 Utilius
422 2086 534 2165 gladios
558 2095 587 2148 et
610 2085 668 2147 tela
692 2090 828 2148 nocentia
852 2104 973 2168 carpcs3

336 2175 383 2237 Nil
407 2193 482 2255 opus
506 2183 552 2236 est
574 2174 656 2255 illis,
678 2178 738 2236 otia
760 2174 891 2237 mundus
913 2178 990 2254 agit.

294 2263 414 2325 Sarcula
438 2282 517 2325 nunc
540 2263 694 2344 durusque
716 2263 822 2325 bidens
845 2272 876 2325 et
898 2282 1001 2324 vomer
1028 2267 1181 2347 aduncus,

336 2353 426 2415 Ruris
450 2370 543 2432 opes,
567 2353 702 2433 niteant;
724 2353 861 2431 inquinet
883 2369 963 2413 arma
986 2356 1093 2417 situs.

293 2441 482 2520 donatusque
505 2438 613 2520 aliquis
636 2442 738 2520 ragina
761 2439 872 2501 ducere
895 2441 1033 2522 serrum,

227 2543 279 2592 030
338 2531 499 2591 Astrictunr
522 2529 608 2607 longa
632 2531 739 2589 sentiat
761 2546 828 2589 esse
851 2546 949 2589 mora.

293 2620 330 2679 At
353 2626 386 2679 tu
409 2635 447 2678 no
470 2616 544 2679 viola
569 2616 730 2678 Cererem!
762 2634 938 2696 semperque
963 2618 1100 2683 colonus

338 2705 460 2767 Absenti
483 2707 576 2786 possit
600 2704 713 2766 solvere
737 2713 802 2766 rota
826 2700 912 2766 tibi.'

294 2794 434 2855 Dixerat:
466 2813 482 2854 a
505 2794 608 2854 dextra
632 2794 708 2855 villis
732 2793 859 2854 mantele
882 2793 986 2854 solutis

338 2882 471 2962 Cumque
494 2885 570 2943 meri
592 2890 693 2962 patera
716 2885 793 2943 turis
816 2897 918 2942 acerra
941 2882 1017 2943 luit,

228 2970 372 3034 0301000
397 2972 470 3031 iocis
494 2972 656 3049 vinumque
678 2969 781 3049 dedit,
804 2966 953 3049 fibrasque
977 2970 1141 3058 bidentis,

338 3059 508 3139 Turpiaque
532 3058 734 3120 obscenae-
758 3058 884 3119 vidimus
906 3091 940 3100 -
964 3055 1037 3121 crta
1063 3067 1168 3125 canis.

293 3149 369 3209 Tum
389 3147 460 3208 mihi
475 3142 542 3208 ‘cnr
555 3147 643 3208 detur
658 3148 749 3208 sacris
768 3164 842 3208 nora
855 3148 991 3228 victima,
1006 3150 1176 3228 quaeris?
1188 3182 1204 3191 ’

338 3236 528 3308 Quaesieram
553 3266 586 3278 -
610 3230 745 3297 ‘causam
768 3230 903 3315 percipc’
926 3235 1038 3297 flamen
1063 3242 1131 3303 ait.

295 3320 362 3386 ‘Est
387 3324 474 3386 Canis
487 3372 496 3404 ‚
519 3324 645 3385 lcarium
669 3324 772 3384 dicunt
785 3372 794 3404 ,
816 3340 876 3401 quo
900 3324 998 3384 sidere
1024 3337 1115 3390 moto

146 3484 152 3493 s
228 3425 279 3475 040
338 3413 428 3474 Toste
450 3415 513 3474 sitit
536 3412 646 3493 tellus,
669 3414 908 3492 praecipiturque
933 3428 1040 3491 seges.

293 3501 352 3561 Pro
375 3518 447 3562 cane
471 3500 587 3562 sidereo
611 3503 693 3562 canis
715 3499 764 3561 hic
787 3501 948 3579 imponitur
972 3516 1064 3585 arae,

338 3588 376 3648 Et
399 3606 490 3667 quere
514 3598 638 3668 pereat,
662 3588 703 3649 nil
726 3590 783 3649 nisi
807 3605 914 3649 nomen
936 3587 1066 3653 habet!
