2467 4042
105 241 143 299 ll.
163 238 300 299 PHYLL.
325 234 523 299 103-148.
560 238 609 297 ΙΙΙ.
632 238 784 300 BRlSElS
809 238 941 304 1—27.
998 237 1036 307 75

94 392 182 454 colla
198 406 340 469 quoque,
362 388 467 451 iuddis
484 388 557 465 quia
571 404 606 450 se
625 391 777 451 nectenda
794 392 915 454 lacertis

134 476 361 549 Praebueruut‚
383 473 503 549 laqueis
518 474 699 551 inplicuisse
713 476 806 537 lubet.

93 559 162 622 Stat
180 576 259 622 nece
273 565 391 622 matura
405 566 543 620 tenerum
559 575 691 635 pensare
708 560 873 636 pudorem.

135 647 171 706 ln
186 641 277 706 necis
288 645 388 705 electu
405 659 503 720 parva
518 644 618 704 lutura
632 659 719 706 mora
733 651 789 705 est.

34 741 80 793 tto
90 729 266 792 Inscribere
280 745 351 792 meo
366 744 463 789 causa
476 724 632 788 invidiosa
647 729 821 804 sepulchro.

133 815 198 875 Aut
212 814 291 891 hoc,
313 820 365 874 ant
379 809 471 874 simili
485 810 618 872 carmine
634 820 726 873 notus
742 813 803 873 eris

93 897 253 979 ‘Phyllida
265 897 470 975 Demophoon
485 898 545 958 leto
566 896 665 972 dedit,
687 898 805 974 hospes
821 907 985 962 amantem

133 985 190 1044 Ille
205 980 292 1044 necis
308 997 435 1043 causam
449 980 605 1057 praebuit,
628 983 698 1059 ipsa
713 983 860 1043 manum!

421 1119 625 1129 0———0—

497 1198 547 1262 tlt

93 1285 198 1394 Quam
213 1320 308 1396 legis,
330 1336 349 1381 a
364 1327 453 1397 rapta
466 1320 608 1381 Briseide
622 1317 721 1381 littera
736 1317 826 1394 venit,

132 1405 198 1467 Vix
210 1404 294 1466 bene
307 1403 470 1465 barbarica
484 1404 603 1464 Graeca
620 1410 724 1464 notata
736 1420 838 1466 manu.

91 1491 312 1566 Quascumque
326 1489 477 1565 aspicies,
500 1489 646 1550 lacrimae
660 1489 761 1549 iecere
777 1487 898 1550 lituras.

133 1574 199 1636 Sed
214 1581 318 1634 tamen
333 1580 364 1633 et
377 1573 521 1633 lacrimae
537 1572 678 1648 pondera
691 1573 779 1633 vocis
794 1572 917 1633 habent.

66 1658 125 1723 §Si
139 1656 215 1719 mibi
230 1673 332 1735 pauca
347 1656 435 1734 queri
449 1657 488 1717 de
502 1663 532 1717 te
548 1656 736 1733 dominoque
752 1657 881 1733 viroque

131 1743 193 1805 Fas
207 1748 273 1817 est,
295 1741 335 1802 de
351 1739 475 1802 domino
490 1757 590 1817 pauca
605 1742 735 1816 viroque
751 1757 871 1817 querar.

90 1829 172 1902 Non,
195 1843 258 1905 cgo
272 1826 415 1903 poscenti
426 1826 517 1905 ,quod
534 1842 604 1887 sum
618 1825 679 1889 cito
698 1825 896 1901 tradita-regi,

130 1912 229 1988 eulpa
246 1918 299 1973 tua
315 1917 374 1971 est.
397 1907 538 1986 quamvis
553 1910 632 1971 haec
647 1926 771 1988 quoque
785 1910 875 1986 culpa
889 1917 941 1970 tua
955 1916 1011 1969 est.

90 1997 164 2057 llam
181 1996 275 2057 simul
288 1994 462 2073 Eurybates
476 2010 526 2054 me
541 1993 785 2074 Talthybiusque
802 2001 959 2064 vocarunt,

58 2092 86 2145 to
133 2080 285 2160 Eurybati
302 2078 374 2138 data
390 2094 459 2140 sum
473 2078 700 2158 Talthybioque
716 2094 832 2140 comes.

93 2167 175 2226 diter
188 2166 221 2225 in
237 2165 364 2225 alterius
383 2163 531 2223 iactantes
544 2161 659 2225 lumina
673 2164 791 2225 voltum

131 2247 329 2326 Quaerebant
344 2246 443 2323 taciti,
464 2253 572 2308 noster
585 2245 640 2308 ubi
654 2254 738 2308 esset
753 2263 847 2308 amor.

93 2334 210 2394 Differri
224 2332 324 2409 potui.
347 2346 468 2407 poenae
483 2347 571 2392 rnora
585 2337 672 2406 grata
688 2330 807 2393 fuisset.

129 2419 165 2478 Ei
179 2416 271 2490 mibi,
294 2415 461 2477 discedens
477 2415 585 2476 oscula
601 2415 684 2475 nulla
699 2416 781 2475 dedi.

59 2512 85 2564 ιι
94 2508 131 2563 ,ιι
145 2502 291 2563 lacrimas
307 2500 374 2560 sine
388 2500 451 2560 fine
465 2500 552 2575 dedi,
573 2499 705 2576 rupique
720 2499 864 2576 capillos:

130 2586 242 2646 lnlelix
257 2586 367 2645 iterum
382 2601 450 2645 sum
466 2583 539 2644 mihi
557 2583 627 2645 visa
644 2584 721 2661 capi.

92 2670 190 2747 Saepe
205 2684 273 2744 ego·
282 2669 415 2744 decepto
429 2667 514 2728 volui
528 2668 658 2730 custode
672 2668 800 2728 revertis

130 2753 193 2816 Sed
208 2770 260 2815 me
276 2753 329 2828 qui
344 2751 480 2813 timidam
499 2753 677 2829 prenderet,
698 2752 797 2812 hostis
815 2761 888 2812 erat.

93 2837 122 2899 Si
136 2854 308 2915 progressa
323 2837 435 2908 iorem,
457 2853 585 2913 caperer
599 2853 639 2896 ne
655 2843 746 2897 noete
763 2836 915 2913 timebam,

58 2930 86 2983 ιι
133 2921 309 2999 Quamlibet
322 2922 364 2982 ad
377 2921 488 2990 Priami
503 2938 613 2982 munus
629 2920 707 2983 itura
719 2938 838 2983 nurum.

92 3004 153 3067 Sed
168 3007 242 3067 data
255 3006 329 3081 sim,
351 3005 423 3082 quia
438 3005 541 3066 danda
556 3006 609 3065 lui.
640 3005 697 3066 Tot
712 3005 853 3066 noctibus
870 3005 987 3076 absum,

130 3090 194 3150 Nec
209 3097 343 3166 repeton.
368 3104 492 3165 cessas,
514 3090 622 3165 iraque
639 3091 720 3150 lenta
733 3096 785 3151 tua
801 3097 857 3150 est.

93 3173 159 3251 lpse
173 3174 387 3235 Menoetiades
402 3182 479 3248 tum,
503 3189 571 3234 eum
588 3174 747 3250 tradebar,
770 3175 798 3234 in
815 3190 920 3237 aurem

131 3259 224 3334 ‘Quid
243 3257 323 3318 dest
342 3257 394 3318 lde
410 3273 506 3332 parvo
522 3261 672 3333 tempore’
691 3258 769 3318 dixit
786 3258 884 3319 ‘eris'

59 3342 155 3404 bllou
169 3342 337 3420 repetisse,
361 3357 480 3418 parurn.
503 3358 638 3419 pugnas,
660 3359 699 3402 ue
714 3342 844 3418 reddar,
865 3339 984 3402 Achille

131 3428 144 3488 1
158 3443 257 3502 nunc,
278 3433 309 3487 et
323 3426 429 3504 cupidi
443 3441 555 3486 nomen
574 3427 704 3487 amantis
717 3424 815 3486 habe.-

96 3510 247 3573 Vencrunt
264 3511 305 3572 ad
317 3519 349 3573 te
364 3511 529 3572 Telamone
547 3517 576 3570 et
591 3512 762 3588 Amyntore
777 3511 849 3583 nati,
