2467 4042
117 227 184 294 294
308 245 406 283 cauas·
529 224 710 282 nutatim.

206 394 337 472 Proripit
359 410 393 454 ac
416 390 514 454 Latios
537 397 618 452 errat
639 408 746 453 resana
768 409 824 472 per
845 410 949 473 agros.

207 481 266 544 Sex
288 481 367 542 illam
390 487 493 542 noctes
505 528 515 561 ,
538 478 662 542 totidem
684 479 840 543 redeuntia
862 480 932 542 solis

206 568 331 632 humina
353 569 492 631 viderunt
513 570 634 649 inopem
657 570 812 648 somnique
836 568 954 650 cibique

140 669 192 720 425
207 658 266 720 Per
287 660 377 739 iuga,
400 674 454 738 per
476 655 587 737 ualles,
611 673 670 735 qua
691 657 755 719 fors
777 655 926 740 ducebat,
949 665 1090 722 euntem.

206 745 334 808 Ultimus
357 747 471 826 aspexit
492 744 620 825 Thybris
642 744 786 827 luctuque
808 747 914 826 viaque

152 867 197 880 -
210 834 331 896 Fessam
353 843 385 896 et
406 836 465 895 iam
486 832 573 913 longa
594 841 756 914 ponentem
778 852 904 914 corpora
926 837 1009 916 ripa.

205 923 269 986 Illic
292 940 362 985 cum
383 922 513 984 lacrimis
535 924 600 1001 ipso
623 921 772 984 modulata
794 922 897 985 dolore

205 1009 302 1074 Verba
324 1028 398 1074 sono
421 1012 505 1072 tenui
528 1027 663 1072 maerens
686 1009 850 1092 fundebat3
871 1019 907 1073 ut
929 1012 1001 1075 olim

140 1111 193 1163 tuo
207 1100 343 1164 Carmina
365 1102 424 1162 iam
445 1100 576 1161 moriens
599 1101 679 1160 canit
701 1099 864 1179 exequialia
886 1118 1018 1181 cygnus.

206 1188 350 1252 Luctibus
373 1195 539 1249 extremum
560 1194 667 1249 moues
689 1185 846 1266 liquefacta
869 1189 1014 1252 medullas

206 1277 335 1359 Tabuit,
357 1279 448 1357 inque
470 1275 549 1337 leves
571 1273 712 1355 paulatim
735 1279 854 1338 evanuit
875 1295 979 1339 auras.
1011 1291 1036 1335 r.
1052 1292 1132 1335 aare.

206 1365 294 1427 Fama
316 1373 416 1427 tamen
437 1366 552 1444 signata
573 1364 639 1426 loco
663 1370 730 1445 est,
752 1383 842 1445 quem
863 1367 922 1427 rite
945 1365 1111 1430 Canentem

206 1453 330 1516 Nomine
353 1452 391 1515 de
412 1452 558 1534 nymphae
580 1460 697 1525 veteres
719 1451 821 1515 dixere
843 1453 988 1516 Camenae
998 1450 1032 1516 .'’

139 1554 192 1605 435
206 1542 287 1605 ‘l'alia
309 1542 401 1604 multa
423 1540 497 1603 mihi
518 1540 640 1622 longum
662 1549 780 1603 narrata
794 1558 857 1621 ‘per
879 1560 990 1605 muum

205 1631 332 1711 Visaque
355 1638 445 1692 sunt.
473 1629 587 1691 resides
609 1638 641 1692 et
663 1628 859 1692 desuetudine
880 1631 959 1693 tardi

205 1720 323 1782 Rursus
344 1721 421 1781 inire
443 1720 576 1800 fretum,
598 1736 706 1781 rursus
729 1718 798 1781 dare
821 1719 885 1781 vela
906 1718 1068 1786 iubemur:

206 1809 417 1888 Ancipitesque
439 1809 502 1869 rias
525 1813 556 1868 et
576 1808 636 1869 iter
658 1806 772 1868 Titania
796 1817 912 1870 vastum

205 1897 327 1958 Dixerat
349 1904 379 1957 et
401 1897 480 1957 saevi
503 1902 616 1957 restare
639 1895 771 1977 pericula
793 1898 895 1976 ponti.

140 1995 192 2049 lio
205 1986 372 2066 Pertimui,
394 1985 511 2045 lateorz
533 1991 697 2063 nactusque
719 1983 776 2045 hoo
799 1985 891 2067 litus,
912 1986 1034 2047 adhaesi
1045 1981 1067 2047 .’

249 2072 381 2136 Finierat
402 2072 575 2134 Macareus.
601 2090 737 2153 urnaque
760 2073 869 2134 Aeneia
890 2078 993 2135 nutrix

207 2161 329 2224 Condita
351 2177 516 2224 marmorea
538 2161 652 2222 tumulo
675 2160 765 2222 breve
788 2179 908 2222 carmen
930 2161 1078 2228 habebat:

206 2247 343 2313 ‘Hieme
366 2248 495 2311 Caietam
518 2257 605 2311 notae
628 2250 747 2328 pietatis
770 2248 907 2311 alumnus

206 2338 346 2420 Ereptum
368 2337 504 2417 Argolico
527 2355 586 2417 quo
609 2336 734 2420 debuit,
756 2339 824 2417 igne
847 2331 1030 2419 cremavit?-

139 2439 191 2488 445
207 2427 336 2489 Solvitur
358 2426 486 2488 herboso
509 2425 651 2507 religatus
674 2424 709 2487 ab
733 2443 839 2506 aggere
861 2426 958 2509 lunis,

205 2515 243 2576 Et
265 2514 370 2595 procul
391 2514 513 2577 insidias
535 2515 751 2594 infamataeque
774 2514 948 2595 relinquunt

205 2603 296 2665 Tecta
318 2604 412 2684 dene,
434 2603 577 2682 lucesque
600 2610 728 2683 petunt,
750 2602 802 2664 ubi
825 2603 944 2665 nubilus
967 2603 1075 2666 umbra

205 2691 239 2753 ln
262 2709 343 2754 mare
365 2709 435 2754 curn
456 2691 530 2753 flava
551 2693 720 2772 prorumpit
742 2690 869 2771 Thybris
891 2692 1018 2753 lmrena.

205 2779 450 2862 Faunigenaeque
474 2779 560 2842 domo
583 2783 698 2862 potitur
720 2787 846 2860 nataque
869 2779 982 2861 Latini,

139 2879 191 2931 450
205 2869 270 2930 Non
294 2871 358 2931 sine
380 2868 473 2930 Marte
496 2876 617 2930 tamen.
644 2867 757 2930 bellum
780 2887 848 2930 cum
871 2876 958 2948 gente
982 2870 1077 2931 ierooi

207 2957 397 3040 Suscipitur,
413 2965 557 3037 pactaque
581 2958 655 3018 iurit
675 2975 730 3036 pro
754 2959 879 3038 coniuge
897 2957 1036 3020 Turnus.

206 3045 365 3108 Concurrit
386 3044 469 3106 Latio
492 3045 657 3125 Tyrrhenia
678 3053 761 3126 tota,
784 3045 894 3125 diuqtm

206 3132 305 3195 Ardua
327 3132 460 3195 sollicitis
483 3136 605 3195 victoria
629 3136 782 3214 quaeritur
804 3137 911 3196 armis.

204 3223 300 3302 burget
321 3231 448 3302 uterque
472 3240 541 3283 suas
564 3231 687 3284 externo
711 3222 819 3282 robore
842 3226 938 3285 vires:

138 3320 191 3371 tbi
205 3309 243 3371 ht
264 3309 352 3372 multi
372 3309 521 3393 Rutulos,
544 3310 631 3372 multi
653 3311 779 3372 Troiana
802 3319 923 3372 tuentur

174 3471 177 3476 ¹
205 3397 329 3460 Castra.
356 3417 453 3478 neque
477 3399 590 3461 Aeneas
613 3399 745 3461 Euandri
767 3399 804 3460 ad
826 3399 927 3460 limina
949 3401 1081 3484 frustra,

204 3487 242 3546 At
264 3485 394 3548 Venulus
417 3489 529 3549 frustra
551 3489 670 3566 profugi
692 3486 841 3548 Diomedis
864 3488 901 3548 ad
923 3488 1031 3551 urbem

204 3572 352 3636 Venerat.
379 3574 427 3635 ille
452 3574 571 3654 quidem
594 3575 651 3637 sub
674 3574 778 3656 iapyge
803 3579 927 3638 maxima
949 3576 1055 3640 Dauno
