2467 4042
200 231 266 295 212
474 229 661 334 nxronup
679 231 727 284 Ν.
744 234 929 285 mir-ue.

289 395 463 476 Ingeniique
485 396 533 455 sui
555 394 654 456 dictus
677 397 852 475 cognomine
874 396 1007 479 Largus,

334 484 443 545 Gallica
466 485 519 562 qui
540 482 702 562 Phrygium
725 483 810 544 duxit
831 487 865 545 in
887 504 956 546 arra
979 504 1116 550 senem:

291 573 408 652 Quique
427 574 507 632 canit
524 571 666 631 domitam
680 569 854 634 Camerinus
873 573 909 633 ab
927 573 1063 637 Hercule
1079 578 1215 639 Troiam:

135 708 145 730 .
242 674 276 723 20
334 659 452 739 Quique
475 677 529 721 sua
552 677 661 720 nomen
684 658 817 740 Phyllide
839 661 957 723 Tuscus
980 663 1098 727 habet:

291 748 471 828 Velivolique
494 749 583 809 maris
606 765 716 808 nomeu
728 794 737 828 ,
761 751 812 809 cui
834 750 958 811 credere
980 755 1086 831 possis

335 837 471 899 Carmina
493 835 647 898 caeruleos
670 840 873 915 composuisse
895 838 986 901 deos:

292 926 409 1005 Quique
432 927 512 986 acies
535 924 660 1004 Libycas
682 924 873 1006 Romanaque
896 928 1010 1007 proeba
1035 930 1139 992 dixit:
1222 971 1223 1012 ᾗ

335 1013 374 1074 Et
395 1013 529 1096 Marius,
551 1016 657 1093 scripti
678 1014 783 1075 dexter
804 1017 837 1075 in
859 1033 946 1076 omne
969 1034 1089 1095 genus:
1222 1085 1223 1108 χ

243 1115 277 1165 no
291 1103 523 1181 Trinacriusque
546 1119 617 1162 suae
641 1102 799 1163 Perseidos
822 1113 947 1183 auctor,
970 1113 1002 1165 et
1027 1116 1143 1169 auctor
1222 1111 1223 1136 ¹

336 1190 505 1252 Tantalidae
528 1189 648 1251 reducis
671 1190 914 1271 Tyndaridosque
937 1192 1063 1273 Lupus:

292 1279 330 1341 Et
352 1281 404 1359 qui
426 1278 589 1339 Maeoniam
611 1278 774 1340 Phaeacida
798 1283 909 1354 vertit,
932 1290 964 1342 et
986 1300 1050 1343 una

335 1367 508 1428 Pindaricae
530 1366 639 1428 fidicen
660 1374 694 1428 tu
718 1386 860 1449 quoque,
883 1368 982 1451 llnle,
1004 1370 1141 1450 lyraer·

292 1456 435 1535 Musaque
458 1455 587 1516 Turrani
610 1457 730 1535 tragicis
753 1459 854 1517 innixa
877 1458 1055 1540 cothurnis,

245 1558 279 1607 30
337 1543 376 1605 Et
397 1552 449 1605 tua
472 1563 541 1605 oum
563 1562 652 1604 socco
674 1543 780 1624 riusa,
803 1544 921 1606 Melisse
933 1593 943 1628 ,
965 1546 1045 1608 levi.

294 1633 367 1695 Cum
390 1632 485 1694 Varus
508 1633 719 1712 Gracchusque
742 1632 849 1694 darem
877 1635 940 1694 iera
962 1634 1046 1696 diota
1071 1642 1223 1722 tyrannis,1

338 1721 509 1782 Callimachi
530 1721 676 1781 Proculus
699 1721 786 1781 molle
810 1730 928 1783 teneret
949 1724 1027 1783 iter:

294 1809 417 1890 Tityron
440 1812 577 1889 antiquas
600 1826 763 1888 passerque
786 1809 899 1871 rediret
920 1810 956 1870 ad
980 1811 1120 1897 herbas,
1186 1843 1211 1858 α

337 1898 473 1978 Aptaque
496 1900 615 1958 venanti
638 1896 758 1958 Gratius
781 1916 861 1958 arma
884 1898 986 1961 daret:

245 1998 280 2049 35
294 1985 402 2047 Naidas
424 2004 441 2048 a
465 1989 572 2066 satyris
595 1994 716 2047 caneret
738 1985 889 2046 Fontanus
912 1996 1045 2067 amatas,

339 2074 497 2136 Clauderet
519 2073 683 2153 imparibus
706 2073 795 2134 verba
819 2073 934 2153 Capella
956 2074 1078 2140 modis.

294 2163 428 2242 iliumque
451 2164 550 2224 lorent
567 2163 639 2243 alii,
657 2178 785 2242 quorum
803 2162 876 2222 mibi
899 2172 1007 2224 cuneta
1031 2168 1206 2234 referretur

339 2251 465 2313 Nomina
487 2251 574 2329 longa
597 2269 680 2311 mora
703 2258 771 2332 est,
794 2253 924 2312 carmina
946 2250 1059 2330 vulgus
1085 2256 1191 2336 bahem

295 2338 404 2401 Essent
426 2348 457 2400 et
479 2342 625 2421 iuvenes,
648 2356 776 2418 quorum
798 2340 878 2418 quod
901 2338 1011 2401 inedita
1036 2360 1120 2406 cura
1144 2357 1199 2426 est,

246 2441 281 2491 40
335 2428 585 2508 Adpellandorum
608 2427 650 2488 nil
673 2428 746 2487 mihi
768 2430 843 2488 iuris
867 2428 966 2489 adest.

295 2515 337 2579 Te
361 2527 459 2578 tamen
482 2520 513 2577 in
536 2515 624 2577 turba
647 2534 706 2577 non
729 2519 845 2597 ausim,
868 2516 954 2578 Cotta
966 2565 974 2596 ,
998 2516 1117 2604 silere,

340 2605 492 2667 Pieridum
515 2604 615 2666 lumen
638 2604 878 2684 praesidiumque
902 2607 975 2684 lori,

296 2694 446 2765 Maternus
470 2694 570 2755 Cottas
593 2696 644 2754 cui
666 2692 874 2772 Messallasque
897 2702 1039 2772 paternos

340 2781 465 2844 Maxima
488 2781 627 2843 nobilitas
649 2784 828 2861 ingeminata
850 2782 948 2843 dedit.

248 2882 282 2931 45
297 2870 402 2932 Dicere
426 2874 452 2931 si
475 2871 518 2931 las
542 2879 609 2948 est,
633 2871 712 2931 claro
735 2888 800 2930 mea
823 2874 942 2932 nomine
964 2870 1054 2934 Musa

341 2961 437 3039 Atque
460 2962 539 3020 inter
561 2968 659 3020 tantos
683 2976 759 3039 qnae
781 2959 953 3041 legeretur,
975 2969 1062 3022 erat.

297 3048 376 3127 Ergo
400 3058 580 3109 summotum
603 3049 699 3127 patria
720 3047 936 3128 proscindere,
959 3046 1072 3132 Livor,

343 3139 476 3216 Desine,
500 3155 559 3197 neu
582 3139 700 3197 cineres
723 3153 851 3216 sparge,
875 3145 1021 3218 cruente,
1045 3157 1155 3205 meos.

299 3225 405 3287 Omnia
428 3225 629 3303 perdidimus:
659 3224 863 3285 tantummodo
886 3227 944 3285 vita
967 3225 1078 3289 relicta
1102 3242 1169 3315 est,

252 3324 285 3373 5ο
343 3313 488 3374 Praebeat
511 3320 545 3375 ut
567 3331 688 3373 sensum
711 3315 925 3393 materiemque
947 3313 1034 3375 mali.

301 3401 378 3472 Quid
401 3403 482 3462 iuvat
505 3404 651 3462 extinctos
675 3402 788 3462 lerrum
811 3401 967 3463 demittere
989 3403 1023 3462 in
1046 3407 1166 3472 artus?

344 3489 411 3548 Non
433 3489 523 3550 habet
545 3492 576 3550 in
599 3489 685 3549 nobis
708 3492 766 3550 iam
789 3507 864 3550 nova
886 3490 970 3570 plaga
992 3489 1120 3558 locum.
