<?xml version="1.0" encoding="UTF-8"?>
<!DOCTYPE html PUBLIC "-//W3C//DTD XHTML 1.0 Transitional//EN"
    "http://www.w3.org/TR/xhtml1/DTD/xhtml1-transitional.dtd">
<html xmlns="http://www.w3.org/1999/xhtml" xml:lang="en" lang="en">
 <head>
  <title>
</title>
<meta http-equiv="Content-Type" content="text/html;charset=utf-8" />
  <meta name='ocr-system' content='tesseract 3.04.00' />
  <meta name='ocr-capabilities' content='ocr_page ocr_carea ocr_par ocr_line ocrx_word'/>
</head>
<body>
  <div class='ocr_page' id='page_1' title='image "./povidiusnaso00ehwagoog_0918.png"; bbox 0 0 2467 4042; ppageno 0'>
   <div class='ocr_carea' id='block_1_1' title="bbox 155 287 715 350">
    <p class='ocr_par' dir='ltr' id='par_1_1' title="bbox 155 287 715 350">
     <span class='ocr_line' id='line_1_1' title="bbox 155 287 715 350; baseline 0.004 -14"><span class='ocrx_word' id='word_1_1' title='bbox 155 287 219 350; x_wconf 85' lang='lat'><strong>108</strong></span> <span class='ocrx_word' id='word_1_2' title='bbox 603 287 715 338; x_wconf 82' lang='lat' dir='ltr'><strong>nume</strong></span> 
     </span>
    </p>
   </div>
   <div class='ocr_carea' id='block_1_2' title="bbox 241 448 1119 712">
    <p class='ocr_par' dir='ltr' id='par_1_2' title="bbox 241 448 1119 712">
     <span class='ocr_line' id='line_1_2' title="bbox 241 448 1119 533; baseline 0.007 -23"><span class='ocrx_word' id='word_1_3' title='bbox 241 448 343 529; x_wconf 87' lang='lat' dir='ltr'><strong>Deque</strong></span> <span class='ocrx_word' id='word_1_4' title='bbox 366 458 418 511; x_wconf 93' lang='lat' dir='ltr'><strong>tuo</strong></span> <span class='ocrx_word' id='word_1_5' title='bbox 441 450 493 511; x_wconf 87' lang='lat' dir='ltr'><strong>liet</strong></span> <span class='ocrx_word' id='word_1_6' title='bbox 511 483 544 493; x_wconf 96' lang='lat'><em>-</em></span> <span class='ocrx_word' id='word_1_7' title='bbox 562 450 633 512; x_wconf 90' lang='lat' dir='ltr'><strong>licet</strong></span> <span class='ocrx_word' id='word_1_8' title='bbox 654 450 711 512; x_wconf 89' lang='lat' dir='ltr'><strong>hac</strong></span> <span class='ocrx_word' id='word_1_9' title='bbox 733 453 775 512; x_wconf 90' lang='lat' dir='ltr'><strong>sis</strong></span> <span class='ocrx_word' id='word_1_10' title='bbox 796 450 883 512; x_wconf 91' lang='lat' dir='ltr'><strong>laude</strong></span> <span class='ocrx_word' id='word_1_11' title='bbox 906 452 1060 533; x_wconf 88' lang='lat' dir='ltr'><strong>superbus</strong></span> <span class='ocrx_word' id='word_1_12' title='bbox 1078 489 1119 500; x_wconf 92' lang='lat'><em>-</em></span> 
     </span>
     <span class='ocr_line' id='line_1_3' title="bbox 285 537 857 619; baseline 0.005 -21"><span class='ocrx_word' id='word_1_13' title='bbox 285 537 504 600; x_wconf 81' lang='lat' dir='ltr'><strong>Insatiabilibus</strong></span> <span class='ocrx_word' id='word_1_14' title='bbox 527 557 653 618; x_wconf 84' lang='lat' dir='ltr'><strong>corpore</strong></span> <span class='ocrx_word' id='word_1_15' title='bbox 675 541 739 600; x_wconf 84' lang='lat' dir='ltr'><strong>rixa</strong></span> <span class='ocrx_word' id='word_1_16' title='bbox 761 539 857 619; x_wconf 87' lang='lat' dir='ltr'><strong>lupis.</strong></span> 
     </span>
     <span class='ocr_line' id='line_1_4' title="bbox 241 626 1010 712; baseline 0.004 -25"><span class='ocrx_word' id='word_1_17' title='bbox 241 626 276 688; x_wconf 95' lang='lat' dir='ltr'><strong>ln</strong></span> <span class='ocrx_word' id='word_1_18' title='bbox 298 626 362 688; x_wconf 92' lang='lat' dir='ltr'><strong>loca</strong></span> <span class='ocrx_word' id='word_1_19' title='bbox 385 626 421 687; x_wconf 94' lang='lat' dir='ltr'><strong>ab</strong></span> <span class='ocrx_word' id='word_1_20' title='bbox 444 626 552 706; x_wconf 81' lang='lat' dir='ltr'><strong>Elysiis</strong></span> <span class='ocrx_word' id='word_1_21' title='bbox 574 628 691 688; x_wconf 89' lang='lat' dir='ltr'><strong>diversa</strong></span> <span class='ocrx_word' id='word_1_22' title='bbox 713 626 857 689; x_wconf 82' lang='lat' dir='ltr'>vocabere</span> <span class='ocrx_word' id='word_1_23' title='bbox 881 630 1010 712; x_wconf 90' lang='lat' dir='ltr'><strong>campis,</strong></span> 
     </span>
    </p>
   </div>
   <div class='ocr_carea' id='block_1_3' title="bbox 172 714 1172 3688">
    <p class='ocr_par' dir='ltr' id='par_1_3' title="bbox 172 714 1172 3688">
     <span class='ocr_line' id='line_1_5' title="bbox 286 714 1001 797; baseline 0.007 -23"><span class='ocrx_word' id='word_1_24' title='bbox 286 714 424 794; x_wconf 88' lang='lat' dir='ltr'><strong>Quasque</strong></span> <span class='ocrx_word' id='word_1_25' title='bbox 448 722 531 777; x_wconf 89' lang='lat' dir='ltr'><strong>tenet</strong></span> <span class='ocrx_word' id='word_1_26' title='bbox 553 715 640 776; x_wconf 91' lang='lat' dir='ltr'><strong>sedes</strong></span> <span class='ocrx_word' id='word_1_27' title='bbox 663 717 750 777; x_wconf 81' lang='lat' dir='ltr'><strong>noxia</strong></span> <span class='ocrx_word' id='word_1_28' title='bbox 771 715 881 797; x_wconf 86' lang='lat' dir='ltr'><strong>turba,</strong></span> <span class='ocrx_word' id='word_1_29' title='bbox 904 717 1001 779; x_wconf 89' lang='lat' dir='ltr'><strong>coles.</strong></span> 
     </span>
     <span class='ocr_line' id='line_1_6' title="bbox 177 802 1076 888; baseline 0.002 -23"><span class='ocrx_word' id='word_1_30' title='bbox 177 815 227 865; x_wconf 80' lang='lat'><strong>1⁷5</strong></span> <span class='ocrx_word' id='word_1_31' title='bbox 243 802 387 882; x_wconf 77' lang='lat' dir='ltr'><strong>Sisyphus</strong></span> <span class='ocrx_word' id='word_1_32' title='bbox 410 802 538 865; x_wconf 90' lang='lat' dir='ltr'><strong>estillic</strong></span> <span class='ocrx_word' id='word_1_33' title='bbox 562 821 665 864; x_wconf 80' lang='lat' dir='ltr'><strong>saxum</strong></span> <span class='ocrx_word' id='word_1_34' title='bbox 687 804 866 884; x_wconf 81' lang='lat' dir='ltr'><strong>volvensque</strong></span> <span class='ocrx_word' id='word_1_35' title='bbox 889 812 1076 888; x_wconf 90' lang='lat' dir='ltr'><strong>petensque,</strong></span> 
     </span>
     <span class='ocr_line' id='line_1_7' title="bbox 286 891 1089 976; baseline 0.004 -24"><span class='ocrx_word' id='word_1_36' title='bbox 286 891 404 970; x_wconf 81' lang='lat' dir='ltr'><strong>Quique</strong></span> <span class='ocrx_word' id='word_1_37' title='bbox 427 894 524 971; x_wconf 89' lang='lat' dir='ltr'><strong>agitur</strong></span> <span class='ocrx_word' id='word_1_38' title='bbox 546 892 666 972; x_wconf 80' lang='lat' dir='ltr'><strong>rapidae</strong></span> <span class='ocrx_word' id='word_1_39' title='bbox 689 894 806 953; x_wconf 87' lang='lat' dir='ltr'><strong>vinctus</strong></span> <span class='ocrx_word' id='word_1_40' title='bbox 828 892 865 953; x_wconf 95' lang='lat' dir='ltr'><strong>ab</strong></span> <span class='ocrx_word' id='word_1_41' title='bbox 888 892 961 954; x_wconf 89' lang='lat' dir='ltr'><strong>orbe</strong></span> <span class='ocrx_word' id='word_1_42' title='bbox 984 902 1089 976; x_wconf 90' lang='lat' dir='ltr'><strong>rotae,</strong></span> 
     </span>
     <span class='ocr_line' id='line_1_8' title="bbox 242 979 1172 1064; baseline 0 -24"><span class='ocrx_word' id='word_1_43' title='bbox 242 979 383 1058; x_wconf 78' lang='lat' dir='ltr'><strong>Quaeque</strong></span> <span class='ocrx_word' id='word_1_44' title='bbox 406 988 515 1058; x_wconf 88' lang='lat' dir='ltr'><strong>gerunt</strong></span> <span class='ocrx_word' id='word_1_45' title='bbox 536 983 649 1041; x_wconf 88' lang='lat' dir='ltr'><strong>umeris</strong></span> <span class='ocrx_word' id='word_1_46' title='bbox 672 983 821 1060; x_wconf 87' lang='lat' dir='ltr'><strong>perituras</strong></span> <span class='ocrx_word' id='word_1_47' title='bbox 844 980 960 1042; x_wconf 79' lang='lat' dir='ltr'><strong>Belides</strong></span> <span class='ocrx_word' id='word_1_48' title='bbox 984 982 1102 1064; x_wconf 89' lang='lat' dir='ltr'><strong>undas,</strong></span> <span class='ocrx_word' id='word_1_49' title='bbox 1141 988 1172 1041; x_wconf 80' lang='lat' dir='ltr'><strong>(a)</strong></span> 
     </span>
     <span class='ocr_line' id='line_1_9' title="bbox 285 1066 973 1149; baseline 0.004 -21"><span class='ocrx_word' id='word_1_50' title='bbox 285 1066 387 1129; x_wconf 80' lang='lat' dir='ltr'><strong>Exulis</strong></span> <span class='ocrx_word' id='word_1_51' title='bbox 410 1069 556 1149; x_wconf 79' lang='lat' dir='ltr'><strong>Aegypti,</strong></span> <span class='ocrx_word' id='word_1_52' title='bbox 579 1068 667 1129; x_wconf 94' lang='lat' dir='ltr'><strong>turba</strong></span> <span class='ocrx_word' id='word_1_53' title='bbox 690 1078 815 1130; x_wconf 91' lang='lat' dir='ltr'><strong>cruenta</strong></span> <span class='ocrx_word' id='word_1_54' title='bbox 826 1117 835 1149; x_wconf 95' lang='lat'><strong>,</strong></span> <span class='ocrx_word' id='word_1_55' title='bbox 858 1087 973 1131; x_wconf 89' lang='lat' dir='ltr'><strong>nurus.</strong></span> 
     </span>
     <span class='ocr_line' id='line_1_10' title="bbox 241 1155 1090 1238; baseline 0.004 -22"><span class='ocrx_word' id='word_1_56' title='bbox 241 1155 331 1217; x_wconf 88' lang='lat' dir='ltr'><strong>Poma</strong></span> <span class='ocrx_word' id='word_1_57' title='bbox 353 1163 438 1235; x_wconf 90' lang='lat' dir='ltr'><strong>pater</strong></span> <span class='ocrx_word' id='word_1_58' title='bbox 461 1156 579 1236; x_wconf 89' lang='lat' dir='ltr'><strong>Pelopis</strong></span> <span class='ocrx_word' id='word_1_59' title='bbox 602 1159 771 1236; x_wconf 88' lang='lat' dir='ltr'><strong>praeseutia</strong></span> <span class='ocrx_word' id='word_1_60' title='bbox 794 1160 932 1238; x_wconf 89' lang='lat' dir='ltr'><strong>quaerit,</strong></span> <span class='ocrx_word' id='word_1_61' title='bbox 955 1158 1090 1220; x_wconf 85' lang='lat' dir='ltr'><strong>elidem</strong></span> 
     </span>
     <span class='ocr_line' id='line_1_11' title="bbox 177 1243 1088 1328; baseline 0 -21"><span class='ocrx_word' id='word_1_62' title='bbox 177 1256 228 1307; x_wconf 79' lang='lat'><strong>180</strong></span> <span class='ocrx_word' id='word_1_63' title='bbox 287 1243 411 1324; x_wconf 85' lang='lat' dir='ltr'><strong>Semper</strong></span> <span class='ocrx_word' id='word_1_64' title='bbox 435 1254 523 1326; x_wconf 86' lang='lat' dir='ltr'><strong>eget,</strong></span> <span class='ocrx_word' id='word_1_65' title='bbox 545 1244 666 1324; x_wconf 86' lang='lat' dir='ltr'><strong>liquidis</strong></span> <span class='ocrx_word' id='word_1_66' title='bbox 689 1263 807 1325; x_wconf 83' lang='lat' dir='ltr'><strong>semper</strong></span> <span class='ocrx_word' id='word_1_67' title='bbox 830 1245 960 1308; x_wconf 88' lang='lat' dir='ltr'><strong>abundat</strong></span> <span class='ocrx_word' id='word_1_68' title='bbox 982 1249 1088 1328; x_wconf 82' lang='lat' dir='ltr'><strong>aquis3</strong></span> 
     </span>
     <span class='ocr_line' id='line_1_12' title="bbox 240 1331 1093 1418; baseline 0.004 -25"><span class='ocrx_word' id='word_1_69' title='bbox 240 1331 455 1412; x_wconf 80' lang='lat' dir='ltr'><strong>Iugeribusque</strong></span> <span class='ocrx_word' id='word_1_70' title='bbox 479 1350 585 1393; x_wconf 83' lang='lat' dir='ltr'><strong>novem</strong></span> <span class='ocrx_word' id='word_1_71' title='bbox 608 1351 742 1395; x_wconf 90' lang='lat' dir='ltr'><strong>summus</strong></span> <span class='ocrx_word' id='word_1_72' title='bbox 766 1336 818 1412; x_wconf 92' lang='lat' dir='ltr'><strong>qui</strong></span> <span class='ocrx_word' id='word_1_73' title='bbox 840 1335 930 1395; x_wconf 90' lang='lat' dir='ltr'><strong>distat</strong></span> <span class='ocrx_word' id='word_1_74' title='bbox 952 1333 989 1395; x_wconf 94' lang='lat' dir='ltr'><strong>ab</strong></span> <span class='ocrx_word' id='word_1_75' title='bbox 1011 1336 1093 1418; x_wconf 92' lang='lat' dir='ltr'><strong>imo,</strong></span> 
     </span>
     <span class='ocr_line' id='line_1_13' title="bbox 285 1419 975 1500; baseline 0.003 -20"><span class='ocrx_word' id='word_1_76' title='bbox 285 1419 463 1500; x_wconf 77' lang='lat' dir='ltr'><strong>Visceraque</strong></span> <span class='ocrx_word' id='word_1_77' title='bbox 487 1420 622 1482; x_wconf 87' lang='lat' dir='ltr'><strong>assiduae</strong></span> <span class='ocrx_word' id='word_1_78' title='bbox 647 1421 744 1482; x_wconf 89' lang='lat' dir='ltr'><strong>debita</strong></span> <span class='ocrx_word' id='word_1_79' title='bbox 767 1420 890 1500; x_wconf 90' lang='lat' dir='ltr'><strong>praebet</strong></span> <span class='ocrx_word' id='word_1_80' title='bbox 913 1425 975 1483; x_wconf 87' lang='lat' dir='ltr'><strong>avi.</strong></span> 
     </span>
     <span class='ocr_line' id='line_1_14' title="bbox 240 1508 1028 1592; baseline 0.004 -24"><span class='ocrx_word' id='word_1_81' title='bbox 240 1508 296 1569; x_wconf 88' lang='lat' dir='ltr'><strong>liic</strong></span> <span class='ocrx_word' id='word_1_82' title='bbox 319 1508 373 1570; x_wconf 90' lang='lat' dir='ltr'><strong>tibi</strong></span> <span class='ocrx_word' id='word_1_83' title='bbox 396 1510 432 1570; x_wconf 93' lang='lat' dir='ltr'><strong>de</strong></span> <span class='ocrx_word' id='word_1_84' title='bbox 455 1508 554 1570; x_wconf 85' lang='lat' dir='ltr'><strong>Furiis</strong></span> <span class='ocrx_word' id='word_1_85' title='bbox 577 1509 693 1571; x_wconf 85' lang='lat' dir='ltr'><strong>scindet</strong></span> <span class='ocrx_word' id='word_1_86' title='bbox 715 1510 792 1571; x_wconf 91' lang='lat' dir='ltr'><strong>latus</strong></span> <span class='ocrx_word' id='word_1_87' title='bbox 815 1528 874 1572; x_wconf 91' lang='lat' dir='ltr'><strong>una</strong></span> <span class='ocrx_word' id='word_1_88' title='bbox 896 1510 1028 1592; x_wconf 83' lang='lat' dir='ltr'><strong>flagello,</strong></span> 
     </span>
     <span class='ocr_line' id='line_1_15' title="bbox 284 1596 903 1660; baseline 0.003 -3"><span class='ocrx_word' id='word_1_89' title='bbox 284 1596 324 1658; x_wconf 92' lang='lat' dir='ltr'><strong>Ut</strong></span> <span class='ocrx_word' id='word_1_90' title='bbox 346 1597 467 1659; x_wconf 90' lang='lat' dir='ltr'><strong>sceleris</strong></span> <span class='ocrx_word' id='word_1_91' title='bbox 490 1615 631 1658; x_wconf 91' lang='lat' dir='ltr'><strong>numeros</strong></span> <span class='ocrx_word' id='word_1_92' title='bbox 655 1598 814 1660; x_wconf 85' lang='lat' dir='ltr'><strong>confiteare</strong></span> <span class='ocrx_word' id='word_1_93' title='bbox 837 1600 903 1659; x_wconf 73' lang='lat' dir='ltr'><strong>tuiz</strong></span> 
     </span>
     <span class='ocr_line' id='line_1_16' title="bbox 175 1684 1024 1766; baseline 0.001 -20"><span class='ocrx_word' id='word_1_94' title='bbox 175 1695 225 1748; x_wconf 79' lang='lat' dir='ltr'><strong>18t</strong></span> <span class='ocrx_word' id='word_1_95' title='bbox 240 1684 339 1747; x_wconf 76' lang='lat' dir='ltr'><strong>Altera</strong></span> <span class='ocrx_word' id='word_1_96' title='bbox 362 1685 511 1747; x_wconf 82' lang='lat' dir='ltr'><strong>Tartareis</strong></span> <span class='ocrx_word' id='word_1_97' title='bbox 534 1694 632 1747; x_wconf 90' lang='lat' dir='ltr'><strong>sectos</strong></span> <span class='ocrx_word' id='word_1_98' title='bbox 655 1685 736 1748; x_wconf 90' lang='lat' dir='ltr'><strong>dabit</strong></span> <span class='ocrx_word' id='word_1_99' title='bbox 758 1686 904 1766; x_wconf 84' lang='lat' dir='ltr'><strong>anguibus</strong></span> <span class='ocrx_word' id='word_1_100' title='bbox 927 1695 1024 1747; x_wconf 87' lang='lat' dir='ltr'><strong>artus:</strong></span> 
     </span>
     <span class='ocr_line' id='line_1_17' title="bbox 285 1773 947 1854; baseline 0.005 -21"><span class='ocrx_word' id='word_1_101' title='bbox 285 1773 385 1835; x_wconf 86' lang='lat' dir='ltr'><strong>Tertia</strong></span> <span class='ocrx_word' id='word_1_102' title='bbox 408 1774 555 1835; x_wconf 82' lang='lat' dir='ltr'><strong>fumantes</strong></span> <span class='ocrx_word' id='word_1_103' title='bbox 578 1776 721 1853; x_wconf 88' lang='lat' dir='ltr'><strong>incoquet</strong></span> <span class='ocrx_word' id='word_1_104' title='bbox 742 1777 811 1854; x_wconf 91' lang='lat' dir='ltr'><strong>igne</strong></span> <span class='ocrx_word' id='word_1_105' title='bbox 834 1792 947 1854; x_wconf 89' lang='lat' dir='ltr'><strong>genas.</strong></span> 
     </span>
     <span class='ocr_line' id='line_1_18' title="bbox 240 1861 1055 1944; baseline 0.001 -22"><span class='ocrx_word' id='word_1_106' title='bbox 240 1861 333 1923; x_wconf 79' lang='lat' dir='ltr'><strong>Noxia</strong></span> <span class='ocrx_word' id='word_1_107' title='bbox 356 1861 435 1923; x_wconf 91' lang='lat' dir='ltr'><strong>mille</strong></span> <span class='ocrx_word' id='word_1_108' title='bbox 458 1862 554 1922; x_wconf 90' lang='lat' dir='ltr'><strong>modis</strong></span> <span class='ocrx_word' id='word_1_109' title='bbox 577 1862 756 1924; x_wconf 88' lang='lat' dir='ltr'><strong>lacerabitur</strong></span> <span class='ocrx_word' id='word_1_110' title='bbox 778 1862 906 1944; x_wconf 89' lang='lat' dir='ltr'><strong>umbra,</strong></span> <span class='ocrx_word' id='word_1_111' title='bbox 929 1871 1055 1942; x_wconf 92' lang='lat' dir='ltr'><strong>tuasque</strong></span> 
     </span>
     <span class='ocr_line' id='line_1_19' title="bbox 285 1950 880 2030; baseline 0.003 -20"><span class='ocrx_word' id='word_1_112' title='bbox 285 1950 400 2011; x_wconf 78' lang='lat' dir='ltr'><strong>Aeacus</strong></span> <span class='ocrx_word' id='word_1_113' title='bbox 422 1953 454 2010; x_wconf 91' lang='lat' dir='ltr'><strong>in</strong></span> <span class='ocrx_word' id='word_1_114' title='bbox 476 1968 587 2030; x_wconf 91' lang='lat' dir='ltr'><strong>poenas</strong></span> <span class='ocrx_word' id='word_1_115' title='bbox 610 1952 783 2029; x_wconf 90' lang='lat' dir='ltr'><strong>ingeniosus</strong></span> <span class='ocrx_word' id='word_1_116' title='bbox 806 1953 880 2012; x_wconf 85' lang='lat' dir='ltr'><strong>erit.</strong></span> 
     </span>
     <span class='ocr_line' id='line_1_20' title="bbox 239 2037 1015 2101; baseline 0 -2"><span class='ocrx_word' id='word_1_117' title='bbox 239 2037 274 2099; x_wconf 92' lang='lat' dir='ltr'><strong>ln</strong></span> <span class='ocrx_word' id='word_1_118' title='bbox 296 2046 326 2099; x_wconf 89' lang='lat' dir='ltr'><strong>te</strong></span> <span class='ocrx_word' id='word_1_119' title='bbox 349 2038 529 2099; x_wconf 90' lang='lat' dir='ltr'><strong>transcribet</strong></span> <span class='ocrx_word' id='word_1_120' title='bbox 549 2047 685 2099; x_wconf 87' lang='lat' dir='ltr'><strong>veterum</strong></span> <span class='ocrx_word' id='word_1_121' title='bbox 707 2046 856 2100; x_wconf 90' lang='lat' dir='ltr'><strong>tormenta</strong></span> <span class='ocrx_word' id='word_1_122' title='bbox 878 2056 1015 2101; x_wconf 86' lang='lat' dir='ltr'><strong>reorum:</strong></span> 
     </span>
     <span class='ocr_line' id='line_1_21' title="bbox 176 2124 927 2206; baseline 0.003 -19"><span class='ocrx_word' id='word_1_123' title='bbox 176 2138 226 2188; x_wconf 82' lang='lat'><strong>190</strong></span> <span class='ocrx_word' id='word_1_124' title='bbox 286 2124 431 2187; x_wconf 88' lang='lat' dir='ltr'><strong>Omnibus</strong></span> <span class='ocrx_word' id='word_1_125' title='bbox 454 2128 584 2206; x_wconf 90' lang='lat' dir='ltr'><strong>antiquis</strong></span> <span class='ocrx_word' id='word_1_126' title='bbox 606 2144 694 2187; x_wconf 93' lang='lat' dir='ltr'><strong>causa</strong></span> <span class='ocrx_word' id='word_1_127' title='bbox 718 2128 826 2206; x_wconf 89' lang='lat' dir='ltr'><strong>quietis</strong></span> <span class='ocrx_word' id='word_1_128' title='bbox 849 2129 927 2189; x_wconf 88' lang='lat' dir='ltr'><strong>eris.</strong></span> 
     </span>
     <span class='ocr_line' id='line_1_22' title="bbox 241 2213 1098 2296; baseline 0.004 -21"><span class='ocrx_word' id='word_1_129' title='bbox 241 2214 388 2295; x_wconf 86' lang='lat' dir='ltr'><strong>Sisyphe,</strong></span> <span class='ocrx_word' id='word_1_130' title='bbox 411 2217 460 2276; x_wconf 89' lang='lat' dir='ltr'><strong>oui</strong></span> <span class='ocrx_word' id='word_1_131' title='bbox 483 2214 582 2276; x_wconf 90' lang='lat' dir='ltr'><strong>tradas</strong></span> <span class='ocrx_word' id='word_1_132' title='bbox 604 2214 767 2277; x_wconf 84' lang='lat' dir='ltr'><strong>revolubile</strong></span> <span class='ocrx_word' id='word_1_133' title='bbox 790 2215 908 2294; x_wconf 91' lang='lat' dir='ltr'><strong>pondus</strong></span> <span class='ocrx_word' id='word_1_134' title='bbox 920 2262 929 2296; x_wconf 97' lang='lat'><strong>,</strong></span> <span class='ocrx_word' id='word_1_135' title='bbox 952 2213 1098 2278; x_wconf 85' lang='lat' dir='ltr'><strong>habebis:</strong></span> 
     </span>
     <span class='ocr_line' id='line_1_23' title="bbox 284 2301 1064 2365; baseline 0.004 -3"><span class='ocrx_word' id='word_1_136' title='bbox 284 2301 451 2364; x_wconf 89' lang='lat' dir='ltr'><strong>Versabunt</strong></span> <span class='ocrx_word' id='word_1_137' title='bbox 474 2303 587 2364; x_wconf 90' lang='lat' dir='ltr'><strong>celeres</strong></span> <span class='ocrx_word' id='word_1_138' title='bbox 609 2321 690 2364; x_wconf 89' lang='lat' dir='ltr'><strong>nuno</strong></span> <span class='ocrx_word' id='word_1_139' title='bbox 712 2321 787 2365; x_wconf 87' lang='lat' dir='ltr'><strong>nova</strong></span> <span class='ocrx_word' id='word_1_140' title='bbox 809 2302 941 2364; x_wconf 89' lang='lat' dir='ltr'><strong>membra</strong></span> <span class='ocrx_word' id='word_1_141' title='bbox 963 2311 1064 2365; x_wconf 84' lang='lat' dir='ltr'><strong>rotae:</strong></span> 
     </span>
     <span class='ocr_line' id='line_1_24' title="bbox 240 2390 1095 2473; baseline 0.004 -22"><span class='ocrx_word' id='word_1_142' title='bbox 240 2390 296 2452; x_wconf 89' lang='lat' dir='ltr'><strong>llic</strong></span> <span class='ocrx_word' id='word_1_143' title='bbox 319 2394 452 2473; x_wconf 89' lang='lat' dir='ltr'><strong>eterit,</strong></span> <span class='ocrx_word' id='word_1_144' title='bbox 474 2409 572 2452; x_wconf 91' lang='lat' dir='ltr'><strong>ramos</strong></span> <span class='ocrx_word' id='word_1_145' title='bbox 595 2392 707 2452; x_wconf 84' lang='lat' dir='ltr'><strong>frustra</strong></span> <span class='ocrx_word' id='word_1_146' title='bbox 730 2394 781 2471; x_wconf 92' lang='lat' dir='ltr'><strong>qui</strong></span> <span class='ocrx_word' id='word_1_147' title='bbox 804 2399 903 2471; x_wconf 92' lang='lat' dir='ltr'><strong>captet</strong></span> <span class='ocrx_word' id='word_1_148' title='bbox 925 2398 956 2452; x_wconf 90' lang='lat' dir='ltr'><strong>et</strong></span> <span class='ocrx_word' id='word_1_149' title='bbox 978 2392 1095 2455; x_wconf 85' lang='lat' dir='ltr'><strong>undas:</strong></span> 
     </span>
     <span class='ocr_line' id='line_1_25' title="bbox 283 2479 941 2560; baseline 0.002 -20"><span class='ocrx_word' id='word_1_150' title='bbox 283 2479 339 2541; x_wconf 89' lang='lat' dir='ltr'><strong>llic</strong></span> <span class='ocrx_word' id='word_1_151' title='bbox 361 2482 570 2559; x_wconf 85' lang='lat' dir='ltr'><strong>inconsumpto</strong></span> <span class='ocrx_word' id='word_1_152' title='bbox 593 2482 707 2541; x_wconf 88' lang='lat' dir='ltr'><strong>viscere</strong></span> <span class='ocrx_word' id='word_1_153' title='bbox 731 2487 833 2560; x_wconf 90' lang='lat' dir='ltr'><strong>pascet</strong></span> <span class='ocrx_word' id='word_1_154' title='bbox 856 2497 941 2542; x_wconf 87' lang='lat' dir='ltr'><strong>aves.</strong></span> 
     </span>
     <span class='ocr_line' id='line_1_26' title="bbox 175 2567 1015 2649; baseline -0.002 -18"><span class='ocrx_word' id='word_1_155' title='bbox 175 2580 226 2631; x_wconf 80' lang='lat' dir='ltr'><strong>iao</strong></span> <span class='ocrx_word' id='word_1_156' title='bbox 240 2567 301 2629; x_wconf 90' lang='lat' dir='ltr'><strong>Neo</strong></span> <span class='ocrx_word' id='word_1_157' title='bbox 325 2571 429 2630; x_wconf 85' lang='lat' dir='ltr'><strong>mortis</strong></span> <span class='ocrx_word' id='word_1_158' title='bbox 451 2586 563 2648; x_wconf 92' lang='lat' dir='ltr'><strong>poenas</strong></span> <span class='ocrx_word' id='word_1_159' title='bbox 584 2586 667 2629; x_wconf 92' lang='lat' dir='ltr'><strong>mors</strong></span> <span class='ocrx_word' id='word_1_160' title='bbox 690 2567 781 2629; x_wconf 92' lang='lat' dir='ltr'><strong>altera</strong></span> <span class='ocrx_word' id='word_1_161' title='bbox 804 2569 887 2629; x_wconf 90' lang='lat' dir='ltr'><strong>liniet</strong></span> <span class='ocrx_word' id='word_1_162' title='bbox 909 2568 1015 2649; x_wconf 91' lang='lat' dir='ltr'><strong>huius,</strong></span> 
     </span>
     <span class='ocr_line' id='line_1_27' title="bbox 283 2655 969 2737; baseline 0 -21"><span class='ocrx_word' id='word_1_163' title='bbox 283 2656 422 2737; x_wconf 86' lang='lat' dir='ltr'><strong>Horaque</strong></span> <span class='ocrx_word' id='word_1_164' title='bbox 446 2659 503 2718; x_wconf 90' lang='lat' dir='ltr'><strong>erit</strong></span> <span class='ocrx_word' id='word_1_165' title='bbox 526 2659 616 2719; x_wconf 88' lang='lat' dir='ltr'><strong>tantis</strong></span> <span class='ocrx_word' id='word_1_166' title='bbox 640 2656 742 2718; x_wconf 91' lang='lat' dir='ltr'><strong>ultima</strong></span> <span class='ocrx_word' id='word_1_167' title='bbox 765 2655 845 2717; x_wconf 93' lang='lat' dir='ltr'><strong>nulla</strong></span> <span class='ocrx_word' id='word_1_168' title='bbox 867 2655 969 2717; x_wconf 89' lang='lat' dir='ltr'><strong>malis.</strong></span> 
     </span>
     <span class='ocr_line' id='line_1_28' title="bbox 238 2737 1109 2824; baseline 0.002 -19"><span class='ocrx_word' id='word_1_169' title='bbox 238 2745 310 2806; x_wconf 90' lang='lat' dir='ltr'><strong>lude</strong></span> <span class='ocrx_word' id='word_1_170' title='bbox 333 2763 387 2824; x_wconf 92' lang='lat' dir='ltr'><strong>ego</strong></span> <span class='ocrx_word' id='word_1_171' title='bbox 411 2737 504 2824; x_wconf 87' lang='lat' dir='ltr'><strong>pauca</strong></span> <span class='ocrx_word' id='word_1_172' title='bbox 528 2762 631 2806; x_wconf 90' lang='lat' dir='ltr'><strong>canam</strong></span> <span class='ocrx_word' id='word_1_173' title='bbox 643 2792 652 2824; x_wconf 95' lang='lat'><strong>,</strong></span> <span class='ocrx_word' id='word_1_174' title='bbox 675 2745 796 2806; x_wconf 84' lang='lat' dir='ltr'><strong>frondes</strong></span> <span class='ocrx_word' id='word_1_175' title='bbox 820 2752 854 2806; x_wconf 93' lang='lat' dir='ltr'><strong>ut</strong></span> <span class='ocrx_word' id='word_1_176' title='bbox 876 2746 970 2824; x_wconf 87' lang='lat' dir='ltr'><strong>siquis</strong></span> <span class='ocrx_word' id='word_1_177' title='bbox 993 2742 1029 2804; x_wconf 93' lang='lat' dir='ltr'><strong>ab</strong></span> <span class='ocrx_word' id='word_1_178' title='bbox 1052 2743 1109 2807; x_wconf 92' lang='lat' dir='ltr'><strong>ida</strong></span> 
     </span>
     <span class='ocr_line' id='line_1_29' title="bbox 283 2832 1079 2913; baseline 0 -20"><span class='ocrx_word' id='word_1_179' title='bbox 283 2832 343 2894; x_wconf 80' lang='lat' dir='ltr'><strong>hut</strong></span> <span class='ocrx_word' id='word_1_180' title='bbox 364 2850 510 2895; x_wconf 91' lang='lat' dir='ltr'><strong>summam</strong></span> <span class='ocrx_word' id='word_1_181' title='bbox 532 2833 642 2913; x_wconf 92' lang='lat' dir='ltr'><strong>Libyco</strong></span> <span class='ocrx_word' id='word_1_182' title='bbox 666 2832 703 2893; x_wconf 92' lang='lat' dir='ltr'><strong>de</strong></span> <span class='ocrx_word' id='word_1_183' title='bbox 727 2851 806 2895; x_wconf 92' lang='lat' dir='ltr'><strong>mare</strong></span> <span class='ocrx_word' id='word_1_184' title='bbox 830 2840 932 2910; x_wconf 87' lang='lat' dir='ltr'><strong>carpat</strong></span> <span class='ocrx_word' id='word_1_185' title='bbox 955 2850 1079 2912; x_wconf 91' lang='lat' dir='ltr'><strong>aquam.</strong></span> 
     </span>
     <span class='ocr_line' id='line_1_30' title="bbox 238 2918 1168 3000; baseline -0.002 -17"><span class='ocrx_word' id='word_1_186' title='bbox 238 2921 312 2983; x_wconf 92' lang='lat' dir='ltr'><strong>Nam</strong></span> <span class='ocrx_word' id='word_1_187' title='bbox 331 2939 427 3000; x_wconf 91' lang='lat' dir='ltr'><strong>neque</strong></span> <span class='ocrx_word' id='word_1_188' title='bbox 447 2931 520 3000; x_wconf 74' lang='lat' dir='ltr'><strong>quau</strong></span> <span class='ocrx_word' id='word_1_189' title='bbox 537 2922 628 2982; x_wconf 91' lang='lat' dir='ltr'><strong>llores</strong></span> <span class='ocrx_word' id='word_1_190' title='bbox 641 2921 742 2982; x_wconf 91' lang='lat' dir='ltr'><strong>Sicula</strong></span> <span class='ocrx_word' id='word_1_191' title='bbox 759 2929 919 2982; x_wconf 90' lang='lat' dir='ltr'><strong>nascantur</strong></span> <span class='ocrx_word' id='word_1_192' title='bbox 937 2923 968 2981; x_wconf 90' lang='lat' dir='ltr'><strong>in</strong></span> <span class='ocrx_word' id='word_1_193' title='bbox 987 2918 1099 3000; x_wconf 88' lang='lat' dir='ltr'><strong>Hybla,</strong></span> <span class='ocrx_word' id='word_1_194' title='bbox 1120 2935 1168 2987; x_wconf 87' lang='lat' dir='ltr'><strong>uo)</strong></span> 
     </span>
     <span class='ocr_line' id='line_1_31' title="bbox 172 3009 1037 3092; baseline -0.005 -20"><span class='ocrx_word' id='word_1_195' title='bbox 172 3021 225 3073; x_wconf 72' lang='lat' dir='ltr'><strong>too</strong></span> <span class='ocrx_word' id='word_1_196' title='bbox 285 3010 399 3081; x_wconf 83' lang='lat' dir='ltr'><strong>Quotve</strong></span> <span class='ocrx_word' id='word_1_197' title='bbox 423 3010 520 3091; x_wconf 88' lang='lat' dir='ltr'><strong>ierat,</strong></span> <span class='ocrx_word' id='word_1_198' title='bbox 543 3010 661 3092; x_wconf 92' lang='lat' dir='ltr'><strong>dicam,</strong></span> <span class='ocrx_word' id='word_1_199' title='bbox 684 3018 764 3070; x_wconf 91' lang='lat' dir='ltr'><strong>terra</strong></span> <span class='ocrx_word' id='word_1_200' title='bbox 788 3009 892 3070; x_wconf 83' lang='lat' dir='ltr'><strong>Cilissa</strong></span> <span class='ocrx_word' id='word_1_201' title='bbox 915 3026 1037 3089; x_wconf 92' lang='lat' dir='ltr'><strong>crocos,</strong></span> 
     </span>
     <span class='ocr_line' id='line_1_32' title="bbox 240 3095 1074 3178; baseline -0.005 -19"><span class='ocrx_word' id='word_1_202' title='bbox 240 3098 302 3159; x_wconf 91' lang='lat' dir='ltr'><strong>Nec</strong></span> <span class='ocrx_word' id='word_1_203' title='bbox 326 3116 394 3160; x_wconf 88' lang='lat' dir='ltr'><strong>cum</strong></span> <span class='ocrx_word' id='word_1_204' title='bbox 417 3100 513 3159; x_wconf 92' lang='lat' dir='ltr'><strong>tristis</strong></span> <span class='ocrx_word' id='word_1_205' title='bbox 535 3097 631 3159; x_wconf 91' lang='lat' dir='ltr'><strong>hiems</strong></span> <span class='ocrx_word' id='word_1_206' title='bbox 654 3097 807 3177; x_wconf 81' lang='lat' dir='ltr'><strong>Aquilonis</strong></span> <span class='ocrx_word' id='word_1_207' title='bbox 830 3097 980 3158; x_wconf 90' lang='lat' dir='ltr'><strong>inhorruit</strong></span> <span class='ocrx_word' id='word_1_208' title='bbox 1002 3095 1074 3178; x_wconf 88' lang='lat' dir='ltr'><strong>alis,</strong></span> 
     </span>
     <span class='ocr_line' id='line_1_33' title="bbox 284 3185 979 3266; baseline -0.001 -19"><span class='ocrx_word' id='word_1_209' title='bbox 284 3186 378 3257; x_wconf 90' lang='lat' dir='ltr'><strong>Quam</strong></span> <span class='ocrx_word' id='word_1_210' title='bbox 401 3187 493 3247; x_wconf 92' lang='lat' dir='ltr'><strong>multa</strong></span> <span class='ocrx_word' id='word_1_211' title='bbox 516 3187 567 3247; x_wconf 86' lang='lat' dir='ltr'><strong>liat</strong></span> <span class='ocrx_word' id='word_1_212' title='bbox 589 3185 731 3266; x_wconf 90' lang='lat' dir='ltr'><strong>grandine</strong></span> <span class='ocrx_word' id='word_1_213' title='bbox 756 3204 847 3247; x_wconf 90' lang='lat' dir='ltr'><strong>canus</strong></span> <span class='ocrx_word' id='word_1_214' title='bbox 869 3185 979 3265; x_wconf 80' lang='lat' dir='ltr'><strong>Athos3</strong></span> 
     </span>
     <span class='ocr_line' id='line_1_34' title="bbox 238 3273 1099 3356; baseline -0.002 -20"><span class='ocrx_word' id='word_1_215' title='bbox 238 3275 301 3336; x_wconf 93' lang='lat' dir='ltr'><strong>Nec</strong></span> <span class='ocrx_word' id='word_1_216' title='bbox 324 3274 397 3336; x_wconf 95' lang='lat' dir='ltr'><strong>mala</strong></span> <span class='ocrx_word' id='word_1_217' title='bbox 421 3293 492 3336; x_wconf 87' lang='lat' dir='ltr'><strong>voce</strong></span> <span class='ocrx_word' id='word_1_218' title='bbox 515 3292 581 3336; x_wconf 89' lang='lat' dir='ltr'><strong>mea</strong></span> <span class='ocrx_word' id='word_1_219' title='bbox 602 3283 744 3353; x_wconf 86' lang='lat' dir='ltr'><strong>poterunt</strong></span> <span class='ocrx_word' id='word_1_220' title='bbox 767 3283 817 3335; x_wconf 90' lang='lat' dir='ltr'><strong>tua</strong></span> <span class='ocrx_word' id='word_1_221' title='bbox 840 3282 948 3335; x_wconf 91' lang='lat' dir='ltr'><strong>cuncta</strong></span> <span class='ocrx_word' id='word_1_222' title='bbox 969 3273 1099 3356; x_wconf 81' lang='lat' dir='ltr'><strong>reterri,</strong></span> 
     </span>
     <span class='ocr_line' id='line_1_35' title="bbox 284 3361 900 3441; baseline 0 -17"><span class='ocrx_word' id='word_1_223' title='bbox 284 3362 343 3424; x_wconf 86' lang='lat' dir='ltr'><strong>Ora</strong></span> <span class='ocrx_word' id='word_1_224' title='bbox 366 3363 436 3425; x_wconf 89' lang='lat' dir='ltr'><strong>licet</strong></span> <span class='ocrx_word' id='word_1_225' title='bbox 458 3363 573 3424; x_wconf 91' lang='lat' dir='ltr'><strong>tribuas</strong></span> <span class='ocrx_word' id='word_1_226' title='bbox 596 3362 789 3441; x_wconf 89' lang='lat' dir='ltr'><strong>multiplicata</strong></span> <span class='ocrx_word' id='word_1_227' title='bbox 811 3361 900 3424; x_wconf 90' lang='lat' dir='ltr'><strong>mihi.</strong></span> 
     </span>
     <span class='ocr_line' id='line_1_36' title="bbox 174 3450 1084 3529; baseline -0.002 -18"><span class='ocrx_word' id='word_1_228' title='bbox 174 3463 225 3513; x_wconf 80' lang='lat'><strong>205</strong></span> <span class='ocrx_word' id='word_1_229' title='bbox 240 3451 297 3512; x_wconf 87' lang='lat' dir='ltr'><strong>Tot</strong></span> <span class='ocrx_word' id='word_1_230' title='bbox 319 3450 374 3514; x_wconf 93' lang='lat' dir='ltr'><strong>tibi</strong></span> <span class='ocrx_word' id='word_1_231' title='bbox 391 3451 467 3513; x_wconf 82' lang='lat' dir='ltr'><strong>rael</strong></span> <span class='ocrx_word' id='word_1_232' title='bbox 503 3453 614 3529; x_wconf 88' lang='lat' dir='ltr'><strong>misero</strong></span> <span class='ocrx_word' id='word_1_233' title='bbox 638 3453 757 3512; x_wconf 87' lang='lat' dir='ltr'><strong>venient</strong></span> <span class='ocrx_word' id='word_1_234' title='bbox 780 3450 912 3529; x_wconf 91' lang='lat' dir='ltr'><strong>talesque</strong></span> <span class='ocrx_word' id='word_1_235' title='bbox 934 3451 1054 3527; x_wconf 90' lang='lat' dir='ltr'><strong>ruinae,</strong></span> <span class='ocrx_word' id='word_1_236' title='bbox 1081 3489 1084 3490; x_wconf 24' lang='grc' dir='ltr'><em>ν</em></span> 
     </span>
     <span class='ocr_line' id='line_1_37' title="bbox 283 3538 1093 3619; baseline -0.001 -19"><span class='ocrx_word' id='word_1_237' title='bbox 283 3538 323 3601; x_wconf 91' lang='lat' dir='ltr'><strong>Ut</strong></span> <span class='ocrx_word' id='word_1_238' title='bbox 345 3542 412 3619; x_wconf 89' lang='lat' dir='ltr'><strong>cogi</strong></span> <span class='ocrx_word' id='word_1_239' title='bbox 434 3541 465 3600; x_wconf 93' lang='lat' dir='ltr'><strong>in</strong></span> <span class='ocrx_word' id='word_1_240' title='bbox 488 3539 624 3601; x_wconf 91' lang='lat' dir='ltr'><strong>lacrimas</strong></span> <span class='ocrx_word' id='word_1_241' title='bbox 648 3556 695 3600; x_wconf 91' lang='lat' dir='ltr'><strong>me</strong></span> <span class='ocrx_word' id='word_1_242' title='bbox 719 3557 837 3618; x_wconf 91' lang='lat' dir='ltr'><strong>quoque</strong></span> <span class='ocrx_word' id='word_1_243' title='bbox 860 3555 948 3619; x_wconf 90' lang='lat' dir='ltr'><strong>posse</strong></span> <span class='ocrx_word' id='word_1_244' title='bbox 970 3545 1093 3618; x_wconf 91' lang='lat' dir='ltr'><strong>putem.</strong></span> 
     </span>
     <span class='ocr_line' id='line_1_38' title="bbox 239 3625 998 3688; baseline 0.001 -2"><span class='ocrx_word' id='word_1_245' title='bbox 239 3625 307 3686; x_wconf 89' lang='lat' dir='ltr'><strong>lllae</strong></span> <span class='ocrx_word' id='word_1_246' title='bbox 331 3644 378 3687; x_wconf 93' lang='lat' dir='ltr'><strong>me</strong></span> <span class='ocrx_word' id='word_1_247' title='bbox 401 3626 538 3688; x_wconf 85' lang='lat' dir='ltr'><strong>lacrimae</strong></span> <span class='ocrx_word' id='word_1_248' title='bbox 562 3628 671 3688; x_wconf 84' lang='lat' dir='ltr'><strong>sacient</strong></span> <span class='ocrx_word' id='word_1_249' title='bbox 692 3629 757 3688; x_wconf 87' lang='lat' dir='ltr'><strong>sine</strong></span> <span class='ocrx_word' id='word_1_250' title='bbox 780 3627 838 3688; x_wconf 90' lang='lat' dir='ltr'><strong>line</strong></span> <span class='ocrx_word' id='word_1_251' title='bbox 861 3626 998 3688; x_wconf 87' lang='lat' dir='ltr'><strong>beatum:</strong></span> 
     </span>
    </p>
   </div>
   <div class='ocr_carea' id='block_1_4' title="bbox 0 25 1238 4042">
    <p class='ocr_par' dir='ltr' id='par_1_4' title="bbox 0 25 1238 4042">
     <span class='ocr_line' id='line_1_39' title="bbox 0 25 1238 4042; baseline 0 0"><span class='ocrx_word' id='word_1_252' title='bbox 0 25 1238 4042; x_wconf 95' lang='lat' dir='ltr'><strong> </strong></span> 
     </span>
    </p>
   </div>
  </div>
 </body>
</html>
