2467 4042
295 232 329 290 n.
351 227 551 290 rutenus
574 226 614 290 er
631 264 665 273 -
681 186 751 291 noe.
990 235 1028 294 ra

88 384 186 450 etSum
202 384 322 461 decepta
338 384 399 444 tuis
416 389 447 443 et
460 398 567 442 amans
583 389 612 442 et
627 382 740 442 lemine
753 382 866 443 verbis.

155 468 319 543 liifaciant,
341 466 444 529 laudis
460 482 580 527 summa
595 465 636 527 sit
650 466 708 526 ista
722 473 802 527 tuae.

121 552 187 613 lnter
200 559 228 613 et
240 552 372 629 Aegidas
387 551 490 611 media
505 550 649 611 statuaris
661 550 695 610 in
709 550 800 612 urbe:
848 584 852 597 ι

153 637 320 712 Magnificus
335 636 431 698 titulis
446 642 506 696 stet
523 641 611 710 pater
626 642 697 696 ante
712 634 793 696 suis:

119 720 181 781 Cum
194 721 278 783 luerit
291 720 399 783 Sciron
416 721 513 780 lectus
528 727 698 795 torvusque
711 717 892 781 Procrustes

89 814 113 868 io
153 805 187 864 m
200 805 292 882 Sinis,
313 812 344 866 et
361 804 440 866 tauri
455 804 612 878 mixtaque
628 804 726 863 lorma
740 804 806 878 viri,

119 889 147 948 lit
159 890 280 951 domitae
297 889 377 950 bello
395 888 532 960 Thebae,
557 887 679 963 lusique
693 887 877 949 bimembres

151 974 183 1033 lit
198 977 311 1050 pulsata
326 973 404 1048 nigri
418 972 504 1049 regia
518 985 612 1031 caeca
628 972 687 1046 dei,

121 1057 172 1117 Hoc
185 1065 231 1118 tua
245 1064 315 1134 post
330 1058 400 1118 illos
415 1057 501 1118 titulo
519 1057 656 1131 signetur
670 1056 781 1132 imago,

153 1141 211 1202 ‘Hic
224 1150 285 1217 est,
307 1140 394 1202 cuius
411 1156 519 1201 amans
533 1139 658 1216 hospita
674 1148 763 1217 capta
778 1135 852 1198 dolo
868 1140 937 1208 est!

92 1224 243 1288 miletuna
256 1242 356 1287 rerum
370 1225 461 1286 turba
476 1224 627 1300 lactisque
641 1225 776 1299 parentis

153 1308 227 1370 Sedit
242 1311 271 1371 in
288 1309 411 1386 ingenio
430 1309 542 1370 Cressa
558 1307 665 1379 rdicta
683 1315 742 1370 tuo.

121 1392 190 1465 Qud
203 1396 300 1456 solum
314 1402 457 1468 excusat,
481 1394 581 1454 solum
595 1393 715 1454 miraris
730 1395 760 1453 in
778 1394 841 1457 illo.

153 1477 309 1540 Haeredem
325 1477 460 1554 patriae,
482 1477 616 1552 perfide,
640 1479 756 1539 liaudis
771 1478 848 1553 agis.

122 1560 177 1621 illa..
192 1578 244 1623 nec
258 1562 403 1623 invideo..
420 1562 528 1623 linitur
540 1562 666 1624 meliore
681 1564 797 1637 marito,

93 1652 117 1705 to
156 1645 238 1721 inque
252 1647 426 1724 capistratis
441 1645 569 1722 tigribus
584 1647 645 1706 alta
660 1648 758 1707 sedet.

120 1729 151 1787 At
162 1746 220 1792 mea
234 1732 372 1806 despecti
389 1731 507 1806 lugiunt
520 1730 652 1792 conubia
666 1731 808 1804 Thraces,

153 1813 227 1887 Quod
242 1818 324 1877 ierar
337 1823 496 1876 externum
512 1815 736 1891 praeposuisse
753 1815 839 1876 meis.

122 1898 201 1973 itque
214 1900 326 1976 aliquis
342 1901 419 1962 ‘imi
435 1915 516 1960 nunc
532 1900 641 1962 ductus
656 1902 717 1961 eat’
733 1900 830 1975 inquit
845 1900 1008 1963 ‘Athenasa

152 1984 328 2061 Armigerum
341 1984 480 2045 linaceo
498 1983 548 2060 qui
564 1991 667 2060 regat,
689 1987 765 2044 alter
779 1985 845 2045 erit.

96 2062 206 2128 binius
222 2076 289 2130 acta
302 2069 436 2146 probat?
466 2069 574 2130 careat
588 2069 802 2143 successibus,
821 2077 904 2145 opto,

153 2150 282 2228 Quisquis
298 2154 337 2214 ab
352 2160 465 2214 eventu
479 2155 559 2213 iacta
573 2154 708 2214 notanda
720 2161 814 2229 putat.

123 2232 151 2291 lt
162 2236 183 2294 si
199 2246 299 2298 nostra
314 2243 367 2298 tuo
384 2244 583 2313 spumescant
596 2252 734 2313 aequora
748 2254 842 2313 remo,

152 2319 201 2380 lam
216 2321 300 2396 milri,
323 2323 384 2381 iam
401 2322 488 2382 dicar
501 2322 699 2383 consuluisse
712 2323 799 2383 meis.

124 2398 169 2461 Sed
182 2420 275 2482 neque
290 2407 446 2480 consului,
470 2422 527 2467 nec
545 2414 574 2467 te
590 2422 659 2466 mea
674 2407 758 2481 regia
774 2414 885 2484 tanget,

97 2488 119 2543 lt
154 2485 298 2566 Fessaque
314 2490 455 2551 Bistonia
469 2489 606 2552 membra
622 2489 745 2551 lavabis·
757 2508 846 2567 aqua.

124 2566 162 2629 illa
173 2574 241 2635 meis
257 2574 356 2636 oeulis
373 2575 496 2650 species
512 2574 653 2635 abeuntis
669 2574 815 2650 inhaeret,

153 2654 212 2716 Cum
228 2665 379 2734 premeret
395 2665 504 2735 portus
520 2659 631 2719 elassis
645 2658 723 2719 itura
737 2674 835 2722 meos.

123 2736 202 2801 lusus
217 2754 249 2804 es
265 2744 424 2819 ampiecti,
447 2744 591 2819 colloque
606 2742 726 2805 inlusus
742 2745 871 2805 amantis

153 2821 250 2887 Oscula
263 2844 320 2903 per
335 2829 443 2903 longas
458 2829 583 2904 iungere
598 2842 709 2904 pressa
724 2844 837 2904 moras,

98 2904 234 2984 titumque
248 2911 309 2972 tuis
324 2911 458 2973 lacrimis
473 2912 615 2972 lacrimas
632 2913 823 2974 eonmndere
837 2920 968 2984 nostras,

153 2989 286 3072 Quodque
302 2997 381 3058 foret
394 2996 472 3057 velis
489 3013 563 3057 aura
578 2998 731 3073 secunda,
755 2997 851 3074 queri,

124 3068 149 3131 u
159 3077 219 3138 mihi
233 3080 399 3141 discedens
414 3096 558 3157 suprema
573 3081 676 3142 dicere
690 3097 768 3144 voce

154 3158 262 3241 liniti,
283 3165 351 3226 iace
366 3172 513 3241 expectes
528 3165 763 3241 Demophoonta
779 3169 887 3227 tuum?

125 3236 274 3321 Expectem,
297 3248 349 3325 qui
365 3265 414 3309 me
429 3266 595 3326 numquam
610 3249 736 3311 visuros
755 3249 865 3311 abisti?

92 3325 118 3377 tm
153 3325 300 3405 Expectem
316 3336 429 3409 pelago
444 3334 516 3395 vela
530 3342 639 3410 negata
654 3341 748 3396 moot

126 3404 241 3476 litamen
258 3424 400 3494 expecto.
421 3418 531 3478 redeas
547 3419 641 3479 modo
657 3434 745 3480 serus
762 3419 884 3495 amanti,

155 3496 184 3556 ¹lt
198 3506 243 3561 tua
257 3502 296 3562 sit
312 3503 381 3565 solo
399 3509 536 3578 tempore
553 3504 641 3578 lapsu
656 3503 744 3565 tides.
