2467 4042
187 230 248 297 146
586 232 636 282 nx
657 230 777 283 rouro

315 394 413 458 Audet
435 396 472 457 ad
494 393 639 457 humanos
660 395 738 456 fessa
761 397 862 457 venire
885 397 986 460 sinus.

270 485 332 547 Nec
355 502 389 546 so
412 486 509 545 ricino
533 482 648 545 dubitat
671 485 856 545 committere
878 492 975 565 tecto,

222 586 258 636 to
316 571 399 646 Quae
422 573 498 652 fugit
519 572 644 633 infestos
666 574 771 633 territa
794 589 881 634 cerva
903 571 1024 650 canes]

271 659 335 744 lla,
364 677 494 744 precor,
523 677 677 723 accessum
706 659 857 740 lacrimis,
886 662 1063 742 mitissime,

817 751 945 829 nostris,
1144 761 1182 811 (tt)

315 836 377 900 Nec
400 837 524 918 rigidam
547 836 658 899 timidis
681 836 803 898 vocibus
826 835 902 897 obde
925 836 1039 918 iorem,

272 923 426 1008 Verbaque
449 932 551 987 nostra
573 926 674 986 larens
697 925 828 986 Romana
850 924 885 985 ad
909 927 1032 986 numina
1053 926 1170 1007 perier,

315 1012 381 1075 Non
404 1012 460 1076 tllrl
483 1013 609 1094 Tarpeio
633 1013 711 1075 culta
734 1012 868 1075 Tonante
890 1015 1007 1076 minus.
1048 1087 1055 1094 ·

222 1114 257 1165 ⁴5
270 1101 458 1184 llaudatique
481 1104 539 1164 mel
561 1102 677 1181 legatus
700 1104 817 1182 suscipe
840 1119 976 1164 causam:

314 1186 400 1253 Nulla
423 1207 489 1252 meo
513 1191 647 1271 quamvis
669 1192 788 1252 nomine
811 1207 899 1251 causa
921 1189 999 1251 hona
1023 1199 1091 1255 est.

270 1277 330 1342 lam
353 1297 446 1359 prope
470 1278 645 1361 depositus,
668 1287 749 1340 certe
772 1280 830 1339 iam
853 1278 978 1358 frigidus
1001 1297 1097 1359 aeger

316 1365 458 1429 Servatus
480 1385 535 1448 per
557 1376 610 1449 te,
633 1366 768 1428 simodo
791 1383 894 1428 servor
906 1413 916 1448 ,
939 1384 1012 1429 ero.

269 1455 356 1518 Nunc
378 1463 430 1517 tua
451 1473 508 1535 pro
529 1455 616 1517 lassis
639 1457 751 1517 nitatur
774 1456 868 1534 gratia
889 1452 999 1534 rebus,

222 1555 255 1607 oo
315 1542 462 1624 Principis
485 1546 600 1606 aeterni
623 1560 712 1624 quam
735 1543 789 1604 tibi
810 1549 941 1623 praestat
964 1561 1068 1606 amor.

270 1631 357 1696 Nunc
381 1631 435 1695 ubl
458 1641 489 1695 et
511 1632 621 1712 eloquii
641 1634 723 1717 nitor
745 1630 795 1692 ille
817 1631 998 1692 domesticus
1021 1631 1123 1715 adsit,

314 1720 380 1795 Quo
403 1728 523 1801 peteras
546 1720 671 1801 trepidis
692 1719 775 1781 utilis
797 1736 863 1780 esse
886 1721 964 1781 reis.

270 1807 348 1871 Vivit
370 1812 449 1871 enim
472 1811 503 1870 ln
526 1807 609 1871 robis
633 1808 751 1870 facundi
774 1807 874 1887 lingua
896 1809 1045 1888 parentis,

313 1896 352 1959 Et
374 1915 424 1959 res
446 1895 587 1960 heredem
610 1898 744 1978 repperit
766 1895 815 1958 illa
837 1913 942 1960 suum.

221 1997 255 2047 oe
270 1983 353 2047 Hanc
375 2002 453 2068 ego,
476 2003 536 2048 non
559 1993 594 2047 ut
615 2002 664 2046 me
683 1984 842 2047 defendere
865 1991 1012 2064 temptet,
1035 1985 1152 2051 adoro:

313 2073 379 2136 Non
402 2082 449 2136 est
472 2073 601 2136 confessi
624 2091 712 2135 causa
734 2072 844 2136 tuenda
867 2075 932 2135 rei.

268 2159 346 2224 Num
370 2170 468 2224 tamen
491 2178 617 2224 excuses
640 2164 753 2224 erroris
776 2163 890 2240 origine
913 2162 1041 2243 laetum,

313 2251 358 2312 An
381 2249 455 2312 nihil
479 2250 616 2330 expediat
638 2250 697 2312 tale
720 2268 862 2331 morere,
885 2249 969 2311 ride.
1231 2309 1232 2328 ,

269 2336 407 2402 Vulneris
429 2338 460 2401 id
483 2356 578 2419 genus
601 2345 668 2419 est,
696 2338 775 2419 qrrod
803 2356 872 2400 cum
895 2337 1025 2400 sanabile
1047 2356 1118 2403 non
1141 2342 1192 2421 sit,
1231 2361 1232 2370 ¹

221 2438 256 2489 eo
314 2425 380 2489 Non
404 2429 585 2489 contrectari
608 2428 702 2489 tutius
726 2445 791 2489 esse
814 2431 921 2506 puto.'
1000 2472 1003 2477 .

267 2513 403 2598 Lingua,
427 2514 503 2578 sile.
541 2533 601 2577 non
625 2523 672 2577 est
694 2514 772 2576 ultra
794 2514 942 2578 narrabile
965 2516 1153 2597 quicqumm.
1231 2489 1232 2576 Ῐ

313 2602 406 2664 Posse
428 2602 516 2665 velim
539 2606 656 2666 cineres
679 2602 806 2665 obruere
829 2606 893 2683 ipse
916 2621 1016 2666 meos.

270 2689 456 2774 sicigitur,
479 2694 563 2772 quasi
587 2710 635 2755 me
657 2690 757 2755 nullus
781 2692 933 2772 deceperit
954 2710 1057 2773 error,
1156 2705 1194 2762 (u)

314 2777 409 2842 Verba
432 2781 500 2862 iac,
523 2790 558 2843 ut
578 2784 660 2862 vita,
684 2798 772 2862 quam
795 2780 877 2843 dedit
895 2784 981 2861 ipse,
1003 2780 1112 2846 iruar.

221 2880 254 2932 od
270 2867 403 2949 Cumque
428 2886 553 2931 serenus
575 2871 657 2951 erit,
679 2869 839 2948 vultusque
861 2871 1011 2931 remiserit
1033 2868 1128 2951 illos,

313 2957 371 3029 Qui
394 2975 496 3021 secum
518 2964 615 3019 terras
638 2959 856 3039 imperiumque
879 2965 1017 3019 movent:

268 3044 412 3126 Exiguam
435 3064 473 3108 ne
496 3063 544 3108 me
567 3046 706 3127 praedam
729 3047 807 3108 sinat
829 3065 895 3107 esse
919 3045 1082 3126 Getarum,

313 3134 428 3215 Detque
451 3134 547 3196 selom
570 3137 695 3197 miserae
719 3136 813 3216 mite,
835 3152 981 3215 precare,
1003 3135 1117 3214 lupae.

269 3223 400 3305 Tempus
428 3222 511 3285 adest
533 3231 634 3304 aptum
657 3222 819 3304 precibus.
860 3223 937 3285 valet
962 3225 1026 3302 ipse
1050 3224 1195 3308 videtque

221 3323 256 3375 to
315 3312 395 3384 Quas
411 3313 490 3374 -lecit
511 3314 589 3374 vires
601 3358 611 3393 ,
634 3311 727 3374 Roma
739 3358 749 3393 ,
772 3311 870 3374 valere
893 3322 976 3374 tuas.

269 3400 429 3462 Incolumis
453 3402 582 3463 coniunx
600 3418 655 3462 sua
677 3400 841 3480 puluinaria
864 3407 981 3464 serrat:

313 3487 472 3551 Promovet
493 3488 656 3551 Ausonium
679 3487 763 3550 filius
780 3491 959 3569 imperium:

270 3573 417 3636 Praeterit
438 3579 503 3654 lpse
526 3593 597 3637 suos
621 3578 717 3638 auimo
742 3575 935 3639 Germanicus
958 3592 1070 3658 annos,
