2467 4042
207 194 272 261 322
550 278 554 285 ν
614 192 807 246 rasrosuu

513 353 543 418 3.
566 351 901 434 [Oileus-iners]

296 462 390 525 Nocte
411 465 510 524 minus
533 471 638 542 quarta
660 470 778 541 promet
800 480 853 522 sua
875 461 976 522 sidera
1003 463 1128 527 Chiron

229 564 280 614 ³80
339 551 466 612 Semivir
489 558 520 612 et
541 551 609 612 llari
631 567 757 630 corpore
781 553 890 610 mixtus
913 553 1009 630 equi.

296 639 398 701 Pelion
421 639 598 700 Haemoniae
623 656 708 699 mons
731 646 777 699 est
799 638 944 700 obversus
967 642 1001 700 in
1029 650 1171 705 austros:

340 728 461 789 Summa
483 729 580 788 vicem
602 730 697 807 pina,
720 734 820 788 cetera
843 745 975 806 quercus
1002 728 1120 794 hahet.

295 816 470 896 Phillyrides
493 818 610 877 tenuit.
653 832 723 875 saxo
746 824 825 876 30330
848 823 931 876 antra
955 825 1106 899 vetusto,

340 903 422 975 Quae
446 907 556 965 iustum
580 911 745 964 memorant
766 903 927 964 incoluisse
952 922 1084 967 senem.

230 990 348 1055 3301113
371 1009 476 1052 manus
498 991 567 1052 olim
590 994 734 1052 missuras
757 990 883 1052 Hectora
906 990 966 1052 leto

341 1078 479 1141 Creditur
501 1082 533 1140 iu
556 1079 657 1160 lyricis
679 1079 842 1141 detinuisse
865 1080 978 1140 modis.

295 1167 422 1230 Venerat
445 1167 561 1229 Alcides
583 1168 725 1229 exhausta
747 1177 831 1248 parte
855 1167 1013 1250 laborum,

340 1255 481 1335 iussaque
505 1255 656 1317 restabant
678 1255 780 1317 ultima
801 1272 895 1336 paene
918 1259 1004 1318 viro.

297 1344 382 1406 Stare
406 1343 494 1406 simul
516 1362 588 1405 casu
610 1344 718 1405 ‘Proice
740 1345 800 1405 duo
824 1345 881 1404 1303
904 1344 1049 1408 riderest

231 1446 283 1495 390
343 1432 416 1493 ilinc
439 1450 515 1512 pner
538 1432 701 1513 Aeacides,
723 1433 792 1493 hinc
815 1431 882 1492 love
906 1441 995 1494 natus
1023 1445 1113 1498 erat.

295 1520 414 1601 Excipit
435 1520 564 1601 hospitio
587 1523 721 1582 iunctum
745 1520 910 1600 Philyreius
932 1521 1050 1604 heros,

340 1608 378 1669 Et
401 1627 519 1670 causam
543 1610 685 1670 adrentus
705 1609 756 1670 hic
777 1617 883 1691 rogat,
906 1608 956 1670 ille
980 1610 1099 1675 docet.

295 1697 442 1776 Perspicit
463 1700 576 1759 interea
600 1696 710 1758 clavam
733 1697 918 1777 spoliumque
941 1697 1063 1780 leonis,
1167 1714 1196 1763 03

342 1780 483 1866 ‘Vir'qne
506 1788 547 1846 310
570 1781 632 1846 'his
656 1788 745 1847 armis
758 1834 767 1867 ,
789 1803 927 1865 armaque
952 1786 1049 1866 digna
1074 1787 1170 1852 virol’

231 1871 357 1935 3001133
381 1892 435 1954 33,
459 1876 530 1953 qulu
553 1873 679 1934 horrens
702 1873 846 1935 auderent
867 1881 991 1953 tangere
1018 1882 1119 1940 saetis

340 1960 461 2042 Velius,
484 1952 632 2023 Achilleae
656 1965 829 2023 continuere
853 1979 974 2025 manius.

296 2048 431 2128 Dumque
455 2067 544 2110 senex
569 2058 676 2111 tractat
698 2050 861 2130 squalentia
882 2050 940 2111 tela
964 2057 1120 2136 venenis,

340 2136 458 2198 Excidit
480 2146 510 2199 et
533 2137 614 2198 laevo
637 2139 692 2199 lixa
716 2141 820 2217 sagitta
842 2138 917 2218 pede
942 2146 1009 2201 est.

298 2224 443 2304 ingemuit
465 2224 597 2307 Chiron,
622 2229 769 2306 traxitque
792 2245 808 2287 c
832 2243 957 2305 corpore
981 2228 1128 2294 ferrum:

231 2325 283 2374 000
342 2310 380 2374 Et
402 2314 493 2392 gemit
515 2313 633 2375 Alcides
656 2313 894 2392 Haemoniusque
915 2332 1013 2394 puer.

296 2399 363 2479 lpse
386 2409 484 2462 tamen
506 2402 598 2464 lectas
621 2402 775 2482 Pagasaeis
798 2402 922 2463 collibus
945 2402 1063 2466 herbas

341 2488 520 2571 Temperat,
544 2500 574 2551 et
597 2508 668 2551 rana
692 2491 811 2552 volnera
834 2490 943 2551 mulcet
967 2509 1047 2571 ope.

296 2576 384 2638 Virus
407 2577 479 2638 edax
504 2578 662 2659 superabat
684 2596 792 2660 opem,
815 2581 993 2658 penitusque
1020 2595 1151 2665 recepta

341 2664 466 2726 Ossibus
489 2674 604 2728 300000
628 2685 753 2745 corpure
775 2670 868 2747 pestis
890 2675 971 2727 erut.

232 2765 282 2814 000
298 2752 446 2832 Sanguine
469 2754 610 2816 Centauri
633 2755 781 2816 Lernaeae
804 2758 924 2834 sanguis
946 2755 1103 2821 echidnae

340 2841 448 2903 Mixtus
472 2842 507 2903 ad
531 2843 671 2905 auxilium
695 2853 826 2924 tempora
850 2843 928 2904 nulla
952 2843 1065 2908 dabat.

298 2929 399 2991 Stabat
411 2978 420 3012 ,
443 2938 477 2991 ut
500 2940 566 2992 ente
590 2942 726 3012 patrem,
754 2931 882 2993 lacrimis
906 2933 1054 3012 perinsus
1079 2938 1198 3000 Achille·

342 3018 391 3079 Sic
414 3018 530 3080 llendns
552 3019 681 3101 Peleus,
705 3022 730 3081 si
754 3027 942 3101 moreretur,
965 3031 1054 3085 erat.

298 3107 390 3187 Saepe
415 3125 519 3169 manus
542 3126 644 3187 aegras
667 3109 802 3169 manibus
826 3107 953 3188 tingebat
975 3114 1110 3177 amicis:
1135 3149 1166 3159 -

232 3207 283 3257 400
342 3195 478 3277 Morum,
504 3214 578 3276 qnos
601 3197 672 3259 lecit
685 3244 694 3278 ,
717 3199 845 3277 praemia
869 3197 974 3256 doctor
995 3197 1098 3264 habet
1122 3237 1156 3248 -

298 3282 405 3344 Oscula
428 3302 515 3365 saepe
539 3285 642 3367 dedit,
666 3285 739 3346 dixit
762 3303 880 3365 quoque
903 3303 991 3365 saepe
1016 3289 1139 3354 iacenti

342 3367 450 3453 ε1103,
473 3391 581 3452 precor
593 3421 602 3454 ,
625 3391 681 3434 nec
704 3391 773 3454 me,
796 3391 887 3452 care,
914 3372 1082 3459 relinque,
1109 3374 1202 3462 paud

297 3459 379 3520 Nona
402 3460 466 3521 dies
489 3461 591 3522 aderat
602 3510 611 3543 ,
635 3480 703 3523 cum
727 3470 781 3542 tn,
804 3464 966 3522 iustissime
989 3461 1134 3551 Chiron,

341 3547 391 3606 Bis
414 3559 528 3627 septem
551 3550 645 3611 stellis
668 3568 793 3629 corpora
815 3553 931 3612 cinctus
954 3568 1044 3615 eras.
1118 3596 1124 3605 .
