2467 4042
407 267 464 343 m,
487 265 684 331 lca-aaa.

113 419 187 480 cnm
200 428 247 480 tat
260 417 430 496 prodierint
442 419 542 495 pretio
556 420 674 481 leviore
688 420 819 495 celares,

156 503 230 578 Quis
246 505 333 565 furor
346 510 395 564 est
413 519 528 565 censam
542 519 674 580 corpora
688 505 768 565 terre
783 513 880 566 suast

112 587 221 661 Aeris,
245 603 335 662 eece,
356 590 455 661 calor,
479 595 542 648 tum
557 603 626 648 cum
640 589 707 648 sine
721 588 854 650 nubibus
868 595 930 668 abr,

153 670 217 733 Nec
226 671 356 747 tepidus
371 672 494 747 pluvias
508 671 642 733 ennam
656 680 760 733 auster
774 688 886 747 aquasr

49 762 97 818 175
107 755 205 828 Ecce,
226 755 281 817 tibi
295 756 420 828 similis,
442 771 523 830 quae
536 757 692 831 quandam
705 755 838 818 Phrixon
853 765 884 820 et
899 760 1006 821 Hellen

153 839 272 899 Diceris
289 839 374 900 Inois
389 839 542 915 eripuisse
557 839 648 900 dolis.

108 922 166 982 Hie
181 923 283 984 undas
298 923 445 997 imitatur,
467 922 560 983 habet
573 938 699 999 quoque
712 939 823 985 nemen
838 927 1000 989 abundius

154 1006 344 1067 crediderim
358 1007 512 1085 nymphas
527 1006 585 1067 bac
599 1022 659 1082 ego
673 1015 762 1068 veste
775 1009 845 1083 tegi.

109 1090 164 1149 llle
179 1106 305 1151 uncum
320 1091 451 1152 simulat
475 1106 586 1152 macen
602 1093 720 1151 velatur
734 1092 854 1165 amictu,

42 1183 97 1237 180
149 1175 288 1235 Roscida
301 1174 450 1236 luciferos
464 1190 533 1235 curn
548 1176 607 1235 dea
622 1175 718 1251 iungit
732 1191 847 1251 equas:

107 1258 165 1317 llic
177 1258 313 1333 Paphias
330 1264 463 1334 myrtae,
485 1258 536 1319 bic
552 1275 724 1334 purpureas
738 1261 938 1338 amethystos,

152 1342 346 1403 Albentesve
359 1358 465 1414 nasas,
484 1341 695 1403 'llrrei'ciamve
708 1358 823 1418 gruem

106 1427 170 1487 Nec
184 1426 334 1500 glandes,
356 1426 520 1502 amarylli,
543 1433 629 1499 tuae,
653 1441 711 1487 nea
728 1429 893 1505 amygdala
905 1432 1019 1493 desunt

149 1510 187 1571 Et
202 1525 261 1569 sua
274 1510 442 1570 velleribus
457 1511 582 1570 numina
597 1523 669 1570 cera
682 1511 776 1573 dedit

46 1603 94 1657 185
105 1593 186 1668 Quot
200 1608 285 1653 nava
299 1599 381 1653 terra
395 1594 474 1668 parit
487 1593 599 1669 flores,
620 1611 688 1655 cum
703 1610 776 1654 vere
790 1599 907 1672 tepenti

149 1676 229 1738 Vitis
247 1677 312 1752 agit
324 1692 462 1752 gemmas
477 1677 628 1752 pigraque
643 1678 719 1753 fugit
732 1679 861 1757 hiemps,

104 1762 191 1821 Lana
204 1767 249 1822 tot
263 1767 319 1821 aut
330 1761 434 1835 plures
450 1776 545 1822 sucos
559 1760 644 1822 bibit.
668 1763 747 1838 elige
762 1772 878 1827 certos:

148 1845 225 1905 llam
239 1859 302 1904 nnn
318 1844 507 1905 conveniens
523 1845 666 1906 omnibns
682 1847 781 1907 amnis
799 1851 864 1910 erit.

104 1929 191 1990 Pulla
205 1929 319 1989 decent
332 1928 455 1989 niveasr
476 1928 619 1989 Briseida
633 1931 717 2006 pulla
732 1931 898 1994 decebant=

46 2022 94 2076 190
147 2012 222 2073 Cum
235 2019 328 2088 rapta
343 2017 404 2086 est,
424 2013 585 2088 pullatum
600 2030 726 2089 quoque
740 2023 828 2077 veste
841 2018 907 2078 luit.

104 2096 186 2158 Alba
202 2097 314 2157 decent
328 2097 443 2158 luscus.
467 2096 562 2172 albis,
583 2098 713 2174 Cephei,
736 2100 897 2175 placebas:

149 2180 202 2242 Sic
217 2180 272 2241 tibi
285 2180 416 2241 vestitae
429 2196 541 2256 pressa
555 2180 705 2257 Seriphos
721 2191 794 2244 erat.

106 2266 203 2340 Quam
219 2278 321 2340 paene
335 2264 495 2338 admonui,
516 2280 556 2325 ne
569 2272 640 2326 trux
656 2280 750 2342 caper
763 2268 820 2329 iret
837 2270 958 2343 inulas,

146 2350 233 2408 Neve
247 2349 351 2409 forent
365 2347 449 2409 duris
465 2364 578 2424 aspera
592 2365 682 2410 crura
696 2351 782 2426 pilis!

47 2441 92 2496 tia
103 2433 167 2495 Sed
183 2447 246 2492 non
261 2432 419 2493 Caucasea
433 2432 532 2493 dacco
548 2434 587 2493 de
602 2450 681 2510 rupe
696 2437 824 2511 puellas,

146 2517 295 2592 Quaeque
312 2514 417 2578 bibant
431 2517 548 2590 undas,
570 2518 663 2597 Myse
677 2518 782 2591 Caice,
806 2528 885 2582 tuas.

105 2601 201 2676 Quid,
223 2601 251 2661 si
264 2599 467 2676 praecipiam,
488 2618 529 2662 ne
545 2602 646 2663 fuscet
659 2603 768 2663 inertia
784 2605 902 2681 dentes,

147 2684 272 2759 Oraque
288 2691 437 2759 suscepta
449 2700 540 2745 mane
553 2687 695 2747 laventur
708 2695 811 2762 aquai

104 2769 198 2830 Scitis
212 2775 243 2828 et
259 2768 386 2829 inducta
399 2769 565 2829 candorem
582 2785 732 2846 quaerere
746 2779 838 2833 erata.

43 2861 92 2915 tau
144 2850 304 2928 Sanguine
319 2867 399 2927 quae
413 2868 488 2913 vero
503 2869 566 2914 nnn
580 2854 684 2928 rubet,
707 2863 775 2917 arte
786 2857 883 2918 rubet.

101 2939 178 2998 Arte
193 2935 348 3012 supercilii
364 2936 498 2998 canllnia
512 2938 596 2998 nuda
609 2940 745 3015 repletis

144 3020 309 3095 Parvaque
321 3021 459 3082 sinceras
472 3023 556 3083 velut
569 3023 652 3083 aluta
665 3040 773 3099 genas.

100 3105 165 3166 Nec
180 3104 284 3180 pudor
298 3111 346 3166 est
359 3106 469 3167 ocules
482 3107 565 3167 tenui
579 3107 702 3182 signare
717 3107 830 3181 favilla,

144 3189 204 3249 Vel
218 3197 363 3265 prepete
376 3196 465 3265 nato,
488 3190 589 3251 lucide
604 3190 727 3267 Cydne,
747 3199 850 3253 croco.

42 3281 89 3336 aba
99 3272 155 3335 list
167 3272 260 3349 mihi,
283 3290 343 3349 quo
359 3274 423 3334 dixi
438 3281 561 3335 vestrae
577 3275 780 3337 medicamlna
794 3278 920 3350 formae,

142 3356 279 3431 Parvus,
302 3357 359 3418 sed
374 3373 449 3418 eura
462 3359 594 3434 mande,
616 3358 752 3433 libellus,
774 3376 863 3436 opus.

100 3441 180 3502 ilinc
194 3456 323 3518 quoque
338 3440 526 3518 praesidium
540 3445 645 3505 laesae
659 3445 785 3518 petitote
799 3445 926 3520 figurae.

141 3520 277 3587 llon'est
291 3541 350 3601 pro
363 3527 476 3587 vestris
491 3543 543 3588 ars
557 3542 626 3588 mea
641 3527 734 3588 rebus
749 3529 842 3588 iners.
