2467 4042
190 262 254 327 232
568 265 738 327 REMED.
762 268 837 327 AM.

276 417 326 476 Me
340 418 418 476 duce
435 417 616 494 damnosas,
640 418 794 492 homiues,
818 422 997 496 conpescite
1011 436 1117 496 curas,

235 507 270 563 ⁷0
321 501 480 575 Rectaque
493 516 564 562 cum
577 502 672 564 sociis
687 518 736 563 mc
750 504 829 563 duce
845 505 933 565 navis
948 512 1007 565 eat.
1189 539 1233 553 —

276 584 358 645 Naso
373 584 523 660 legendus
539 594 604 648 erat
617 592 694 661 tum,
717 603 787 647 cum
801 588 949 649 didicistis
965 604 1078 648 amare.

318 668 403 727 Idem
417 684 499 730 nunc
513 669 602 730 vobis
616 669 700 730 Naso
716 671 864 745 legendus
878 672 944 732 erit.

275 750 418 813 Publicus
434 758 570 813 assertor
584 754 716 814 dominis
733 770 903 830 suppressa
917 755 1028 816 levabo

317 835 453 896 Pectora.
476 835 630 899 vindictae
645 838 776 914 quisque
790 840 891 901 lavcte
905 855 992 900 suae.

233 926 268 983 lo
278 919 319 979 Te
333 934 445 995 precor
459 919 625 995 iucipiens,
647 921 728 981 adsit
743 928 796 982 tua
809 923 915 984 laurea
928 922 1028 995 nobis,

319 1002 466 1064 Carminis
480 1010 510 1063 et
524 1004 678 1080 medicae,
695 1004 833 1081 Phoebe,
854 1015 994 1082 repertor
1008 1008 1088 1082 opis.

275 1088 319 1148 Tu
334 1086 448 1163 pariter
462 1088 538 1162 vati,
562 1088 674 1164 pariter
687 1104 832 1149 succurre
846 1090 994 1151 medenti:

317 1173 452 1248 Utraque
466 1171 577 1233 tutelae
591 1171 714 1233 subdita
729 1188 804 1233 cura
819 1180 927 1235 tuaest.

275 1254 353 1316 Dum
369 1255 453 1328 licet,
477 1263 508 1317 et
520 1256 633 1316 modici
647 1264 775 1332 tangunt
789 1258 969 1332 praecordia
982 1265 1094 1332 motus,

232 1346 268 1401 id
322 1338 354 1399 Si
370 1338 469 1414 piget,
490 1338 522 1400 in
537 1340 636 1415 primo
652 1340 755 1400 limine
770 1342 845 1401 siste
860 1342 981 1417 pedem.

275 1419 436 1498 Opprime,
459 1424 531 1484 dum
546 1439 629 1483 nova
642 1432 727 1499 sunt,
749 1424 841 1485 subiti
855 1427 934 1486 mala
947 1425 1068 1486 semina
1080 1424 1195 1503 morbi,

316 1506 438 1568 atauus
453 1506 603 1582 incipiens
618 1508 662 1567 ire
676 1508 799 1569 resistat
814 1523 924 1585 equus.

275 1590 350 1650 Nam
365 1605 451 1649 mora
467 1590 520 1650 dat
532 1591 625 1652 vires.
648 1599 769 1653 teneras
783 1608 869 1652 mora
885 1593 1047 1669 percoquit
1063 1610 1155 1670 uvas,

315 1674 353 1733 Et
366 1673 485 1733 validas
504 1681 627 1748 segetes
643 1691 723 1750 quae
738 1675 793 1736 luit
806 1676 916 1751 herba,
938 1677 1019 1737 lacit.

231 1767 266 1821 85
279 1758 362 1832 Quae
376 1756 502 1833 praebet
514 1759 591 1818 latas
606 1759 699 1818 arbor
715 1759 916 1834 spatiantibus
928 1761 1063 1837 umbras,

318 1841 384 1917 Quo
401 1840 501 1918 posita
515 1850 564 1902 est
577 1843 707 1917 primurn
722 1849 860 1919 tempore
873 1842 961 1920 virga
974 1845 1040 1905 luit.

273 1924 348 1986 Tum
362 1932 483 2001 poterat
497 1925 637 1987 manibus
653 1942 772 1988 summa
787 1927 893 1989 tellure
906 1930 1029 1989 revelli:

316 2009 401 2069 Nunc
416 2016 475 2070 stat
489 2010 518 2069 in
534 2010 706 2071 inmensum
719 2011 837 2071 viribus
851 2017 920 2072 acta
931 2012 1007 2073 suis.
1052 2089 1054 2092 v

275 2094 370 2167 Quale
384 2094 424 2154 sit
437 2094 484 2169 ld,
508 2094 591 2168 quod
606 2110 709 2166 amas,
730 2096 821 2155 celeri
836 2095 1037 2171 circumspice
1051 2107 1163 2174 meum,

232 2186 266 2239 90
318 2177 357 2236 Et
369 2183 422 2237 tua
437 2179 558 2238 laesuro
574 2178 720 2239 subtrahe
734 2179 814 2240 colla
827 2182 909 2255 iugo.

273 2260 432 2337 Principiis
447 2262 546 2323 obsta.
569 2277 641 2324 sero
656 2263 808 2323 medicina
820 2272 951 2339 paratur,

317 2345 391 2406 Cum
404 2346 484 2405 mala
499 2361 555 2422 per
568 2346 677 2422 longas
692 2349 876 2408 convaluere
894 2363 1006 2408 moras.

274 2428 338 2491 Sed
352 2445 500 2506 propera,
521 2446 580 2492 nec
594 2438 624 2491 te
637 2437 782 2491 venturas
797 2429 887 2494 differ
900 2432 930 2491 in
945 2431 1054 2491 horas=

316 2513 371 2588 Qui
387 2530 449 2576 non
463 2522 512 2575 est
525 2515 634 2590 hodie,
653 2530 722 2574 cras
737 2516 837 2576 minus
851 2523 941 2591 aptus
960 2515 1025 2575 erit

230 2604 265 2660 95
277 2598 380 2658 Verba
395 2598 448 2659 dat
462 2598 561 2659 omnis
576 2615 677 2674 amor,
700 2599 875 2675 reperitque
890 2600 1032 2661 alimenta
1047 2601 1201 2663 morando

316 2679 436 2756 Optima
451 2681 604 2743 vindictae
619 2682 759 2759 proxima
773 2698 914 2760 quaeque
928 2683 1004 2744 dies.

273 2765 410 2826 Flumina
423 2781 524 2842 pauca
538 2766 627 2827 vides
644 2767 683 2828 de
698 2767 818 2842 magnis
833 2767 967 2829 lontibus
983 2776 1065 2829 ortas

314 2848 447 2910 Plurima
461 2852 598 2913 collectis
613 2850 850 2927 multiplicantur
863 2852 962 2927 aquis.

273 2934 305 2994 Si
321 2934 380 2994 cito
395 2935 566 3010 sensisses,
589 2941 734 3011 quantum
750 2950 881 3009 peccare
895 2951 1030 3011 parares,

206 3027 262 3081 10⁰
314 3019 380 3078 Non
398 3025 518 3094 tegeres
533 3021 634 3080 vultus
652 3020 780 3094 cortice,
800 3019 940 3097 Myrrha,
959 3027 1040 3078 tuos.

271 3101 343 3162 Vidi
358 3118 418 3178 ego
434 3104 519 3178 quod
532 3103 630 3164 luerat
642 3104 741 3178 primo
756 3103 894 3164 sanabile
910 3104 1029 3177 volnus,

314 3187 445 3258 Dilatum
457 3187 568 3262 longae
583 3187 696 3248 damna
708 3187 818 3248 tulisse
834 3202 947 3247 morae.

273 3268 335 3330 Sed
351 3270 423 3345 qma
438 3272 567 3331 delectat
580 3271 712 3331 Veneris
727 3272 895 3347 decerpere
909 3271 1047 3342 fructum,

314 3353 448 3415 Dicimus
464 3353 595 3416 adsidue
611 3357 695 3416 ‘cras
711 3370 836 3431 quoque
850 3354 903 3416 liet
915 3354 1018 3416 idem!

206 3447 258 3499 105
273 3438 390 3498 interea
405 3438 515 3500 tacitae
529 3446 657 3514 serpunt
670 3439 701 3499 in
718 3438 840 3500 viscera
853 3436 1003 3509 flammae,

313 3521 350 3580 Et
364 3523 444 3582 mala
456 3522 577 3583 radices
593 3523 684 3583 albus
697 3523 789 3583 arbor
803 3522 873 3595 agit.
