2467 4042
124 271 146 328 l.
171 268 307 329 PENEL.
330 263 509 328 70-116.
542 268 577 325 ll.
601 265 764 326 PHYLLIS
790 263 922 329 1-26.
1000 266 1037 335 ll

139 423 233 482 Nunc
248 428 313 482 erat
326 418 449 481 auxiliis
464 420 514 479 illa
531 421 646 480 luenda
660 420 765 496 patris.

95 507 162 567 Nec
178 506 255 566 mihi
269 512 342 566 sunt
357 505 441 565 vires
456 503 596 565 inimicos
612 504 727 580 pellere
741 504 840 565 tectis.

39 603 85 654 llo
135 592 185 652 Tu
202 591 291 652 citius
304 589 431 661 venias,
453 595 559 665 portus
575 597 605 651 et
620 605 695 649 aura
708 588 780 649 tuis.

97 675 154 737 Est
167 674 242 747 tibi,
265 675 381 750 sitque,
403 688 527 749 precor,
550 679 675 748 gnatus,
698 673 750 749 qul
764 673 907 735 mollibus
921 677 1007 734 annis

139 761 176 819 ln
192 760 310 836 patrias
325 764 408 818 artes
423 756 611 818 erudiendus
628 764 703 817 erat.

97 843 239 920 Respice
253 844 394 903 Laerten.
415 848 449 903 ut
463 841 523 900 iam
538 857 595 902 sua
610 841 725 902 lumine
742 843 870 916 condas,

138 928 321 988 Extremum
337 927 391 987 lati
406 926 535 987 sustinet
550 926 601 985 ille
619 926 710 987 diem.

40 1022 84 1075 llo
94 1013 185 1074 Certe
201 1027 277 1086 ego,
300 1026 381 1085 quae
396 1011 513 1071 lueram
527 1017 557 1070 te
571 1010 750 1070 discedente
765 1011 874 1086 puella,

138 1095 285 1155 Protinus
300 1102 333 1155 ut
346 1094 470 1166 venias,
494 1094 575 1154 lacta
588 1092 720 1154 videbor
732 1110 821 1155 anus.

511 1311 548 1373 11.

98 1394 251 1510 Hospita,
274 1429 493 1506 Demophoon,
515 1436 568 1492 tua
581 1438 612 1492 te
624 1431 810 1507 Rhodopeia
823 1430 940 1507 Phyllis

138 1518 229 1579 Ultra
243 1513 431 1592 promissum
444 1521 565 1592 tempus
583 1516 697 1576 abesse
711 1514 832 1591 queror'.

100 1601 225 1663 Cornua
239 1616 310 1660 cum
325 1600 417 1660 lunae
432 1600 525 1675 pleno
540 1599 636 1660 semel
651 1600 726 1661 orbe
741 1600 886 1673 coissent,

139 1684 309 1747 Litterihus
323 1683 439 1744 nostris
453 1683 590 1744 anchora
603 1690 694 1761 pacta
708 1689 831 1745 tuaest.

75 1768 186 1831 thuna
202 1774 312 1844 qnater
324 1767 425 1841 latuit,
446 1775 510 1829 toto
527 1775 636 1843 quater
650 1766 726 1829 orbe
739 1768 879 1842 recrevit,

139 1854 205 1915 Nec
219 1852 304 1913 vehit
317 1851 452 1912 Actaeas
467 1850 603 1912 Sithonis
617 1853 703 1912 unda
714 1859 808 1912 rates.

99 1937 251 2014 Tempora
266 1937 293 1996 si
307 1951 464 2009 numeres,
487 1951 568 2013 quaa
584 1953 642 1999 nos
657 1951 853 1998 numeramus
870 1943 1015 2012 amantes,

139 2022 209 2083 Non
222 2020 308 2081 venit
321 2027 393 2081 anta
409 2035 496 2081 suam
511 2026 618 2082 nostra
635 2020 761 2095 querela
775 2020 865 2080 diem.

101 2104 180 2182 Spes
197 2118 325 2183 quoque
338 2106 422 2165 lenta
435 2104 499 2165 luit
534 2104 648 2178 Tarde,
672 2120 753 2179 quae
768 2104 885 2165 credita
904 2105 1032 2173 laedunt

68 2198 97 2250 lu
144 2189 314 2253 credimus.
349 2188 448 2251 Invito
462 2204 547 2249 nnnc
562 2204 597 2248 es
613 2203 717 2250 amore
731 2204 860 2250 nocens.

102 2271 202 2350 Saepe
218 2272 262 2334 lui
275 2272 411 2332 mendax
428 2288 484 2348 pro
498 2280 530 2334 te
543 2271 626 2332 mihi.
649 2288 745 2348 saepe
759 2272 863 2333 notavi

141 2357 222 2419 Alba
240 2357 435 2433 procellosos
449 2357 520 2418 vela
534 2356 651 2417 referre
665 2363 766 2425 notos.

101 2441 219 2502 lhesea
235 2439 368 2515 devovi,
391 2440 464 2516 quia
479 2447 508 2500 te
523 2440 674 2501 dimittere
687 2441 794 2501 nollet:

138 2527 202 2587 Nec
217 2525 314 2585 tenuit
327 2539 437 2585 cursus
456 2524 584 2586 forsitan
599 2525 650 2584 ille
664 2531 744 2586 tuos.
873 2585 875 2590 ,

68 2616 94 2670 lt
105 2610 255 2671 lnterdum
268 2607 370 2683 timui,
392 2624 447 2683 ne,
470 2608 543 2669 dum
558 2609 641 2669 vada
656 2608 758 2669 tendis
773 2609 813 2669 ad
829 2609 930 2684 Hebri,

140 2694 245 2754 Mersa
259 2693 339 2753 lorel
353 2708 431 2753 caua
445 2692 594 2769 naulmga
608 2692 725 2768 puppis
739 2709 829 2770 aqua.

102 2776 201 2856 Saepe
216 2778 295 2839 deos
311 2779 462 2853 supplex,
483 2783 519 2837 ut
532 2783 579 2850 tu,
601 2777 766 2852 scelerate,
788 2778 919 2853 valeres,

140 2862 215 2922 Cum
232 2876 327 2937 prece
341 2861 510 2922 turicremis
526 2861 713 2921 devenerata
728 2861 817 2935 loeis,

101 2945 218 3022 Saepe,
239 2945 353 3006 videns
366 2953 478 3007 ventos
493 2946 579 3006 caelo
596 2946 770 3021 pelagoque
786 2945 933 3023 faventes,

66 3035 95 3089 tt
142 3030 216 3106 lpsa
229 3028 303 3090 mihi
317 3028 382 3089 dixi
399 3030 440 3091 ‘si
453 3029 535 3090 valet
550 3029 615 3102 ille,
638 3028 745 3091 venit!

101 3114 238 3190 Denique
253 3114 336 3175 lidus
351 3130 438 3176 amor
452 3113 603 3190 quidquid
620 3113 857 3190 properantibus
872 3114 981 3184 obstat,

139 3197 256 3272 Finxit,
279 3205 310 3258 et
325 3198 366 3259 ad
383 3214 495 3260 causas
510 3198 673 3274 ingeniosa
687 3198 740 3259 fui.

102 3285 139 3343 At
152 3292 186 3343 tu
201 3284 300 3343 lentus
316 3283 403 3344 abes.
425 3298 482 3343 nec
500 3288 529 3342 le
544 3283 642 3343 iurata
655 3282 806 3343 reducunt

140 3364 284 3442 Nomina,
305 3382 365 3427 nec
379 3375 485 3428 nostro
502 3374 602 3428 motus
618 3381 723 3428 amore
737 3366 831 3427 redls.

68 3458 94 3512 lt
106 3449 319 3526 Demophoon,
341 3452 442 3512 ventis
457 3457 488 3512 et
503 3452 597 3511 verba
610 3458 642 3512 el
657 3453 727 3511 vela
741 3450 865 3511 dedisti=

141 3535 219 3595 Vela
233 3550 347 3610 queror
361 3535 477 3610 reditu,
498 3535 593 3596 verba
607 3551 712 3596 carere
727 3534 799 3594 lide.
