2467 4042
195 225 260 290 342
600 226 794 279 rnsronun

325 388 361 450 ln
382 387 476 451 multo
499 406 557 449 nox
580 396 627 451 est
648 387 821 469 pervigilata
841 407 945 452 mero.

282 476 320 538 111
342 484 453 538 temere
477 475 616 537 errabant
637 478 670 537 in
692 495 800 556 opacae
823 475 949 538 vallibus
971 477 1063 558 ldae,

325 563 399 626 Pars
422 566 499 626 iacet
521 571 552 626 et
573 563 655 625 molli
676 568 810 643 gramine
832 563 966 626 membra
990 566 1089 648 levat,

282 650 468 732 illiniunt,
490 650 555 713 1555Ι
568 670 690 714 somnus
712 651 824 734 babet3
845 670 914 732 pars
938 651 1064 716 brachia
1091 658 1171 717 555515

216 752 270 804 555
327 739 366 802 lit
387 740 511 802 viridem
534 740 695 801 celeriter
717 740 793 820 pede
815 740 912 821 pulsat
933 740 1085 804 humum.

282 827 370 890 Vesta
393 830 470 890 iacet
491 826 695 908 placidamque
717 831 798 908 capit
818 845 926 890 secura
948 831 1108 912 quietam,
1201 858 1202 887 r

328 916 413 978 Sicut
435 925 500 977 erat
512 963 521 998 ,
543 919 673 996 positam
697 919 827 997 caespite
848 916 924 979 fulta
947 926 1060 998 caput.

283 1005 321 1065 lt
342 1003 434 1066 ruber
456 1004 611 1065 hortorum
634 1013 735 1066 eustos
758 1003 960 1085 nymphasque
983 1006 1122 1086 deasque

327 1092 452 1173 Captet,
476 1100 506 1153 et
528 1100 663 1154 errantes
685 1094 803 1172 fertque
825 1094 979 1172 refertque
1007 1096 1121 1174 55555.

219 1191 271 1244 555
294 1180 407 1260 lapion
429 1190 461 1242 55
483 1179 621 1242 Vestam.
662 1180 807 1262 dubium,
830 1179 1033 1261 nymphamne
1054 1186 1173 1261 putarit,

329 1269 374 1330 15
397 1270 500 1331 scierit
521 1267 662 1350 Vestam3
685 1271 777 1331 scisse
800 1269 853 1330 sed
875 1272 940 1349 ipse
963 1281 1075 1348 negat.

283 1357 374 1437 Spem
396 1359 475 1436 capit
496 1355 674 1437 obscenam,
703 1358 864 1437 furtimque
892 1357 1041 1419 accedere
1066 1368 1186 1441 temper,

326 1444 365 1506 Et
387 1446 447 1506 lert
469 1463 630 1525 suspensos
652 1444 742 1506 corde
763 1447 892 1506 micante
914 1444 1047 1524 gradus·

282 1532 372 1595 Forte
395 1551 508 1615 senex,
532 1552 590 1612 quo
614 1542 717 1594 vectus
741 1542 826 1613 erat,
850 1532 968 1594 Silenus
991 1533 1123 1597 asellum

218 1633 270 1684 545
327 1620 470 1701 Liquerat
492 1621 527 1682 ad
550 1623 631 1701 ripas
653 1621 720 1682 1555
741 1623 874 1682 55555515
896 1638 1011 1700 aquae.

283 1708 347 1771 Ibat
359 1757 368 1790 ,
391 1717 425 1770 ut
446 1711 593 1789 inciperet
614 1708 696 1789 longi
717 1709 791 1771 dans
813 1707 1019 1789 Hellesponti,

233 1796 235 1800 '
327 1797 538 1876 intempestivo
559 1815 630 1858 cnm
653 1797 734 1859 rudit
752 1795 804 1857 ilie
827 1814 917 1857 sono.

283 1885 399 1947 Territa
421 1902 493 1946 rone
516 1888 597 1965 gravi
620 1887 715 1965 surgit
737 1884 813 1966 dea3
835 1883 971 1946 convolat
993 1886 1099 1946 omnis

328 1972 450 2054 Turba,
472 1991 527 2054 per
549 1974 672 2035 infestas
694 1973 799 2052 elingit
820 1971 870 2034 1115
890 1988 1018 2035 manus.

218 2073 270 2124 345
295 2060 487 2140 [Lampsacus
509 2062 567 2121 boo
590 2059 696 2121 animal
719 2059 805 2121 solita
827 2068 875 2121 est
896 2066 1029 2120 mactare
1051 2059 1172 2141 Priapo:

328 2150 402 2229 Apta
425 2150 500 2209 asini
521 2148 648 2209 flammis
670 2148 776 2210 iudicis
799 2155 868 2209 exta
886 2146 994 2207 damus
1005 2146 1029 2224 .]

284 2237 379 2308 Quem
400 2244 457 2318 tu,
481 2236 546 2297 dira
558 2283 567 2317 ,
591 2235 764 2298 memorale
787 2253 863 2315 pane
886 2232 1049 2296 monilibus

830 2340 935 2401 mnas,
1150 2334 1192 2387 55.

329 2412 432 2474 Cessat
454 2430 551 2492 opus,
574 2429 683 2473 vacuae
705 2413 877 2472 continuere
898 2409 1014 2471 555155.

283 2500 432 2582 Nomine,
455 2518 544 2579 quam
566 2498 644 2561 lerto
656 2547 666 2582 ‚
689 2498 866 2561 celebratior
889 2514 956 2560 arce
978 2496 1130 2560 Tonantis

219 2600 272 2651 555
330 2586 453 2669 Dicam,
477 2588 601 2649 Pistoris
625 2586 696 2666 qnid
718 2586 789 2647 velit
811 2604 860 2648 ara
883 2585 975 2647 15515.

285 2677 387 2738 Cincta
410 2674 622 2756 premebantur
644 2673 779 2737 trucibus
797 2673 942 2754 Capitolia
966 2671 1077 2736 Galliae

329 2763 454 2826 Fecerat
473 2763 589 2825 obsidio
610 2765 671 2825 iam
694 2762 834 2823 diuturna
856 2763 980 2823 samem.

287 2849 1067 3019 11115151151111531115111651111355.

221 3040 273 3092 555
289 3024 425 3090 ‘Scilicet
447 3029 582 3107 ignotum
603 3035 672 3107 est,
695 3028 834 3106 quaesit
855 3025 975 3086 fortuna
994 3040 1156 3107 nanum,

330 3115 368 3178 Et
390 3114 474 3176 dolor
496 3115 545 3176 bic
568 3116 659 3176 animi
681 3131 753 3176 voce
776 3113 929 3192 querentis
951 3120 1038 3190 eget.

287 3205 320 3265 Si
342 3204 462 3284 tamen,
485 3210 520 3265 ut
541 3204 669 3264 reseram
691 3201 821 3262 breviter
843 3199 919 3262 55515
939 3200 1046 3277 iuncta
1067 3200 1190 3280 pudori,

330 3291 453 3370 Exigis:
484 3290 590 3371 Alpino
612 3289 706 3352 Roma
728 3287 784 3351 snb
807 3286 892 3349 hosta
913 3289 1008 3348 iacet.

287 3379 366 3442 11555
390 3387 436 3440 555
448 3428 458 3461 ,
482 3382 530 3441 cui
552 3380 650 3440 iuerat
671 3379 817 3456 promissa
839 3376 972 3456 potentia
993 3391 1123 3459 rerum,

221 3480 274 3530 aao
306 3502 307 3505 =
332 3464 495 3547 luppiter?
526 3466 602 3527 hanc
626 3467 715 3527 terris
736 3466 930 3543 impositurus
952 3459 1048 3524 eras?

286 3552 407 3633 lamque
431 3551 618 3615 suburbanos
641 3550 824 3631 Etruscaque
848 3549 983 3613 contudit
1003 3567 1108 3614 arma.
