2467 4042
274 854 498 940 untedium
525 855 664 939 LIBER
690 853 879 940 PRIMUS.

563 1046 591 1119 Ι.

161 1188 277 1268 Parve,
300 1205 357 1249 nec
375 1187 516 1268 invideo,
540 1189 604 1249 sine
623 1206 691 1268 me,
714 1186 811 1268 liber,
834 1186 892 1249 ibis
909 1189 942 1250 iu
955 1185 1084 1249 Urbem.

162 1276 198 1336 Ei
221 1275 315 1357 mihi,
340 1276 419 1355 quod
443 1277 562 1338 domino
587 1293 648 1336 non
670 1276 741 1337 licet
762 1277 807 1337 ire
830 1274 903 1337 tuo!

163 1362 267 1444 Vade,
291 1362 342 1424 sed
365 1364 520 1446 incultus,
544 1364 661 1443 qualem
685 1364 771 1425 decet
794 1363 889 1425 exulis
912 1381 995 1425 esse:

163 1450 269 1512 Infelix
291 1450 424 1514 habitum
448 1454 592 1531 temporis
615 1452 705 1514 hrains
728 1450 822 1514 habe.

132 1539 226 1605 aueo
247 1548 278 1601 te
301 1557 453 1618 purpureo
476 1540 576 1601 velent
597 1542 728 1602 vaccinia
751 1541 820 1602 lurco
840 1572 877 1585 -

163 1626 228 1688 Non
252 1635 298 1689 est
321 1631 500 1690 conveniens
522 1627 653 1690 luctibus
676 1628 725 1690 ille
749 1629 830 1690 color
849 1661 891 1672 -—

162 1715 225 1777 Nec
248 1716 352 1778 titulus
375 1718 490 1798 minio,
512 1734 568 1778 nec
591 1717 680 1778 cedro
705 1716 806 1778 charta
828 1723 970 1797 notetur,

165 1802 294 1865 Candida
317 1822 373 1865 nec
396 1807 480 1885 nigra
504 1823 615 1866 cornua
639 1806 737 1866 fronte
761 1822 863 1885 geras.

164 1892 278 1953 Felices
302 1901 409 1953 ornent
432 1893 504 1954 haec
527 1895 726 1955 instrumenta
749 1892 883 1955 libellos:

21 1998 26 2009 ⁸
119 1993 150 2041 10
166 1980 313 2043 Fortunae
338 1998 500 2042 memorem
523 1991 553 2042 te
577 1982 663 2043 decet
686 1999 752 2042 esse
775 1999 876 2043 meae.

163 2069 225 2130 Nec
248 2068 344 2149 fragili
366 2072 502 2149 geminae
524 2069 674 2149 poliantur
697 2071 816 2149 pumice
839 2070 974 2144 frontes,

164 2156 305 2219 Hirsutus
329 2160 441 2236 sparsis
464 2167 499 2220 ut
521 2157 639 2220 videare
663 2160 773 2220 comis.

163 2244 243 2307 Neve
265 2245 423 2307 liturarum
445 2246 576 2326 pudeat.
609 2249 662 2326 qui
684 2246 792 2307 viderit
813 2246 898 2328 illas,

165 2331 206 2393 lle
229 2333 358 2397 lacrimis
382 2334 473 2396 lactas
496 2336 605 2396 sentiet
628 2353 694 2395 esse
716 2336 809 2395 meis.

118 2432 151 2481 15
166 2419 267 2502 Vade,
289 2419 387 2502 liber,
410 2421 568 2501 verbisque
593 2425 667 2484 meis
689 2422 753 2483 loca
776 2431 859 2502 grata
881 2421 993 2484 saluta:

165 2508 339 2589 Contingam
363 2517 444 2571 certe
468 2528 527 2589 quo
549 2511 620 2573 licet
642 2511 691 2573 illa
713 2510 807 2590 pede.

168 2592 287 2676 Siquis,
314 2602 347 2656 ut
375 2596 406 2655 in
433 2595 561 2677 populo,
588 2598 685 2659 nostri
718 2616 777 2659 non
801 2601 948 2660 inmemor
969 2597 1030 2678 illi,

168 2684 286 2763 Siquis,
314 2684 383 2764 qui,
410 2684 482 2762 quid
509 2702 610 2768 agam,
637 2687 715 2748 torta
753 2689 911 2767 requirat,
933 2688 1009 2768 erit,

162 2772 268 2836 Vivere
291 2792 339 2836 me
362 2774 465 2855 dices,
488 2775 601 2838 salvum
625 2783 724 2837 tamen
746 2793 812 2837 esse
835 2774 974 2856 negabis3

114 2875 148 2923 20
162 2862 196 2923 ld
220 2881 361 2945 quoque,
384 2863 463 2944 quod
487 2866 606 2938 vivam,
629 2882 739 2925 munus
762 2862 872 2929 hahere
895 2863 961 2925 dei.

162 2951 258 3030 Atque
282 2954 322 3012 ita
345 2960 377 3012 tu
401 2953 531 3033 tacitus,
555 2954 711 3030 quaerenti
733 2951 818 3030 plura
841 2951 1001 3031 legendus,

163 3036 227 3117 Ne,
251 3055 326 3116 quae
351 3056 411 3098 non
434 3057 510 3118 opus
533 3047 603 3119 est,
627 3040 704 3100 torte
727 3038 871 3118 loquare,
894 3036 982 3100 cavel

162 3124 304 3203 Protinus
327 3124 496 3187 admonitus
520 3133 637 3204 repetet
660 3143 724 3187 mea
748 3127 872 3186 crimina
894 3125 1007 3208 lector,

163 3212 202 3273 Et
223 3230 347 3292 peragar
370 3213 473 3291 populi
494 3212 633 3293 publicus
656 3232 712 3292 ore
731 3230 820 3274 reus.

113 3312 148 3362 no
162 3300 208 3361 Tu
232 3318 301 3361 cave
325 3299 489 3382 delendas,
513 3303 646 3380 quamvis
669 3299 844 3363 mordebere
868 3299 973 3364 dictis:

163 3388 257 3450 Causa
280 3390 444 3469 patrocinio
468 3407 528 3451 non
551 3388 628 3451 bona
647 3392 731 3469 peior
754 3390 829 3451 erit.

162 3477 299 3539 Invenies
323 3477 474 3559 aliquem,
497 3480 549 3559 qui
572 3496 620 3539 me
644 3480 775 3559 suspiret
798 3475 990 3560 ademptum,

162 3564 298 3630 Carmina
321 3584 377 3628 nec
400 3569 487 3629 siccis
509 3566 644 3647 perlegat
665 3570 722 3630 ista
744 3567 847 3648 genis,

126 3674 207 3719 orm.
230 3675 274 3718 111.
908 3671 922 3720 1
