2467 4042
179 217 223 283 30
338 235 478 272 emuntur
594 217 758 273 METAMM
767 259 775 275 .

266 384 422 445 Presserat
443 400 496 444 ora
518 378 609 461 v'apor
626 416 671 427 -
693 378 801 445 ‘tostos
823 402 862 446 en
885 387 986 466 aspice
1009 391 1143 472 crines»,

266 472 361 551 lnque
384 470 479 532 oculis
501 479 641 553 tantum,
663 479 779 533 tantum
802 491 894 552 super
916 492 969 536 ora
991 477 1141 540 favillae.

200 565 252 621 '285
266 560 366 622 Hosne
389 560 463 620 mihi
485 561 602 620 lructus
614 606 624 640 ,
647 558 728 621 hunc
750 561 913 623 fertilitatis
935 562 1084 628 honorem

266 648 423 728 Uihciique
445 649 565 724 reiers,
588 647 668 726 quod
691 648 800 709 adunci
821 650 945 712 vulnera
967 657 1061 715 aratri

266 738 502 816 Rastrorumque
523 737 589 796 iero
612 744 736 815 totoque
759 755 903 799 exerceor
924 757 1022 824 anno,

266 826 352 899 Quod
374 826 477 905 pecori
499 825 622 887 frondes
645 826 842 906 alimentaque
865 829 971 911 mitia,
994 831 1102 910 fruges

265 915 402 976 Humano
425 915 550 995 generi,
572 913 658 974 vobis
681 932 801 994 quoque
825 923 892 977 tura
914 918 1084 980 ministro?

199 1016 251 1066 290
266 1003 325 1065 Sed
348 1011 447 1065 tamen
469 1004 593 1063 exitium
615 1003 663 1063 iac
684 1022 733 1064 me
756 1006 926 1086 meruisse,
948 1007 1021 1085 quid
1043 1011 1172 1093 undae,

266 1092 344 1163 Ouid
366 1093 478 1153 meruit
499 1087 624 1152 nater?
646 1109 702 1152 cur
715 1091 758 1152 illi
781 1092 889 1153 tradita
912 1103 993 1156 sorte

265 1181 403 1259 Aequora
424 1180 604 1241 decrescunt
628 1189 659 1240 et
681 1179 717 1241 ab
740 1180 861 1242 aethere
883 1180 1001 1261 longius
1021 1184 1166 1248 absunt?

265 1268 377 1341 Quodsi
400 1287 456 1330 nee
478 1268 602 1350 fratris,
625 1286 681 1330 nec
704 1276 734 1329 te
757 1287 823 1330 mea
844 1272 938 1350 gratia
951 1275 1066 1356 tangit,

264 1359 302 1419 ht
323 1356 397 1418 caeli
420 1359 562 1418 miserere
585 1359 651 1418 tui.
680 1360 876 1438 circumspice
898 1368 1081 1442 utrumque,

198 1458 249 1508 295
263 1446 370 1508 Fumat
392 1454 521 1526 uterque
543 1445 653 1525 polus.
681 1464 756 1525 quos
780 1449 807 1507 si
829 1448 975 1509 vitiaverit
992 1452 1089 1533 ignis,

264 1537 346 1597 Atria
367 1544 467 1596 vestra
489 1543 600 1595 ruent.
627 1534 708 1595 Atlas
731 1552 770 1595 en
792 1537 857 1614 ipse
879 1534 1011 1618 laborat,

262 1624 375 1703 Vixque
399 1626 461 1684 suis
483 1625 595 1685 umeris
618 1622 795 1685 candentem
817 1625 946 1685 sustinet
968 1643 1072 1688 mem.

264 1713 296 1774 Si
318 1714 416 1794 treta,
435 1715 461 1774 si
483 1720 582 1773 terrae
603 1720 755 1793 pereunt,
777 1715 804 1772 si
826 1715 908 1791 regia
930 1713 1022 1795 caeli,

263 1801 297 1862 ln
319 1801 409 1862 chaos
432 1802 588 1881 antiquum
610 1800 843 1862 confundimur.
871 1803 954 1880 eripe
976 1801 1106 1865 nammis

197 1903 249 1952 300
264 1889 372 1969 Siquid
392 1889 488 1951 adhuc
511 1897 672 1971 superest,
694 1897 726 1950 et
747 1907 850 1950 rerum
877 1889 999 1951 consule
1024 1892 1193 1956 summae?

262 1977 383 2039 Dixerat
404 1978 476 2039 haec
499 1977 623 2039 Tellus:
645 1995 743 2056 neque
767 1980 846 2038 enim
869 1977 997 2040 tolerare
1019 1998 1166 2060 vaporem

263 2066 395 2129 Ulterius
417 2069 516 2146 potuit
538 2084 594 2128 nec
617 2067 718 2127 dicere
740 2066 848 2148 plura,
870 2085 1018 2146 suumque

262 2156 387 2217 Rettulit
409 2174 443 2216 os
465 2157 497 2216 iu
520 2173 553 2216 se
575 2156 774 2234 propioraque
798 2155 933 2217 manibus
956 2164 1057 2218 antra.

261 2244 299 2304 At
320 2252 406 2323 pater
427 2245 638 2325 omnipotens,
660 2262 787 2323 superos
808 2250 935 2305 testatus
957 2252 989 2305 et
1009 2246 1129 2328 ipsum,

195 2344 247 2394 305
262 2332 321 2404 Qui
343 2333 467 2395 dederat
488 2351 618 2413 currus,
642 2334 700 2392 nisi
722 2351 810 2411 opem
832 2334 931 2414 serat,
952 2335 1051 2393 omnia
1073 2335 1134 2397 lato

262 2421 423 2483 interitura
445 2423 552 2503 gravi,
574 2439 719 2482 summam
741 2422 818 2500 petit
839 2421 951 2482 arduus
973 2438 1093 2507 arcem,

261 2509 346 2571 Unde
370 2510 447 2571 solet
467 2509 535 2570 latis
556 2507 654 2570 nubes
675 2510 819 2571 inducere
840 2512 949 2590 terris,

261 2597 346 2659 Unde
369 2606 468 2659 movet
489 2600 618 2660 tonitrus
641 2597 814 2677 vibrataque
837 2597 959 2659 fulmina
980 2600 1086 2662 iactat.

263 2687 321 2747 Sed
344 2705 442 2767 neque
466 2705 539 2766 quas
561 2695 664 2767 posset
686 2690 776 2748 terris
798 2687 965 2768 inducere,
986 2687 1082 2748 nubes

195 2788 248 2839 810
262 2775 347 2836 Tunc
370 2775 475 2838 hahuit
496 2793 551 2838 nec
575 2794 651 2855 quos
674 2775 755 2836 caelo
774 2775 961 2856 dimitteret,
982 2775 1112 2841 imbres.

261 2865 379 2926 Intonat
401 2873 433 2926 et
454 2863 558 2926 dextra
579 2862 855 2925 hhratum'iulmen
879 2862 915 2924 ab
938 2880 1010 2924 aure

261 2953 342 3014 Misit
363 2956 395 3014 in
418 2955 551 3033 aurigam
572 2955 744 3034 pariterque
768 2954 924 3032 animaque
947 2954 1080 3031 rotisque

261 3042 403 3123 Expulit,
426 3049 458 3103 et
479 3044 573 3104 saevis
597 3044 782 3121 compescuit
802 3040 922 3120 ignibus
944 3042 1045 3119 ignes.

261 3130 499 3192 Consternantur
522 3134 591 3210 equi
615 3139 646 3191 et
669 3130 745 3190 saltu
767 3131 799 3189 in
822 3130 971 3189 contraria
993 3128 1071 3189 iacto

193 3231 245 3281 815
261 3219 342 3280 Colle
363 3222 433 3298 iugo
457 3221 589 3300 eripiunt
612 3218 796 3298 abruptaque
819 3217 882 3278 lora
904 3217 1091 3296 relinquunt.

260 3308 323 3369 lllic
346 3308 431 3368 irena
453 3311 572 3389 iacent,
594 3307 657 3368 illio
678 3316 798 3367 temone
821 3304 958 3367 revulsus

260 3396 352 3478 Axis,
374 3398 406 3457 in
428 3396 483 3457 hac
506 3395 582 3458 radii
604 3397 766 3456 fractarum
787 3401 872 3474 parte
894 3404 1046 3477 rotarum,

261 3484 429 3564 Sparsaque
452 3493 523 3547 sunt
544 3484 603 3545 late
626 3484 717 3544 laceri
738 3483 861 3561 vestigia
884 3499 1009 3543 currus.

260 3574 299 3633 ht
320 3571 497 3656 Phaethon,
519 3572 626 3634 rutilos
649 3572 765 3634 llamma
787 3569 947 3653 populante
970 3570 1103 3656 capillos,
