2467 4042
2125 19 2467 208 ,Ἶ

364 227 487 301 iso
1090 224 1375 285 Anus
1419 223 1699 285 AMAT.

531 379 664 453 Sic,
703 394 782 440 ne
811 376 1175 454 perdiderit,
1214 391 1341 436 non
1364 383 1571 435 cessat
1597 377 1861 451 perdere
1889 377 2079 449 lusor,

615 463 690 524 Et
714 467 968 523 revocat
997 459 1258 536 cupidas
1288 460 1425 519 alea
1453 475 1645 535 saepe
1677 476 1918 520 manus.

530 549 664 608 Hoc
693 563 881 622 opuS,
919 545 1022 605 hic
1050 543 1227 604 labor
1255 550 1381 615 est,
1429 543 1627 618 primo
1657 544 1794 604 sine
1820 559 2072 604 munere
2104 544 2297 621 iungi.

614 631 702 691 Ne
732 629 970 691 dederit
996 628 1188 704 gratis
1219 641 1380 703 quae
1409 626 1609 699 dedit,
1652 643 1853 702 usque
1882 625 2069 687 dabit.

403 726 505 779 455
525 716 687 789 Ergo
717 721 815 774 eat
844 719 905 772 et
931 711 1174 772 blandis
1204 717 1524 787 peraretur
1550 711 1749 772 littera
1776 711 2000 782 verme,

612 799 1033 874 Exploretque
1061 795 1331 868 aniame,
1379 794 1699 871 primaque
1726 801 1978 870 temptet
2005 795 2141 856 iter.

530 884 754 943 Littera
783 880 1108 960 Cydippen
1138 894 1325 954 pomo
1355 879 1591 953 perlata
1619 879 1847 953 fefellit,

613 964 941 1040 Insciaque
969 968 1068 1024 est
1094 960 1303 1022 verbis
1332 968 1512 1039 capta
1538 964 1745 1037 puella
1775 963 1924 1025 suis.

529 1050 715 1111 Disce
742 1048 943 1109 bonas
971 1052 1165 1119 ιιι-ωε,
1210 1061 1465 1120 menen,
1506 1047 1786 1108 Romana
1815 1047 2121 1122 iuventuS‚

406 1144 508 1198 460
612 1134 746 1193 Non
775 1138 1009 1194 tantum
1033 1129 1312 1206 trepidos
1342 1137 1408 1191 ut
1432 1136 1641 1192 tueare
1670 1146 1833 1193 reoS.

534 1217 724 1293 Quam
753 1217 1019 1293 populus
1048 1214 1362 1288 iudexque
1390 1216 1597 1290 gravis
1626 1216 1951 1290 lectusque
1979 1225 2261 1291 senatus»,

616 1302 765 1362 Tam
795 1299 963 1360 dabit
991 1298 1241 1373 eloquio
1270 1297 1432 1358 victa
1459 1299 1665 1374 puella
1692 1315 1933 1360 manue.

537 1386 662 1446 Sed
690 1385 917 1444 lateant
947 1381 1129 1442 vires.
1169 1397 1287 1441 nec
1316 1382 1408 1441 sis
1435 1382 1498 1442 in
1528 1383 1727 1445 fronte
1750 1383 2040 1446 disertus.

616 1466 925 1543 Effugiant
953 1481 1145 1527 voees
1176 1465 1370 1525 verba
1395 1467 1656 1528 molesta
1679 1473 1844 1530 tuae.

409 1562 510 1618 465
536 1553 715 1628 Quia,
756 1552 875 1611 nisi
901 1550 1122 1610 mentis
1151 1550 1364 1625 inope,
1406 1557 1654 1611 tenerae
1683 1550 1999 1612 declamat·
2014 1552 2300 1613 amicae&

619 1636 822 1712 Saepe
853 1636 1066 1695 valens
1097 1633 1223 1694 odii
1251 1633 1450 1694 littera
1480 1649 1671 1694 causa
1698 1634 1828 1696 fuit.

537 1724 626 1782 Sit
651 1719 758 1780 tibi
789 1717 1102 1779 credibilis
1131 1733 1335 1780 sermo
1367 1725 1789 1795 consuetaque
1818 1719 2027 1793 verba,

615 1804 850 1865 Blanda
880 1810 1083 1863 tamen
1099 1848 1114 1876 ,
1159 1817 1458 1878 praesens
1487 1806 1554 1863 ut
1572 1801 1834 1865 videare
1856 1802 2049 1877 loqui.

537 1889 602 1949 Si
630 1905 754 1951 non
787 1886 1051 1964 accipiet
1078 1886 1399 1962 scriptum,
1442 1886 1855 1962 mecumque
1881 1887 2164 1963 remittet,

409 1980 511 2036 470
614 1974 934 2033 Lecturam
964 1985 1177 2046 spera,
1223 1970 1739 2047 propositumque
1766 1979 1928 2034 tene.

532 2059 833 2131 Tempore
862 2054 1147 2115 difficiles
1178 2052 1431 2114 veniunt
1458 2053 1539 2115 ad
1568 2061 1771 2118 aratra
1798 2053 2061 2128 iuvenci,

615 2141 915 2214 Tempore
943 2138 1107 2199 lenta
1132 2136 1262 2213 pati
1290 2137 1465 2198 frena
1498 2137 1798 2200 docentur
1825 2140 1997 2213 equi:

533 2225 791 2284 Ferreus
818 2222 1083 2284 adsiduo
1113 2222 1490 2283 consumitur
1516 2224 1735 2284 anulus
1762 2238 1902 2296 usu,

615 2307 821 2368 Interit
846 2306 1109 2367 adsidua
1135 2321 1353 2366 vomer
1377 2306 1659 2368 aduncus
1683 2305 1892 2368 hume.

409 2398 509 2454 ηε,
535 2390 691 2466 Quid
719 2391 917 2466 magis
943 2397 1039 2450 est
1068 2406 1222 2451 saxo
1254 2390 1502 2463 durum,
1545 2390 1691 2466 quid
1720 2391 1966 2452 mollius
1995 2392 2206 2452 unda?

615 2477 782 2536 Dura
808 2481 1011 2535 tamen
1038 2473 1205 2534 molli
1234 2489 1392 2533 saxa
1421 2480 1716 2536 cavantur
1745 2490 1925 2550 aqua.

533 2560 880 2636 Penelopen
909 2561 1139 2635 ipsam,
1182 2565 1394 2633 persta
1425 2558 1645 2634 modo,
1689 2563 1965 2635 tempore
1994 2559 2231 2621 vinces.

619 2643 810 2718 Capta
836 2644 1014 2704 vides
1045 2658 1189 2703 sero
1217 2641 1545 2717 Pergama,
1590 2648 1771 2718 capta
1796 2649 2018 2703 tamen.

533 2727 798 2802 Legerit,
845 2733 907 2788 et
932 2726 1085 2787 nolit
1110 2726 1495 2787 rescribere?
1542 2742 1766 2802 eogere
1798 2727 1954 2789 noli=

413 2826 513 2874 Διί-41]
615 2811 704 2872 Tu
734 2812 920 2871 modo
946 2810 1275 2871 blanditias
1304 2811 1401 2870 fac
1429 2812 1592 2886 legat
1618 2828 1823 2887 usque
1848 2818 2003 2872 tuas

533 2895 700 2970 Quae
732 2894 924 2956 voluit
951 2895 1208 2969 legisse,
1256 2896 1426 2955 volet
1450 2895 1790 2956 rescribere
1824 2895 2026 2957 lectis:

613 2978 730 3039 Per
757 2994 1047 3039 numeros
1079 2979 1323 3038 venient
1348 2978 1466 3038 ista
1491 2980 1848 3056 gradusque
1877 2996 2045 3040 suos.

533 3061 808 3124 Forsitan
840 3069 900 3122 et
930 3062 1125 3137 primo
1159 3062 1360 3122 veniet
1387 3062 1492 3139 tibi
1521 3063 1718 3124 littera
1745 3063 1956 3135 tristia

618 3146 912 3222 Quaeque
940 3154 1143 3222 roget,
1185 3161 1267 3205 ne
1296 3162 1367 3207 se
1397 3146 1725 3207 sollicitare
1757 3147 1929 3208 velis.

413 3246 509 3290 με·
533 3231 704 3304 Quod
730 3239 908 3306 rogat
927 3230 1060 3304 illa,
1089 3230 1275 3290 timet.
1326 3223 1491 3305 quod
1515 3245 1637 3290 non
1659 3238 1853 3306 rogat,
1885 3237 2070 3306 optat,
2101 3239 2168 3292 ut
2187 3233 2375 3294 instes

616 3315 979 3390 Insequere,
1025 3321 1087 3375 et
1115 3314 1242 3374 voti
1271 3314 1603 3389 postmodo
1634 3329 1892 3390 compos
1922 3315 2065 3375 eris.

540 3407 768 3461 interea
797 3397 931 3459 sive
958 3399 1062 3458 illa
1094 3404 1230 3458 toro
1261 3398 1551 3474 resupina
1582 3400 1825 3474 feretur,

615 3483 917 3542 Lecticam
951 3481 1234 3543 dominae
1266 3480 1721 3543 dissimulanter
1756 3484 1886 3543 adi:
