2467 4042
426 202 472 272 11,
490 206 648 257 505-5'18.
771 220 880 257 coaoms
999 200 1040 265 37

111 369 271 431 Pulchrior
295 371 331 430 in
353 376 437 449 tota,
459 385 547 447 quam
570 365 722 428 Larissaea
745 366 887 448 Coronis,

111 457 175 517 Non
198 457 259 518 luit
283 456 470 518 Haemonia.
498 455 609 535 placuit
632 454 709 536 tibi,
731 454 891 536 Delphice,
915 464 1015 536 certe,

111 544 185 606 llum
209 545 259 606 rel
284 553 369 606 casta
391 545 447 606 luit
459 592 469 624 ,
490 543 537 604 rel
559 541 766 605 inobservata.
794 544 847 604 sed
870 543 930 604 ales

53 644 98 694 oss
112 633 210 695 Sensit
235 633 422 695 adulteri-um
444 631 635 713 Phoebeius,
657 640 750 712 utque
772 631 913 693 latentem

111 721 273 801 Detegeret
299 722 417 802 culpam
429 769 439 802 ,
462 739 522 781 non
545 719 703 782 exorabilis
724 720 813 781 index
943 733 965 773 r·
979 732 1040 776 nu.

111 810 152 870 ld
174 809 339 872 dominum
361 807 501 871 tendebat
523 811 603 870 iter.
632 827 721 888 quem
743 808 861 887 garrula
880 812 968 870 motis

112 896 320 978 Consequitur
341 900 471 980 pennis,
494 900 619 959 scitetur
642 904 676 958 ut
697 899 818 978 omnia,
841 900 961 959 cornix:

13 977 14 984 '
112 986 282 1065 inditaque
308 989 372 1048 viae
396 1004 484 1048 caus-a
507 981 579 1047 ‘non
602 986 674 1046 utile
698 980 807 1064 carpis'

57 1082 100 1132 ooo
113 1072 211 1153 lnquit
230 1071 331 1137 ‘itera
353 1093 392 1136 ne
415 1092 523 1155 sperne
547 1092 630 1135 meae
653 1075 804 1154 praesagia
826 1073 959 1152 linguae.

113 1161 187 1233 Quid
202 1163 320 1225 luerim
334 1163 406 1242 quid
423 1165 558 1245 simque,
577 1162 665 1244 ride,
688 1164 888 1240 meritumque
902 1163 1041 1242 require:

113 1248 250 1312 Invenies
275 1254 416 1313 nocuisse
439 1251 549 1312 iidem.
577 1269 646 1311 narn
669 1259 802 1330 tempore
827 1250 953 1329 quodam

114 1336 205 1399 Pallas
227 1338 484 1419 Erichthonium,
506 1339 621 1418 prolem
634 1340 708 1412 ¹sine
731 1346 826 1400 matre
849 1346 997 1420 creatam,

115 1424 269 1489 Clauserat
293 1427 402 1489 Actaeo
426 1436 507 1489 texta
529 1427 564 1488 de
588 1429 696 1489 vimine
720 1428 811 1508 cista,

64 1511 349 1595 ssoiirginibusque
372 1516 470 1577 tribus
492 1517 609 1595 gemino
629 1516 665 1578 de
690 1514 822 1594 Cecrope
841 1518 917 1576 natis

118 1599 152 1662 Et
174 1602 274 1682 legem
300 1603 443 1685 dederat,
467 1622 521 1665 sua
543 1622 580 1665 na
604 1612 720 1665 secreta
742 1604 894 1665 riderent.

120 1689 219 1752 sunta
244 1691 354 1753 ironde
376 1691 434 1753 levi
456 1692 548 1754 densa
570 1691 745 1772 speculabar
768 1691 804 1752 ab
827 1692 925 1773 ulmo,

121 1776 192 1847 Quid
215 1781 374 1842 iacerent.
403 1782 559 1841 commissa
584 1781 660 1842 duae
684 1783 749 1842 sine
772 1781 875 1841 iraude
899 1789 1040 1862 tuentur,

120 1863 287 1930 Pandrosos
308 1877 398 1947 atque
421 1867 537 1931 llerse.
565 1869 682 1931 timidas
705 1878 790 1931 vocat
811 1888 872 1929 una
894 1887 1013 1930 sorores

71 1959 112 2010 oto
123 1954 286 2039 Aglauros,
309 1957 462 2036 nodosque
486 1975 575 2019 manu
597 1958 732 2019 diducit.
761 1966 792 2018 et
813 1959 894 2018 intus

123 2038 324 2125 infantemque
347 2045 448 2106 vident
471 2054 740 2125 apporrectumque
763 2042 939 2107 draconem.

13 2133 15 2136 ’
125 2131 189 2191 dcta
211 2134 286 2195 deae
309 2134 426 2194 reiero.
453 2152 507 2213 pro
532 2152 590 2213 quo
614 2134 687 2195 milri
710 2136 803 2213 gratia
826 2134 893 2194 talis

125 2214 287 2303 Redditur,
310 2231 344 2283 ut
366 2222 448 2283 dicar
470 2222 562 2284 tutela
584 2222 669 2302 pulsa
692 2222 841 2284 Minervae

126 2302 161 2365 m
179 2326 275 2387 ponar
296 2319 366 2390 post
388 2312 484 2371 noctis
508 2328 612 2373 arem.
641 2329 706 2372 mea
728 2328 824 2391 poena
847 2310 981 2373 volucres

76 2392 316 2461 aooidmonuisse
337 2404 459 2480 potest,
482 2417 520 2459 ne
543 2417 614 2461 voce
637 2400 769 2480 pericula
793 2408 951 2479 quaerant.

128 2481 179 2565 lt,
198 2497 296 2568 puto,
319 2505 379 2547 non
402 2487 505 2569 ultro,
527 2506 583 2548 nec
607 2490 765 2567 quiequam
788 2486 846 2549 tale
868 2497 1021 2567 rogantem

128 2566 167 2630 lle
187 2571 309 2652 petiit?
330 2577 394 2654 ipsa
416 2574 486 2636 licet
508 2575 565 2636 hoc
588 2594 604 2636 a
627 2575 744 2638 Pallade
768 2594 931 2656 quaeram,

129 2655 266 2727 Quamvis
282 2666 356 2724 irata
379 2672 425 2724 est
437 2712 447 2745 ,
470 2682 530 2724 non
553 2666 610 2724 hoc
634 2667 708 2726 irata
731 2664 867 2743 negabit.

130 2742 194 2809 Nem
215 2769 263 2812 me
285 2751 431 2813 Phocaica
449 2752 546 2815 clarus
569 2752 677 2813 tellure
701 2751 871 2834 Coroneus,

80 2831 195 2897 cronon
215 2838 345 2922 loquor,
366 2843 491 2921 genuit3
514 2842 689 2919 fueramque
712 2860 767 2921 ego
791 2843 872 2921 regia
894 2844 995 2920 virgo:

131 2918 323 3006 Divitibusque
345 2931 467 3010 procis,
491 2947 527 3006 ne
550 2947 599 2989 ma
623 2939 802 3012 contemne,
824 2928 963 3009 petehar.

131 3006 224 3077 Forma
247 3017 320 3078 mihi
342 3019 465 3079 nocuit.
494 3036 562 3078 nam
585 3035 654 3079 cum
675 3036 731 3099 per
752 3018 840 3081 litora
862 3018 951 3078 lentis

131 3094 282 3186 imbus,
303 3113 338 3167 ut
359 3103 463 3185 soleo,
486 3123 601 3168 summa
624 3109 769 3187 spatiarer
791 3105 919 3187 harena,

133 3182 199 3252 Vidit
218 3201 250 3254 et
271 3192 395 3254 incaluit
416 3192 512 3274 pelagi
535 3194 631 3255 deus.
660 3202 752 3274 utque
774 3195 923 3274 precando

85 3271 264 3361 titlempora
288 3300 356 3343 cum
378 3281 494 3343 blandis
517 3281 681 3363 absumpsit
703 3285 802 3344 inania
824 3282 941 3365 verbis,

134 3358 290 3450 iimperat
311 3378 342 3431 et
364 3373 522 3449 sequitur.
549 3372 631 3450 iugio
654 3371 839 3451 densumque
862 3371 998 3449 relinquo

134 3447 202 3516 bitus
214 3507 224 3540 ,
246 3467 278 3519 et
299 3461 331 3520 in
353 3457 435 3519 molli
457 3461 638 3538 nequiquam
661 3458 756 3521 lassor
779 3460 905 3520 harena.

135 3535 191 3605 inde
212 3547 283 3609 deos
305 3548 500 3627 hominesque
523 3565 618 3630 voco,
640 3565 697 3609 nec
720 3550 844 3627 contigit
867 3546 957 3608 ullum
