2467 4042
196 255 279 316 xvi.
303 253 423 332 [nvn]
444 251 663 312 beennon
685 250 797 314 156-
811 251 883 314 231.
993 251 1054 315 teo

151 408 185 467 in
201 422 263 468 non
280 405 423 466 exhibitis
438 410 570 480 utraque
581 405 651 465 inse
664 404 751 466 toris.

34 501 88 557 195
99 493 151 553 lu
165 488 453 567 quoquetdiieotenr
463 491 596 562 nultos,
617 487 729 564 infide,
749 503 921 565 perennes

148 573 270 636 Diceris
284 572 435 636 Oenonen
450 571 630 635 destituisse
644 579 738 639 tuem.

101 661 169 720 Nee
183 658 494 734 temenipseneges.
512 656 652 717 etnobis
669 654 774 717 omnio
788 657 828 717 de
841 665 873 718 te

149 744 322 818 Quaerere,
337 742 370 802 si
379 742 503 815 neseis,
516 741 658 802 zmaxima
667 756 747 802 eure
761 741 828 803 [uit.

103 828 199 888 Adde
215 825 660 903 neheompos-constans
674 824 707 885 in
722 841 829 886 amore
843 841 978 899 munere,

34 924 92 976 eoo
146 913 217 972 Non
233 917 335 987 potes.
346 908 669 984 ‹expediunt-iente
683 909 754 969 vola
767 908 917 986 Phryges.

103 997 183 1057 Dum
200 994 341 1070 loqueris
355 1009 492 1069 meeum,
506 993 666 1055 dumhox
679 1000 804 1069 sperate
819 1001 953 1070 paratur,

149 1079 302 1155 eniteret
316 1079 349 1138 in
359 1077 507 1156 -pntriem,
530 1077 592 1138 iem
605 1076 660 1138 tibi
673 1085 783 1140 ventus
800 1076 868 1138 erit.

105 1162 256 1224 Cursibus
263 1161 302 1224 tn
318 1161 431 1224 modiis
446 1158 591 1223 novitatis
605 1161 700 1237 plene
712 1160 861 1238 relinquis

150 1246 281 1309 Gaudia.
299 1263 376 1308 eum
392 1246 493 1307 ventis
508 1244 833 1306 nosterebibitemor.

40 1341 152 1396 monn
171 1346 303 1407 sequen,
325 1330 505 1402 uttsuedes,
527 1330 714 1406 laudateque
727 1329 876 1406 Pergama
891 1327 998 1404 visan

148 1416 309 1476 Pronurus
325 1421 357 1475 et
373 1414 476 1490 magni
486 1413 711 1474 Laumedontis
727 1421 805 1474 ero?

106 1501 174 1562 dion
188 1500 232 1559 ita
246 1505 412 1560 contemno
427 1497 564 1560 votuorts
580 1498 748 1573 praeeonie
763 1499 872 1572 ismae,

147 1584 191 1644 Ut
203 1582 329 1659 probris
342 1581 582 1657 terres-impient
596 1581 650 1642 iiie
660 1582 749 1643 meis.

108 1668 188 1744 Quid
203 1667 243 1728 de
258 1682 308 1726 me
322 1665 437 1744 poterit
446 1665 575 1741 spone,
595 1666 672 1740 quid
685 1665 805 1726 theie
817 1672 891 1738 tote,

45 1763 96 1816 no
146 1750 228 1827 puio
242 1750 462 1827 genteseiiee,
479 1750 628 1825 ouidtue
638 1750 732 1811 hoie
744 1747 852 1825 toqutr

107 1835 187 1911 Quid
200 1834 342 1896 Priamus
357 1834 477 1908 dente,
492 1830 610 1895 etiami
624 1835 701 1911 quid
710 1835 827 1895 sentiet
840 1850 928 1909 uxor,

147 1919 329 1994 Totquetui
345 1919 456 1980 iratres
465 1918 728 1995 herdenidesque
743 1926 861 1980 nurust

106 2005 150 2065 Tu
164 2019 308 2079 qnoque,
332 2002 600 2079 quipoterisiore
610 2016 806 2080 mesperere
822 2002 954 2077 fidelem,

146 2088 187 2149 Et
200 2104 265 2148 non
280 2088 432 2162 exemplis
447 2084 651 2149 anxiuseseo
664 2086 748 2148 tuis?

48 2183 98 2236 115
108 2172 299 2248 Qeioumque
312 2168 426 2232 iiieoos
442 2171 736 2232 intraveritedvone
750 2178 867 2248 portus,

148 2257 181 2318 Is
194 2255 250 2317 tibi
265 2255 389 2316 soilioiti
398 2270 499 2317 oause
513 2255 633 2316 timoris
641 2255 715 2318 «enit.

109 2342 180 2417 ipse
189 2340 270 2401 mihi
285 2340 429 2415 quotiens
443 2340 538 2402 inatus
555 2339 720 2401 ‘adultera’
737 2339 834 2413 diees,

149 2423 270 2486 Oblitus
285 2424 524 2485 nostroerimen
537 2423 644 2485 inesse
658 2430 764 2486 tuum?

108 2506 216 2570 Delicti
230 2508 290 2569 des
304 2507 387 2570 idem
401 2506 609 2583 reprehensor
625 2516 656 2569 et
671 2514 788 2569 auctor.

50 2600 98 2653 nt
145 2595 258 2668 Terre,
279 2606 407 2668 precor,
428 2593 531 2653 vuitus
548 2591 658 2654 obruet
674 2597 863 2653 antemeost

107 2678 147 2738 At
161 2678 249 2737 fruar
261 2674 364 2737 llieeis
380 2676 493 2752 opibus
507 2678 652 2752 uultuque
669 2675 771 2750 beato,

146 2761 304 2835 Donaque
319 2758 483 2836 promissis
498 2760 643 2823 uberiore
659 2760 764 2820 ierem.

107 2844 249 2920 Purpura
260 2859 372 2920 nernpe
385 2844 460 2904 mihi
470 2845 673 2920 pretiosaque
687 2851 771 2905 texta
785 2843 947 2917 debentur,

148 2927 372 3004 congestoque
386 2928 456 2990 enti
469 2928 609 3004 pondere
627 2929 795 2989 dives-ero.

53 3011 150 3074 fitne
163 3014 291 3074 veniam
305 3012 420 3074 iessee.
441 3026 505 3073 non
520 3019 592 3074 eunt
605 3019 658 3074 tue
672 3029 800 3074 munere
813 3012 900 3072 tenti.

147 3096 264 3157 Nescio
281 3113 343 3171 quo
356 3097 448 3158 telius
462 3112 512 3158 me
526 3103 610 3157 tenet
624 3097 693 3173 ipsa
708 3097 812 3159 modo.

107 3179 181 3255 Quis
195 3179 287 3254 mihi,
311 3181 338 3241 si
354 3181 474 3255 laedor,
495 3180 637 3259 Phrppiis
653 3188 812 3243 suoonrret
825 3181 856 3240 in
872 3180 958 3241 orist

147 3265 243 3326 Unde
255 3271 360 3340 petum
372 3266 502 3341 iratres,
524 3265 606 3326 unde
621 3265 759 3341 parentis
775 3272 891 3342 opem?

107 3346 217 3410 Omnia
231 3348 363 3412 Medeae
377 3349 470 3411 ieliex
485 3349 627 3424 promisit
640 3351 748 3413 lason=

53 3440 97 3496 Μ
144 3431 242 3494 Putea
255 3440 306 3495 eet
318 3434 458 3495 Aesonio
471 3450 544 3495 num
552 3433 659 3495 minus
675 3434 726 3494 ille
742 3433 858 3494 dornot

104 3516 172 3579 iton
186 3525 256 3579 eret
267 3517 399 3593 Aeetes,
421 3517 462 3578 ed
478 3532 567 3592 quem
584 3518 733 3592 despecta
749 3517 871 3581 rediret,
