2467 4042
56 257 152 317 v1111.
176 256 311 317 DEIAN.
327 254 389 317 113
403 290 441 302 —
456 253 528 317 los.
560 254 596 315 X.
618 255 794 316 aaronita
815 254 883 317 l—
900 255 949 320 17.
987 258 1045 323 105

100 411 144 470 Tu
161 424 292 485 quoque
306 416 480 482 cognosces
495 406 524 465 in
539 422 604 482 me,
626 406 795 483 Meleagre,
818 425 966 472 sororem.

143 493 246 568 Impia
262 491 338 567 quid
353 490 475 551 dubitas
490 490 636 552 Deianira
648 491 747 551 morit

103 579 170 637 Heu
186 577 303 636 devota
317 575 448 635 domust
468 574 549 636 solio
563 574 654 635 sedet
666 575 779 651 agrios
793 579 870 639 altor

147 659 254 722 Oenea
270 659 428 719 desertum
443 658 528 719 nuda
541 665 668 719 senecta
682 660 806 734 premia

46 757 90 809 155
101 745 217 805 Exulat
230 741 346 819 ignotis
360 742 488 821 Tydeus
502 758 667 818 germanus
682 742 712 803 in
728 746 806 807 oris:

144 829 235 889 Alter
249 827 335 887 fatali
351 827 442 888 vivus
456 826 487 886 in
501 825 657 901 ignomin

102 913 215 989 Exegit
229 912 346 972 terrum
362 926 420 973 sua
435 926 490 986 per
504 910 688 986 praecordia
701 919 807 975 mater.

144 996 246 1072 Impia
262 994 336 1070 quid
352 992 474 1056 dubitas
488 994 633 1054 Deianira
646 995 745 1059 morit

103 1082 266 1157 Deprecor
280 1079 342 1140 hoe
353 1094 448 1139 unum
461 1092 518 1154 per
531 1079 598 1139 iura
613 1080 780 1140 sacerrima
795 1080 874 1157 teeti,

47 1175 92 1230 rto
142 1166 190 1225 Ne
204 1163 315 1223 videar
332 1162 402 1223 tatis
416 1162 560 1225 insidiata
572 1163 645 1224 tuis.

103 1249 225 1309 Nessus
239 1254 275 1308 ut
289 1253 338 1308 est
351 1245 475 1306 avidum
489 1258 659 1322 percussus
675 1248 824 1309 arundine
838 1256 955 1325 peetus,

147 1332 232 1392 ‘Hie’
248 1330 328 1392 dixit
342 1331 438 1392 ‘vires
452 1331 579 1406 sanguis
595 1331 710 1393 amoris
725 1332 840 1394 habet?

104 1415 194 1477 lutita
207 1417 330 1476 Nesseo
345 1413 415 1475 misi
428 1415 482 1476 tibi
496 1422 580 1476 texta
595 1428 726 1477 veneno.

144 1499 246 1576 Impia
261 1498 338 1575 quid
352 1496 475 1559 dubitas
489 1499 633 1560 Deianira
647 1501 747 1561 morit

48 1594 91 1648 tte
100 1584 231 1659 Iamque
246 1584 331 1656 vale,
353 1582 520 1659 seniorque
536 1590 623 1659 pater
634 1598 843 1659 germanaque
858 1586 967 1661 Gorge,

143 1667 184 1730 Et
198 1666 299 1745 patria
314 1673 345 1727 et
359 1666 477 1742 patriae
491 1668 584 1729 trater
598 1668 741 1744 adempte
756 1675 835 1742 tuae,

104 1752 141 1813 Et
153 1758 189 1813 tu
204 1752 260 1811 lux
274 1751 374 1812 oeulis
387 1749 538 1811 hodierna
552 1752 721 1819 novissima
736 1753 858 1827 nostris,

146 1836 306 1911 Virque,..
329 1835 387 1896 sed
403 1851 423 1895 o
438 1836 578 1910 possiet..
602 1844 632 1897 et
647 1852 723 1913 puer
736 1834 854 1915 Hylle,¹
866 1838 947 1898 valet

513 2053 548 2114 X.

103 2133 215 2232 Mitius
232 2169 336 2231 inveni
352 2186 444 2246 quam
459 2176 601 2245 teganus
618 2184 709 2231 omne
723 2173 864 2233 terarum.

146 2254 271 2316 Credita
284 2269 348 2314 nou
364 2254 417 2314 ulti
433 2269 524 2328 quam
537 2253 593 2316 tibi
607 2256 698 2331 peius
713 2270 806 2317 eram.

106 2339 189 2414 Quae
202 2338 298 2415 legis,
322 2353 363 2398 ex
378 2337 445 2412 ilio,
467 2337 603 2414 Theseu,
626 2339 679 2402 tibi
697 2341 784 2402 litore
799 2339 892 2413 mitto,

144 2423 237 2485 Unde
250 2430 335 2484 tuam
351 2422 481 2482 sinemo
496 2423 566 2483 veta
580 2425 800 2485 numeratam:
901 2493 905 2500 .

79 2508 135 2567 alu
152 2519 216 2582 quo
228 2522 279 2569 me
293 2516 487 2583 somnusque
500 2522 588 2568 meus
602 2510 682 2569 maie
695 2508 833 2585 prodidit
846 2516 876 2571 et
890 2517 930 2584 tu,

146 2590 205 2651 Per
221 2591 344 2651 facinus
360 2591 477 2652 somnis
494 2590 638 2653 insidiate
650 2593 740 2654 meis.

102 2675 236 2751 Tempus
252 2681 333 2749 erat,
357 2674 454 2736 vitrea
467 2690 531 2750 quo
546 2677 676 2751 primum
693 2685 774 2739 terra
787 2677 898 2754 pruina

146 2758 310 2835 Spargitur
324 2765 355 2819 at
370 2765 467 2820 teotae
482 2760 592 2820 froude
607 2767 774 2836 queruntur
787 2779 877 2823 avesa

103 2844 255 2904 Incertum
270 2841 419 2918 vigilans,
441 2858 584 2904 asomuo
598 2845 759 2921 languida,
781 2846 864 2908 movi

72 2936 100 2988 lo
147 2926 269 2987 Thesea
283 2937 455 3002 proumas
470 2927 661 3004 semisupina
673 2944 800 2991 manuae
900 2938 908 2971 ¹

105 3010 211 3072 Nullus
225 3017 302 3072 erut
324 3012 488 3087 referoque
504 3028 629 3089 manus,
649 3013 819 3090 iterumque
832 3021 989 3091 retempto,

144 3095 266 3170 Perque
280 3103 379 3156 torum
393 3106 505 3157 moveo
521 3096 674 3159 braaohia.
698 3099 800 3162 nullus
816 3105 891 3160 erat.

105 3177 281 3241 Excussere
294 3187 393 3241 metus
409 3193 559 3242 somnum.
582 3183 745 3243 conterrita
761 3198 864 3258 surgo,

144 3263 349 3339 Membraque
362 3271 435 3325 sunt
447 3264 539 3327 viduo
554 3266 755 3341 praecipitata
769 3273 847 3328 toro.

73 3354 98 3406 tt
107 3345 246 3408 Protinus
260 3347 404 3410 adductis
418 3356 589 3410 sonuerunt
603 3358 728 3425 pentura
745 3351 864 3427 palmis,

144 3430 249 3507 thue
264 3439 363 3493 erate
379 3443 489 3494 somno
504 3433 642 3509 ttubida,
663 3441 753 3510 rapta
766 3450 855 3496 soma
872 3443 930 3496 est.

104 3511 186 3575 Luna
199 3515 265 3577 ruit,
291 3523 416 3594 specto,
440 3517 541 3591 siquid
556 3518 615 3578 uisi
631 3518 719 3579 litora
735 3534 871 3580 remamr
