2467 4042
472 208 507 259 11.
528 210 677 261 eae-431.
1036 204 1079 269 33
1159 191 1164 200 '

92 383 143 434 395
159 371 217 442 oui
239 371 313 451 legis
336 369 475 432 Electran
499 379 530 431 et
553 378 690 450 egentem
713 371 821 446 mentis
845 369 999 451 Orestem,

159 458 292 539 Aegisthi
315 461 429 521 crimen
451 458 695 538 Tyndaridosque
718 458 809 537 legis.

159 546 237 609 Num
260 548 330 627 quid
354 548 391 608 de
414 549 521 608 tetrico
543 548 672 608 referam
695 546 839 607 domitore
864 546 1053 626 Chimaerae,

160 635 255 706 Quem
278 635 338 697 leto
362 634 448 696 fallax
470 635 588 715 hospita
610 653 704 715 paene
728 631 833 696 dedit?

160 723 237 794 Quid
260 723 364 804 loquar
384 722 588 804 Hermionen,
615 723 687 802 quid
710 730 762 803 te,
795 722 957 784 Schoeneia
980 724 1080 803 virgo,

93 824 146 873 400
160 811 285 893 Teque,
307 812 465 891 Mycenaeo
488 810 624 873 Phoebas
648 819 742 872 amata
765 806 860 871 duci?

161 900 238 971 Quid
261 899 379 961 Danaen
403 900 575 978 Danaesque
599 917 709 961 nurum
733 907 916 978 matremque
941 897 1028 977 Lyaei

160 981 370 1067 Haemonaque
394 997 424 1049 et
447 997 550 1049 noctes
573 990 623 1049 cui
646 990 744 1047 coiere
768 983 870 1048 dnae?

161 1076 238 1147 Quid
256 1076 355 1138 Peliae
373 1094 536 1157 generum,
559 1076 630 1154 quid
645 1075 775 1155 Thesea,
796 1077 907 1154 quique
926 1073 1083 1153 Pelasgum

159 1164 278 1226 Iliacam
301 1167 401 1243 tetigit
423 1164 459 1226 de
482 1171 546 1225 rate
569 1166 684 1242 primus
707 1159 857 1224 humum?

93 1263 145 1313 405
160 1252 225 1314 lluc
248 1251 307 1313 lole
331 1252 497 1333 Pyrrhique
521 1269 652 1333 pareus,
675 1252 733 1312 huc
757 1250 894 1312 Herculis
917 1270 1010 1332 uxor,

161 1339 227 1401 lluc
250 1342 371 1401 accedat
393 1340 481 1420 llylas
504 1340 670 1419 iliacosque
693 1358 785 1419 puer.

161 1429 308 1507 Tempore
332 1429 474 1510 deficiar,
496 1431 626 1508 tragicos
649 1430 675 1488 si
697 1445 861 1506 persequar
884 1429 986 1508 ignes,

161 1516 275 1595 Vixque
298 1534 383 1577 meus
406 1518 503 1595 capiet
525 1519 645 1577 nomina
668 1515 747 1577 nuda
770 1514 864 1575 liber.

161 1605 215 1665 Est
239 1607 321 1665 etin
344 1604 490 1666 obscenos
513 1605 627 1666 dellexa
650 1603 799 1682 tragoedia
822 1604 918 1683 risus,
986 1665 988 1669 ,

95 1704 148 1755 410
162 1693 313 1773 Multaque
336 1696 490 1773 praeteriti
513 1692 601 1753 verba
625 1692 748 1771 pudoris
772 1690 879 1752 habet.

162 1782 222 1842 Nec
246 1789 335 1842 nocet
358 1784 494 1862 auctori,
518 1780 636 1841 mollem
660 1782 712 1859 qui
734 1780 806 1841 lecit
827 1778 989 1859 Achillem,

162 1870 321 1949 lnlregisse
345 1872 408 1930 suis
431 1870 518 1930 fortia
541 1869 618 1929 lacta
641 1869 754 1930 modis.

162 1958 262 2019 lunxit
283 1958 429 2018 Aristides
451 1956 564 2017 Milesia
587 1959 711 2018 crimina
735 1971 854 2037 secum,

162 2046 271 2108 Pulsus
294 2045 439 2106 Aristides
462 2062 518 2106 nec
542 2053 641 2106 tamen
664 2044 739 2107 urbe
763 2063 816 2105 sua
836 2045 902 2104 est.

95 2144 147 2193 415
162 2135 223 2196 Nec
247 2137 299 2214 qui
322 2134 657 2212 descripsitcorrompi
680 2134 792 2193 semina
814 2140 960 2212 matrum,

162 2222 298 2303 Eubius,
320 2224 454 2300 impurae
479 2222 615 2282 conditor
638 2222 801 2303 historiae,

162 2310 224 2371 Neo
247 2312 299 2390 qui
321 2312 488 2389 composuit
510 2328 607 2390 nuper
631 2309 816 2388 Sybaritica,
839 2309 933 2387 lugit,

163 2397 224 2459 Nec
248 2400 300 2477 qui
323 2397 498 2459 concubitus
523 2416 582 2459 non
606 2406 727 2459 tacuere
751 2414 839 2457 suos.

163 2485 300 2565 Suntque
323 2503 357 2545 ea
379 2486 536 2547 doctorum
559 2488 760 2548 monumentis
783 2484 862 2545 salva
884 2485 1033 2564 virorum,

96 2584 149 2633 420
163 2574 397 2654 Muneribusque
420 2574 529 2636 ducum
553 2575 671 2654 publica
693 2576 769 2636 lacta
792 2580 911 2653 patent.
991 2581 993 2585 '

162 2663 243 2725 Neve
265 2664 432 2744 peregrinis
455 2672 571 2724 tantum
594 2664 735 2724 defendar
759 2661 795 2723 ab
818 2662 926 2723 armis:

162 2751 202 2814 Et
224 2752 374 2814 Romanus
397 2751 487 2813 habet
509 2751 601 2813 multa
623 2754 723 2813 iocosa
745 2751 838 2811 liber.

162 2840 260 2920 thue
283 2860 338 2902 suo
361 2839 486 2902 Martem
509 2842 618 2901 cecinit
640 2842 737 2918 gravis
760 2839 875 2900 Ennius
899 2855 969 2915 ore,

163 2927 278 2990 Ennius
299 2931 419 3007 ingenio
444 2931 589 2988 maximus
602 2974 611 3007 ,
636 2936 699 2989 arte
722 2928 824 3007 rudis,

96 3026 148 3075 425
163 3013 298 3094 Explicat
321 3024 355 3076 ut
377 3033 481 3076 causas
504 3016 600 3093 rapidi
623 3012 780 3075 Lucretius
804 3015 899 3092 ignis,

163 3102 369 3181 Casurumque
393 3101 500 3180 triplex
523 3103 699 3162 vaticinatur
722 3119 815 3180 opus,

163 3190 213 3252 Sic
236 3208 290 3251 sua
312 3191 420 3252 lascivo
444 3197 559 3250 cantata
582 3197 629 3250 est
651 3206 739 3267 saepe
762 3185 876 3249 Catullo

162 3279 306 3358 Femina,
329 3280 379 3339 cui
401 3276 508 3338 lalsum
531 3275 636 3337 Lesbia
659 3294 767 3338 nomen
791 3284 872 3354 erat,

162 3367 224 3428 Nec
248 3374 407 3429 contentus
430 3383 465 3427 ea
488 3364 597 3426 multos
621 3363 748 3444 vulgavit
770 3381 904 3443 amores,

95 3468 148 3518 430
162 3456 196 3517 ln
220 3456 329 3536 quibus
352 3457 416 3534 ipse
440 3471 527 3516 suum
550 3454 647 3515 lassus
671 3453 849 3515 adulterium
873 3458 936 3512 est.

161 3544 220 3606 Par
243 3546 300 3606 luit
323 3546 422 3623 exigui
445 3542 609 3622 similisque
633 3541 752 3604 licentia
775 3541 872 3621 Calvi,

126 3654 209 3697 ovm.
237 3655 282 3696 m.
394 3684 401 3696 .
908 3642 924 3691 3
