2467 4042
182 202 243 267 rid
349 221 483 260 amnone
595 202 773 261 fflffli.

266 368 346 432 dixit
368 366 410 432 ‘et
432 377 466 431 ut
488 370 587 431 vineas
610 369 684 432 aiios
696 418 705 451 ,
727 369 878 453 Acheloe,
896 372 1062 456 maeones,

266 456 339 519 Pars
363 466 452 538 quota
473 456 624 520 Lernaeae
646 476 771 539 serpens
794 461 855 521 eris
877 477 957 522 uuus
979 460 1166 526 echidnae?

219 558 253 609 to
266 545 445 608 Vulneribus
468 545 594 609 fecunda
616 549 680 609 suis
703 555 766 609 erat
788 547 837 609 illa
849 594 859 630 ,
882 566 939 611 nec
961 549 1058 612 udum

266 633 308 696 ue
332 643 452 696 centum
474 652 599 697 numero
623 644 712 716 caput
734 642 780 698 est
801 638 914 716 inpune
937 640 1092 722 recisum,

267 722 346 795 Quin
367 725 485 803 gemim
509 726 608 785 cervix
629 723 742 785 herede
763 723 909 786 valentior
931 733 1029 787 esset.

266 810 348 873 Hanc
371 829 426 892 epo
448 829 595 874 ramosam
617 814 695 874 nette
717 830 734 874 e
757 811 847 874 caede
870 812 1003 876 colubris

267 899 517 981 crescentemque
539 899 616 962 malo
640 900 764 982 domui,
787 901 989 982 domitamque
1011 903 1148 966 reclusi.

219 999 252 1050 ro
267 988 345 1060 Quid
366 989 431 1050 iore
454 997 484 1050 te
507 989 634 1070 eredas,
656 988 763 1051 iduum
786 991 838 1068 qui
860 1007 967 1052 versus
988 992 1022 1052 in
1043 1009 1184 1073 anguem

266 1078 354 1138 Anna
376 1077 470 1139 aliem
492 1072 624 1138 moves?
646 1094 736 1156 quem
758 1078 853 1140 iorma
873 1081 1010 1159 precaria
1032 1076 1169 1143 ceiatP’

267 1165 386 1228 Dixerat
397 1214 407 1249 ‚
434 1173 466 1227 et
487 1183 602 1227 summo
626 1164 785 1245 digitorum
808 1166 925 1228 vincula
947 1167 1024 1228 coilo

267 1253 375 1315 lnicite
398 1253 548 1336 angebar,
571 1271 627 1315 ceu
650 1263 771 1333 guttura
793 1256 907 1334 forcipe
929 1272 1075 1339 pressare,

266 1341 484 1422 Pollicihusque
502 1359 583 1403 meas
604 1342 773 1423 pugnabam
795 1342 922 1404 evellere
945 1344 1066 1406 fauces.

218 1441 253 1491 eo
268 1429 317 1491 Sic
339 1448 458 1511 quoque
481 1430 596 1493 devicto
618 1429 750 1493 restabat
770 1432 859 1492 tertia
881 1432 961 1493 tauri
1060 1444 1086 1487 s.
1101 1456 1194 1489 um.

266 1519 373 1579 Forma
394 1521 510 1581 tnrcis.
537 1527 624 1580 tauro
647 1526 779 1582 mutatus
800 1518 933 1581 membra
956 1518 1088 1582 rebeiio.

266 1606 366 1668 Induit
386 1606 435 1668 ille
458 1608 532 1668 toris
554 1625 571 1668 a
593 1606 674 1669 laeva
696 1616 780 1687 parte
802 1606 946 1690 lacertos,

266 1695 493 1774 Admissumque
515 1694 637 1756 trahens
660 1697 818 1777 sequitur,
836 1694 1038 1776 depressaque
1060 1695 1138 1757 dura

267 1781 385 1844 Cornua
407 1784 471 1862 ugit
492 1782 606 1865 humo,
629 1800 737 1862 meque
760 1782 818 1844 alta
840 1785 947 1845 sternit
970 1783 1101 1845 husam

218 1882 253 1933 ao
266 1871 328 1932 Nee
351 1873 423 1933 satis
445 1871 503 1933 hoc
525 1872 645 1933 iuerat:
667 1870 796 1951 rigidum
818 1872 881 1932 iera
904 1871 1027 1933 dextera
1049 1888 1146 1934 cornu

267 1959 344 2021 Dum
365 1966 449 2021 tenet
460 2008 469 2041 ,
491 1960 635 2041 infregit,
656 1967 822 2037 uuueaque
844 1976 862 2020 a
884 1959 983 2020 fronte
1005 1960 1140 2022 revellit.

266 2046 375 2109 Naides
397 2047 454 2109 hoe
466 2095 476 2130 ,
498 2049 594 2128 pomis
617 2056 649 2109 et
671 2046 762 2109 odoro
786 2046 859 2108 dore
882 2047 1048 2130 repletum,

268 2135 451 2217 Sacrarunt3
474 2135 614 2215 divesque
638 2152 704 2196 meo
727 2133 808 2197 Boua
830 2133 921 2214 Copia
944 2152 1041 2197 cornu
1064 2132 1140 2197 est?

267 2223 408 2286 Dixerat:
430 2231 462 2285 et
483 2223 611 2304 nymphe
634 2225 695 2284 ritu
718 2225 869 2284 succincta
891 2220 1019 2303 Dianae,

219 2324 254 2377 to
268 2311 332 2374 Una
355 2313 580 2392 ministrarum,
602 2311 678 2373 fusis
700 2313 851 2390 utrimque
874 2311 1006 2393 capillis,

266 2400 392 2462 Incessit
414 2408 568 2480 totumque
591 2399 660 2461 tulit
681 2399 843 2478 praedivite
867 2416 960 2460 cornu

267 2490 451 2551 Autumnum
473 2496 504 2550 et
525 2505 666 2569 mensas,
688 2487 784 2549 felicia
806 2505 893 2569 poma
904 2534 914 2569 ‚
937 2486 1104 2550 secundas.

267 2577 331 2638 Lux
354 2576 456 2658 subit3
478 2585 510 2638 et
530 2578 628 2656 primo
651 2577 777 2638 feriente
799 2577 952 2636 cacumina
975 2575 1038 2637 sole

267 2664 429 2728 Discedunt
450 2667 594 2726 iuvenes.
621 2681 718 2743 neque
741 2666 843 2746 enim,
865 2662 937 2725 dum
949 2663 1073 2725 flumina
1085 2682 1185 2745 pacem

219 2764 253 2816 ao
266 2753 306 2815 Et
327 2753 458 2833 placidos
479 2752 607 2815 habeant
629 2752 752 2835 lapsus,
774 2759 913 2831 totaeque
934 2750 1087 2834 residant,

268 2842 496 2923 opperiuntur,
518 2858 634 2920 aquae.
661 2839 761 2901 vultus
783 2839 930 2901 Achelous
953 2848 1087 2920 agrestes

267 2930 306 2992 Et
328 2929 458 2992 lacerum
481 2947 575 2991 cornu
598 2928 705 2991 mediis
727 2935 817 3008 caput
838 2924 950 2990 abdidit
971 2927 1078 2990 noddo.

311 3017 398 3080 Hunc
421 3025 520 3079 tamen
543 3016 632 3079 ablati
654 3017 768 3078 domuit
790 3019 902 3078 iactura
925 3015 1062 3099 decoris,

268 3107 373 3169 Cetera
395 3123 499 3187 sospes
521 3104 632 3167 habet.
659 3106 764 3185 capitis
785 3122 905 3184 quoque
927 3103 1034 3166 froude
1057 3103 1160 3185 saligna

204 3208 255 3258 too
267 3196 326 3257 dut
348 3211 440 3275 super
461 3196 589 3276 Inposita
613 3194 726 3255 celatur
748 3192 913 3256 huundine
936 3193 1093 3255 damnum.

268 3285 306 3345 At
328 3291 380 3366 te,
402 3281 496 3344 Nesse
519 3284 603 3344 ieros
615 3329 625 3364 ,
649 3280 782 3343 eiusdem
804 3282 927 3361 virgime
949 3281 1038 3343 ardor

268 3370 444 3434 Perdiderat
464 3370 579 3432 volueri
601 3373 759 3432 traiectum
777 3376 861 3449 terga
884 3371 1007 3448 sagitta.

268 3459 401 3538 Namque
425 3477 499 3520 nora
521 3466 663 3539 repetens
684 3460 797 3538 patrios
820 3475 888 3519 cum
911 3460 1038 3538 coniuge
1061 3476 1155 3521 muros

268 3545 396 3608 Venerat
418 3545 513 3609 Eueni
536 3545 653 3626 rapidas
675 3545 743 3607 iore
766 3553 853 3608 natos
872 3545 908 3607 ad
930 3545 1043 3608 undas.
