2467 4042
10 26 120 209 Γ

440 222 521 292 Vlll,
540 229 698 279 ara-aot.
793 243 912 281 carnos
1010 224 1072 289 159

137 390 308 472 Oeclides,
332 391 522 469 nemorisque
546 389 637 451 decus
660 390 793 470 Tegeaea
816 389 938 471 Lycaei.

136 479 253 540 Rasilis
276 479 347 541 huic
369 496 514 540 summam
536 477 691 540 mordebat
713 478 803 540 fibula
825 489 955 558 vestem3

138 568 246 630 Crinis
270 576 336 629 erat
357 567 504 649 simplex,
523 566 635 629 nodum
658 566 800 629 collectus
822 570 853 629 in
877 586 987 629 uncum:

67 669 122 720 ato
137 656 189 717 Ex
214 674 321 717 umero
344 654 479 736 pendens
501 655 662 717 resonabat
684 655 816 718 eburnea
838 656 920 717 laevo

137 744 290 806 Telorum
313 751 415 806 custos
427 791 437 825 ,
461 762 563 806 arcum
587 762 707 825 quoque
730 744 810 806 laeva
832 743 969 806 tenebat.

137 833 226 895 Talis
251 841 316 894 erat
339 831 445 894 cultu:
468 832 558 894 lacios
570 880 580 914 ,
604 851 692 912 quam
716 833 815 894 dicere
838 851 907 894 vere

139 920 317 1002 virgineam
339 923 371 981 in
392 939 510 1002 puero,
532 921 680 1002 puerilem
702 923 734 982 in
757 922 869 1000 virgine
892 939 1014 1002 posses.

139 1009 229 1072 Hanc
252 1011 365 1089 pariter
387 1008 461 1071 vidit
473 1057 483 1092 ‚
505 1012 618 1089 pariter
642 1008 819 1089 Calydonius
841 1009 930 1070 heros

73 1110 125 1159 aas
141 1098 291 1179 Optavit,
313 1106 459 1159 renuente
483 1097 562 1178 deo,
584 1098 777 1177 flammasque
801 1097 926 1159 latentes

141 1187 275 1267 Hausit,
299 1195 330 1247 et
352 1182 381 1246 ‘o
404 1185 497 1266 felix,
521 1188 637 1267 siquem
661 1182 841 1266 dignabitur’
864 1188 961 1265 inquit

144 1270 219 1337 ‘Ista
242 1277 340 1336 virum
354 1270 374 1335 l’
397 1292 453 1335 nec
475 1274 561 1354 plura
583 1277 655 1336 sinit
677 1283 854 1355 tempusque
876 1275 1031 1355 pudorque

144 1363 272 1425 Dicere:
295 1365 391 1423 maius
414 1381 489 1443 opus
512 1364 610 1443 magni
634 1365 804 1424 certaminis
828 1373 953 1443 urguet.

190 1451 272 1513 Silva
286 1452 429 1529 frequens
443 1450 596 1533 trabibus,
615 1469 704 1532 quam
718 1452 800 1514 nulla
813 1452 961 1513 ceciderat
975 1458 1072 1532 aetas,

80 1551 131 1602 aaa
144 1541 256 1620 {ncipit
279 1556 296 1600 a
317 1538 406 1619 plano
418 1587 428 1621 ,
451 1538 621 1620 devexaque
643 1542 789 1621 prospicit
811 1559 896 1602 arva.

146 1629 213 1700 Quo
236 1636 396 1709 postquam
418 1646 527 1690 venare
550 1630 606 1690 viri
618 1676 629 1711 ‚
651 1647 721 1709 pars
743 1630 819 1690 retia
841 1629 984 1709 tendunt,

146 1716 270 1779 Vincula
284 1735 354 1796 pars
368 1715 502 1778 adimunt
520 1716 666 1798 canibus,
687 1735 757 1798 pars
780 1735 883 1797 pressa
906 1726 1071 1796 sequuntur

148 1806 238 1886 Signa
260 1804 393 1887 pedum,
417 1807 600 1886 cupiuntque
624 1822 712 1867 suum
735 1808 869 1886 reperire
891 1806 1054 1887 periclum.

149 1894 284 1956 Concava
306 1893 389 1955 vallis
412 1902 477 1955 erat
489 1942 498 1977 ,
522 1913 581 1974 quo
604 1912 638 1956 se
661 1894 818 1956 demittere
841 1896 897 1955 rivi

88 1992 135 2042 ssa
149 1984 313 2045 Assuerant
334 1982 470 2062 pluvialis
493 2000 609 2062 aquae:
632 1990 715 2044 tenet
737 1985 796 2044 ima
817 1982 940 2045 lacunae

149 2070 241 2133 tenu
264 2070 337 2132 salix
359 2070 504 2150 ulvaeque
526 2070 606 2132 leves
629 2073 770 2151 iuncique
793 2072 940 2151 palustres

150 2158 324 2238 viminaque
346 2166 378 2220 et
399 2158 486 2239 longa
508 2177 615 2240 parvae
639 2159 695 2221 sub
718 2159 885 2221 harundine
908 2178 1037 2221 cannae.

150 2247 225 2310 Hinc
248 2265 319 2327 aper
343 2249 458 2309 excitus
480 2246 595 2321 medios
618 2248 765 2310 violentus
788 2251 819 2310 ln
842 2247 944 2310 hostes

150 2335 258 2398 Fertur
270 2383 280 2417 ‚
301 2344 337 2397 ut
359 2338 493 2398 excussis
516 2336 582 2398 elisi
605 2335 736 2398 nubibus
758 2338 860 2416 ignes.

94 2434 139 2486 sto
153 2424 302 2486 Sternitur
324 2426 450 2485 incursu
473 2442 601 2506 nemus,
625 2434 656 2486 et
677 2425 818 2505 propulsa
840 2427 989 2504 fragorem

152 2512 226 2574 Silva
250 2511 321 2575 dat.
349 2512 514 2575 exclamant
536 2514 682 2595 iuvenes,
704 2521 917 2594 praetentaque
941 2515 1008 2575 lorti

151 2600 219 2662 Tela
241 2608 346 2663 tenent
368 2599 472 2663 dextra
494 2600 553 2664 lato
576 2601 722 2664 vibrantia
745 2603 843 2664 lerro.

153 2688 202 2750 Ille
223 2691 286 2751 ruit
307 2691 480 2770 spargitque
503 2708 592 2752 canes
604 2738 614 2773 ‚
638 2699 672 2752 ut
694 2692 821 2770 quisque
843 2691 956 2753 furenti

154 2775 254 2840 Obstat
265 2826 276 2861 ‚
298 2785 331 2839 et
352 2776 473 2857 obliquo
496 2778 639 2840 latrantes
662 2779 786 2859 dissipat
807 2781 889 2841 ictu.

98 2874 142 2925 tlt
156 2864 258 2946 Cuspis
280 2865 426 2927 Echionio
448 2869 579 2946 primum
602 2875 738 2929 contorta
761 2867 872 2930 lacerto

153 2951 227 3016 Vana
249 2955 307 3017 luit
319 3002 329 3037 ,
351 2962 519 3035 truncoque
542 2955 624 3017 dedit
646 2955 710 3018 leve
732 2956 840 3018 vulnus
864 2974 987 3019 acerno.
1028 3024 1035 3033 f

153 3041 308 3125 Proxima,
330 3046 356 3105 si
379 3045 478 3104 nimiis
502 3046 647 3106 mittentis
669 3044 782 3106 viribus
806 3063 859 3106 usa

153 3129 213 3192 Non
236 3132 315 3193 toret
326 3180 337 3213 ,
358 3133 390 3193 in
413 3140 498 3211 tergo
520 3134 582 3194 risa
604 3141 652 3193 est
673 3132 800 3195 haesura
821 3135 934 3216 petito:

154 3217 279 3301 longius
302 3222 347 3282 lt.
376 3229 480 3281 auctor
502 3220 554 3282 teli
576 3221 727 3302 Pagaseus
766 3220 869 3283 lason.

101 3314 142 3369 tto
154 3302 279 3370 ‘Phoebe
292 3302 315 3392 ,⁹
337 3310 379 3370 ait
400 3308 577 3389 Ampycides
601 3305 688 3371 ‘site
711 3309 849 3389 coluique
873 3310 1015 3389 coloque,

154 3393 191 3457 lla
212 3396 285 3458 mitri
309 3396 389 3477 quod
411 3399 525 3476 petitur
548 3406 631 3459 certo
654 3401 827 3479 contingere
851 3394 940 3459 telol'

155 3483 213 3556 Qua
235 3487 355 3568 potuit,
377 3484 518 3566 precibus
541 3485 615 3548 dous
639 3489 764 3549 annuit.
792 3489 870 3549 lctus
892 3485 929 3548 ab
944 3486 993 3547 illo
1009 3496 1071 3565 est,
1137 3486 1140 3489 ’

157 3570 210 3634 Sed
232 3577 296 3636 sine
319 3573 466 3653 vulnere,
489 3592 582 3653 aper:
606 3575 720 3637 terrum
743 3574 834 3638 Diana
857 3574 965 3636 volanti
