2467 4042
174 251 242 320 166
571 257 676 318 ΜΕΙ).
698 258 794 324 FAC.

262 407 317 469 list
331 409 421 483 etium
435 409 592 484 placuisse
606 410 665 469 sibi
680 411 863 490 cuicumque
877 417 1031 492 voluptas.

303 491 480 567 Virginibus
495 493 581 554 cordi
596 500 745 570 grataque
759 496 857 558 forma
871 515 928 560 suo
943 509 1000 562 est.

263 577 416 638 Laudatas
430 576 545 637 homini
560 578 696 638 volucris
711 579 838 640 lunonis
852 597 970 658 pennas

303 660 457 737 Explicat,
480 662 730 723 eticrmnmultu
738 664 974 739 superlunaris.

218 753 253 807 36
264 744 315 804 Sic
329 744 433 820 potius
446 760 506 805 uos
520 753 589 806 uret
602 761 703 821 umor,
728 764 819 824 quam
834 749 963 812 fortibus
978 751 1095 827 herbis,

303 828 385 904 Quas
399 844 490 904 moga
503 829 630 890 terribili
643 829 789 892 subsecat
802 840 867 893 orte
884 851 1002 896 manus.

217 924 219 930 ⁸
259 912 322 972 Nec
337 928 394 974 vos
408 912 612 988 graminibus,
633 929 692 974 nec
706 915 800 977 mixto
815 918 930 978 credite
946 935 1051 981 succo.

301 996 364 1057 Nec
378 1004 524 1072 temptate
538 1011 655 1057 nocens
670 999 755 1059 virus
770 1002 900 1062 amantis
914 1018 1024 1077 equae.

258 1081 321 1141 Nec
335 1080 454 1142 mediae
468 1080 579 1142 Marsis
592 1080 751 1143 finduntur
764 1085 903 1146 cunutus
917 1102 1046 1163 angues,

218 1172 253 1227 40
303 1164 366 1224 Nec
379 1163 503 1226 reditio
518 1165 620 1226 tontes
634 1166 717 1226 unda
732 1168 846 1242 supina
856 1185 943 1230 suos.

259 1248 297 1309 Et
311 1248 452 1326 quamvis
468 1248 580 1325 aliquis
593 1247 898 1313 Temeseiumoverit
911 1270 993 1330 cers,

301 1334 471 1409 Numquam
486 1333 571 1394 Luna
585 1332 650 1393 suis
666 1334 837 1396 excutietur
849 1338 950 1411 equis.

258 1416 358 1477 Prima
372 1416 456 1477 sitin
471 1415 561 1478 vobis
576 1432 696 1478 morum
709 1419 817 1493 tutela,
833 1422 970 1495 puellae.

299 1501 424 1576 lngenio
439 1501 535 1561 iacies
549 1500 732 1562 conciliante
744 1505 857 1577 placet

216 1593 249 1647 45
262 1586 367 1646 certus
382 1600 469 1646 amor
482 1601 599 1645 morum
614 1591 671 1646 est.
691 1586 823 1646 turmam
839 1587 1034 1664 populabitur
1047 1599 1148 1664 setas,

299 1669 337 1730 Et
351 1669 479 1744 placitus
495 1669 579 1744 mgis
597 1671 698 1730 vultus
714 1677 817 1732 eratus
829 1673 898 1732 erit.

257 1754 389 1829 Tempus
402 1753 475 1829 erit,
497 1769 560 1829 quo
574 1769 632 1814 vos
647 1755 807 1831 speculum
822 1756 940 1817 vidisse
950 1755 1079 1832 pigebit.

299 1837 336 1897 Et
349 1838 450 1898 veniet
464 1837 549 1912 rugis
564 1838 660 1898 altera
674 1854 770 1899 causa
784 1838 883 1899 dolor.

258 1921 392 1995 Sufficit,
412 1929 443 1982 et
456 1922 580 1996 longum
597 1922 734 1996 probitas
745 1924 895 1998 perduret
907 1921 1076 1999 innevum,

215 2015 250 2067 50
300 2004 419 2080 Perque
432 2021 508 2067 suos
525 2005 709 2066 nnncslriuc
720 2007 802 2067 bene
813 2007 1042 2082 ipendctamor.

256 2089 386 2163 Discite,
408 2106 477 2150 cum
490 2096 614 2150 teneros
630 2106 758 2151 somnus
773 2090 922 2151 dimiserit
935 2098 1029 2166 crtus,

299 2174 435 2234 Candida
452 2189 513 2249 quo
531 2175 653 2250 possint
668 2189 723 2235 ora
732 2175 833 2235 nitere
847 2176 950 2235 modo.

255 2258 392 2330 Hordea,
415 2273 494 2333 quae
507 2258 614 2334 Libyci
629 2258 746 2320 ratibus
760 2259 872 2319 misere
886 2259 997 2331 coloni,

296 2341 384 2402 Exue
401 2342 440 2401 de
455 2342 544 2417 palen
558 2341 804 2417 tegminibusque
813 2343 896 2404 suis.

213 2434 247 2487 55
258 2424 317 2485 Par
330 2425 395 2485 ervi
410 2440 555 2487 mensura
570 2426 677 2486 decem
690 2426 888 2487 madefiat-nb
902 2427 987 2488 ovis:
1015 2464 1018 2469 »

298 2508 361 2571 Scd
379 2511 532 2570 cumulent
545 2509 638 2569 libras
649 2509 770 2570 horden
781 2512 866 2571 nudo
882 2511 972 2572 duas.

254 2593 338 2654 Haec
354 2594 405 2653 ubi
421 2601 566 2655 ventosas
582 2594 695 2654 luerint
708 2595 825 2655 siceota
839 2611 895 2671 per
902 2611 1008 2666 miras,

298 2679 392 2739 Lenta
405 2677 477 2739 iube
491 2679 603 2739 scabra
617 2679 737 2753 frangat
747 2678 847 2739 anselle
859 2679 957 2742 mola:

254 2763 292 2822 Et
307 2777 387 2838 quac
401 2764 499 2840 prima
513 2762 627 2824 cadunt
641 2762 740 2823 munci
756 2778 872 2823 cornua
888 2780 990 2836 cervo,

212 2857 248 2910 66
302 2846 439 2906 Contere.
460 2846 489 2906 iu
505 2847 582 2907 haec
596 2846 688 2906 solidi
703 2853 792 2906 sextu
806 2847 874 2907 lace
888 2848 969 2907 assis
985 2852 1043 2906 eat.

255 2932 380 3006 lamque
394 2930 447 2993 ubi
459 2933 626 3006 pulvereae
639 2930 751 2992 luerint
764 2933 895 2993 confusa
903 2931 1031 3004 turmae,

298 3014 436 3076 Protinus
451 3015 482 3078 ln
497 3013 629 3076 cumeris
644 3015 747 3076 omnis
762 3030 854 3076 neme
868 3015 964 3076 cavis.

253 3098 352 3159 Adice
367 3098 497 3160 narcissi
510 3097 559 3161 bis
575 3114 633 3159 sex
647 3099 714 3161 sine
729 3100 842 3159 cortice
854 3098 976 3172 bulbos,

297 3181 427 3244 Strenuo
445 3200 525 3259 quos
543 3199 622 3258 puro
639 3199 790 3244 marmore
804 3183 912 3244 dextra
922 3188 1011 3243 teret.

212 3266 494 3342 &Sextantemque
508 3267 608 3328 trabat
621 3267 735 3342 gummi
750 3283 820 3328 cum
834 3267 951 3328 semine
965 3265 1088 3327 Tusco:

295 3350 362 3411 Huc
377 3351 487 3412 novies
500 3357 586 3413 ,taum
603 3351 672 3427 plus
686 3351 741 3412 tibi
755 3352 853 3412 medis
867 3358 926 3413 eat.

255 3433 472 3511 Quaecumque
487 3435 602 3496 alliciet
616 3436 669 3496 tali
683 3434 885 3495 medicamine
897 3436 1024 3496 vultum

296 3517 434 3593 Fulgebit
446 3521 573 3595 speculo
592 3519 690 3580 leuior
705 3519 774 3596 ipsa
788 3536 857 3582 suo.
