2467 4042
427 229 463 281 11.
481 230 611 282 alr-m
624 232 667 281 45.
983 226 1048 291 259

131 392 215 455 'lunc
234 410 353 473 quicque
372 394 495 453 inermis
514 410 599 473 eras,
619 410 688 454 cum
709 399 739 452 te
757 391 887 454 Romana
910 392 1048 455 sacerdos

82 492 116 542 10
174 479 281 562 Cepit,
304 489 340 542 ut
360 479 431 543 huic
454 479 527 542 Urbi
549 482 662 542 semina
684 479 773 559 dignm
794 479 898 541 dares.

131 567 219 630 Silvia
242 567 367 631 Vestalis
391 601 425 612 -
449 568 520 648 quid
543 571 623 630 enim
647 576 725 630 vetat
747 568 817 629 inde
840 564 978 630 moveri?
997 597 1030 611 -

175 656 265 718 Sacra
287 656 434 719 lavaturas
456 674 542 717 mane
564 655 685 737 petebat
707 674 814 735 aquas.

130 743 257 806 Ventum
280 754 344 806 erat
366 744 402 806 ad
426 743 507 806 molli
529 743 673 806 declivem
695 747 813 805 tramite
835 746 947 824 ripam:

173 832 298 894 Ponitur
321 852 338 894 e
361 850 476 894 somma
499 832 597 894 iictllis
621 850 695 894 urna
718 850 819 894 coma:

82 932 115 982 15
130 920 220 983 Fessa
242 920 353 984 resedit
375 921 489 1002 humo,
512 928 675 999 uentosque
698 922 813 1000 accepit
835 927 937 998 aperto

173 1009 321 1091 Pectore,
343 1009 478 1071 turbatas
500 1010 692 1090 restituitque
715 1025 831 1069 comas.
909 1029 911 1034 ·

128 1095 205 1159 Dum
228 1096 334 1180 sedet,
357 1097 515 1159 umbrosae
538 1096 644 1158 salices
666 1096 862 1176 volucresque
885 1113 1010 1157 canorae

172 1185 322 1247 Fecerunt
344 1203 465 1248 somnos
487 1193 518 1246 et
540 1184 603 1246 lere
627 1202 763 1247 miramur
786 1202 897 1263 aquae.

127 1273 238 1335 Blanda
261 1275 347 1353 quies
370 1275 474 1335 lnrtim
496 1275 581 1334 victis
605 1272 738 1352 obrepsit
760 1272 880 1352 ocellis,

80 1375 115 1424 ao
174 1360 212 1423 Et
235 1360 313 1422 cadit
335 1379 352 1421 a
374 1369 475 1423 mento
498 1360 635 1439 languida
658 1362 734 1421 lacta
756 1377 877 1421 manns.

128 1449 207 1512 Mars
230 1448 309 1510 videt
331 1448 406 1510 lrano
417 1496 427 1531 ,
450 1450 601 1528 visamque
621 1450 722 1530 cupit,
741 1450 913 1527 potiturque
933 1449 1048 1530 cupita,

172 1536 211 1598 Et
233 1554 288 1598 sna
309 1536 408 1598 divim
430 1536 510 1598 lurta
533 1535 638 1597 leiellit
660 1553 733 1617 ope.

130 1625 259 1688 Somnus
281 1624 364 1706 abit,
386 1627 463 1686 iacet
485 1624 534 1686 illa
557 1626 676 1703 gravis.
717 1625 776 1686 iam
798 1621 914 1685 scilicet
933 1625 1012 1684 intra

173 1713 292 1776 Viscera
313 1713 463 1775 Romanae
486 1713 624 1774 conditor
645 1711 735 1774 Urbis
757 1720 840 1773 erat.

80 1814 114 1864 25
128 1800 278 1882 Languida
301 1804 477 1882 consurgit,
504 1818 560 1862 nec
584 1802 641 1861 scit
653 1847 663 1881 ‚
692 1817 747 1862 cnr
769 1799 905 1878 languida
929 1807 1048 1879 surgat,

173 1888 211 1953 Et
232 1892 348 1970 peragit
371 1889 437 1952 talis
459 1888 566 1950 arbore
589 1890 658 1950 nixa
681 1906 807 1967 sonost,

129 1973 222 2040 ‘Utile
245 1979 285 2040 sit
306 1978 519 2058 faustumque,
541 1994 650 2056 precor
662 2024 672 2059 ,
699 1976 778 2056 quod
803 1975 930 2053 imagine
954 1976 1049 2036 somni

173 2064 328 2128 Vidimus.
369 2083 407 2128 an
431 2082 535 2126 somno
557 2065 668 2126 clarius
690 2064 762 2125 iDnd
786 2060 876 2126 erat?

128 2154 249 2235 Ignibus
272 2153 369 2215 lliaois
391 2153 510 2215 aderam
522 2199 532 2234 ,
554 2170 623 2215 cnm
645 2152 727 2231 lapsa
750 2151 863 2232 capillis

81 2257 115 2305 oo
174 2242 290 2303 Decidit
311 2250 380 2304 ante
403 2238 505 2303 saoro's
528 2242 611 2302 lanea
635 2243 706 2302 vitta
730 2241 828 2301 locos.

129 2329 200 2392 lnde
223 2330 299 2391 dnae
321 2330 434 2408 pariter
446 2376 455 2409 ,
478 2330 544 2391 risu
566 2327 723 2408 mirabile,
745 2328 859 2408 palmae

175 2418 330 2497 Surgunt.
370 2435 407 2478 er
429 2416 488 2478 illis
510 2417 602 2479 altera
625 2420 720 2478 maior
742 2425 823 2498 erat,

128 2506 168 2569 Et
189 2505 329 2587 gravibus
351 2506 441 2569 ramis
464 2514 560 2569 totum
582 2513 754 2585 protexerat
776 2504 897 2585 orbem,

173 2593 404 2673 Contigeratqne
426 2611 480 2655 sna
502 2593 600 2656 sidera
623 2611 738 2655 summa
761 2611 861 2655 coma.

81 2695 115 2746 ao
129 2681 208 2745 Ecce
231 2700 316 2745 meus
339 2683 453 2745 ferrum
474 2692 600 2762 patruus
622 2681 745 2743 molitur
767 2684 799 2743 in
820 2679 902 2743 illas.

173 2771 303 2834 'l'erreor
325 2770 477 2834 admonitu
489 2818 499 2851 ,
522 2788 634 2850 corque
658 2771 765 2832 timore
787 2771 893 2832 micat.

129 2860 255 2941 Martia,
277 2862 387 2941 picus,
410 2861 472 2921 aris
494 2862 613 2940 gemino
636 2876 691 2938 pro
714 2861 814 2939 stipite
837 2863 971 2938 pugnant

172 2948 211 3011 Et
232 2949 323 3028 lupa.
364 2954 428 3010 tnta
450 2965 505 3028 per
528 2947 583 3010 bos
605 2955 733 3026 utraque
755 2945 853 3026 palma
875 2936 965 3004 luit.'

129 3037 270 3117 Dixerat,
293 3044 324 3098 et
346 3036 463 3115 plenam
486 3054 547 3097 non
569 3036 664 3096 mmis
688 3032 799 3094 viribus
823 3047 927 3093 urnam

81 3139 116 3188 40
175 3122 324 3186 Sustulit.
364 3122 523 3202 implerat,
546 3122 618 3183 dnm
642 3138 695 3182 sua
719 3122 780 3181 visa
802 3118 912 3180 refert.

129 3213 246 3276 lnterea
269 3218 424 3273 crescente
447 3208 563 3288 Remo,
587 3215 742 3270 crescente
765 3206 907 3285 Quirino,

175 3300 301 3363 Caelesti
325 3297 456 3360 tumidus
478 3296 611 3376 pondere
634 3302 739 3359 venter
761 3303 842 3356 erat.

130 3387 195 3461 Quo
218 3390 318 3450 minns
340 3387 474 3448 emeritis
497 3386 592 3447 exiret
614 3382 752 3446 cursibus
775 3398 886 3459 annus,

173 3475 336 3540 Restabant
357 3473 452 3537 nitido
475 3475 534 3537 iam
556 3473 616 3534 duo
639 3474 722 3551 signa
744 3469 816 3531 deo.

81 3580 115 3629 tn
131 3566 219 3628 Silvia
242 3566 276 3627 dt
298 3571 415 3627 materr
447 3560 552 3624 Vestae
575 3559 730 3623 simulacra
752 3557 890 3682 leruntnp

831 3656 865 3705 1⁷
