2467 4042
449 271 481 323 V.
501 273 649 322 666-666.
886 242 889 247 ’
983 266 1047 330 329

61 443 115 491 620
177 429 257 502 Quae
281 431 335 492 bos
358 450 395 492 ex
417 432 536 492 homine
560 441 627 512 est,
650 451 687 493 ex
710 431 784 492 bove
807 432 882 492 laeta
906 432 977 493 dea.

130 517 207 578 Tum
232 537 350 597 quoque
374 521 540 598 priscorum
564 523 646 598 virgo
670 519 827 580 simulacra
850 522 981 580 virorum

175 605 292 666 Mittere
316 605 442 666 roboreo
466 608 580 686 scirpea
602 615 695 685 ponte
719 607 809 668 solet.

132 692 263 771 Corpora
282 701 349 772 post
372 694 471 755 decies
495 712 583 754 senos
607 697 659 773 qui
681 694 807 755 eredidit
830 710 922 754 annos

17 773 19 780 ’
175 780 263 841 Missa
287 784 376 863 ueni,
399 782 521 843 sceleris
545 784 668 843 erimine
692 781 810 843 damnat
834 801 919 842 aros.
993 855 995 860 .

17 861 19 948 s
61 881 115 929 625
131 868 219 928 Tama
243 877 349 930 vetus:
381 878 475 949 tune,
500 888 568 931 cum
592 869 729 931 Saturnia
757 879 837 930 terra
859 878 960 931 vocata
984 877 1047 950 est,

17 957 18 960 ’
176 955 255 1017 Talia
280 957 391 1017 fatidici
413 958 491 1019 dieta
515 958 598 1018 luere
622 957 715 1017 loris:

131 1040 291 1105 ‘Faloilero
314 1045 402 1106 libata
425 1048 489 1106 seni
513 1053 585 1124 quot
607 1064 733 1123 corpora
755 1055 858 1124 gentes

173 1133 304 1215 Mittite,
327 1152 403 1213 quae
426 1134 532 1195 Tuscis
555 1136 740 1212 excipiantur
762 1129 879 1213 aquis?

17 1209 19 1244 ¹
130 1220 229 1282 Donec
252 1223 284 1282 in
306 1220 380 1283 haee
402 1225 483 1283 venit
505 1222 678 1301 Tirynthius
701 1240 791 1303 arra,
815 1224 972 1301 quotannis

61 1321 115 1368 630
174 1308 283 1369 Tristia
306 1308 453 1371 Leucadio
477 1327 559 1370 saera
581 1318 701 1389 peraeta
724 1312 829 1392 modo;

17 1389 19 1424 ÷
131 1394 217 1455 lllum
241 1399 415 1457 stramineos
437 1400 469 1457 in
493 1415 597 1475 aquam
620 1400 737 1458 misisse
761 1398 911 1477 QuiriteS,

17 1477 19 1500 '
176 1481 312 1544 Herculis
335 1484 469 1563 exemplo
493 1503 616 1563 corpora
640 1484 710 1544 lalsa
733 1487 807 1545 iaoi.

132 1570 219 1647 [Pars
242 1578 348 1651 putat,
371 1579 405 1632 ut
428 1572 542 1632 ferrent
563 1574 686 1632 iuvenes
710 1574 847 1650 suffragia
870 1573 942 1651 soli,

174 1658 318 1720 Pontibus
341 1660 474 1720 infirmos
497 1662 707 1739 praecipitasse
730 1659 848 1738 senas]

63 1758 116 1806 636
130 1746 263 1826 Thybri,
287 1748 359 1808 doce
383 1747 507 1808 verum!
537 1756 589 1808 tua
610 1750 675 1828 ripa
698 1751 841 1809 vetustior
864 1748 943 1809 Urbe
967 1756 1030 1829 est,

176 1835 358 1915 Principium
380 1838 457 1896 ritus
481 1845 513 1896 tu
536 1836 612 1897 bene
636 1855 724 1898 nosse
747 1845 848 1917 potes.

132 1922 259 2002 Thybris
282 1924 506 1985 harundiferum
528 1924 626 1985 medio
650 1933 739 2004 eaput
762 1925 867 1986 extulit
889 1924 970 1985 alveo

175 2011 332 2090 Raucaque
356 2011 478 2072 dimovit
500 2012 608 2073 talibus
631 2031 683 2074 ora
706 2014 800 2074 sonis:

133 2095 227 2160 ‘llaec
249 2101 313 2160 loca
336 2100 469 2161 desertas
492 2100 551 2161 vidi
574 2103 637 2161 sine
661 2100 816 2162 moenibus
839 2099 963 2160 herbas:

64 2200 117 2247 tto
174 2186 317 2249 Pasoebat
340 2206 457 2267 sparsas
480 2198 605 2267 utraque
629 2191 693 2268 ripa
716 2189 823 2249 boves.

131 2274 170 2335 Et
192 2294 280 2354 quem
304 2295 383 2337 norm
401 2284 505 2355 gentes
523 2276 654 2337 Tiberim
672 2285 842 2356 noruntque
865 2278 1028 2354 timentque
1039 2323 1053 2357 ,-

175 2364 260 2424 Το06
283 2366 371 2424 etiam
395 2367 496 2443 pecori
519 2364 726 2445 despiciendus
750 2383 846 2425 eram.

131 2451 252 2512 Arcadis
274 2451 404 2512 Evandri
427 2470 533 2513 nornen
557 2452 611 2513 tibi
635 2471 721 2531 saepe
745 2454 893 2513 relertur:

175 2539 227 2599 llle
251 2558 331 2599 meas
355 2542 445 2600 remis
468 2540 578 2601 advena
601 2543 689 2601 torsit
711 2558 819 2619 aquas.

66 2637 118 2687 640
133 2625 219 2686 Venit
241 2635 272 2688 et
293 2626 432 2702 Alcides,
456 2627 542 2688 turba
566 2631 723 2689 comitatus
746 2628 871 2689 Achiva.

176 2713 302 2795 Albula,
325 2717 351 2775 si
374 2718 516 2796 memini,
539 2723 610 2777 tuuc
634 2717 707 2777 mibi
729 2734 836 2777 nomen
861 2724 941 2777 erat.

134 2800 263 2882 [Excipit
285 2803 413 2881 bospitio
437 2806 573 2865 iuvenem
596 2804 756 2868 Pallantius
779 2806 889 2884 heros,

176 2890 214 2950 Et
236 2891 354 2952 tandem
378 2891 453 2952 Caco
476 2892 575 2953 debita
598 2912 692 2972 poena
716 2895 825 2966 venit]

130 2978 231 3041 Victor
254 2980 336 3060 abit,
360 2998 521 3059 secumque
544 2981 634 3042 hoves
647 3030 657 3061 ,
680 2981 838 3061 Erytheida
862 2978 1018 3058 praedam,

65 3079 116 3129 650
175 3067 348 3128 Abstralrit:
381 3077 410 3129 at
433 3072 555 3129 comites
578 3069 695 3148 longius
717 3073 761 3129 ire
785 3076 910 3145 negant.
1011 3140 1014 3146 Ι

131 3155 293 3234 Magnaque
316 3174 385 3233 pars
408 3157 515 3217 horum
539 3157 665 3218 desertis
688 3162 809 3217 venerat
831 3156 935 3234 Argis,

174 3242 323 3304 Montibus
346 3244 393 3303 his
415 3253 530 3323 ponunt
549 3263 691 3324 spemque
714 3243 865 3321 laremque
889 3260 993 3303 suum.

132 3330 226 3411 Saepe
249 3339 347 3392 tamen
370 3334 480 3411 patriae
505 3332 584 3393 dulci
607 3340 769 3410 tanguntur
792 3348 910 3412 amore,

175 3421 271 3497 Atque
294 3419 400 3498 aliquis
423 3422 553 3480 moriens
576 3420 634 3480 hoo
656 3419 746 3480 breve
770 3419 887 3479 mandat
909 3436 1002 3496 opus:

66 3520 117 3570 606
132 3502 265 3568 “Mittite
289 3525 336 3567 me
360 3506 483 3567 Tiberis
515 3507 663 3568 Tiberinis
686 3515 788 3568 vectos
811 3509 841 3566 in
865 3507 952 3568 undis

174 3595 259 3656 Litus
282 3594 318 3655 ad
342 3594 493 3655 inachium
515 3595 611 3674 pulvis
635 3597 730 3656 inanis
754 3588 863 3657 eam.''·
