2467 4042
461 214 509 267 v1.
527 217 675 268 eae-397.
1004 211 1070 278 343

198 378 273 458 Spes
295 378 412 439 eratin
435 394 548 438 eursu.
589 394 670 438 nuno
692 376 754 437 lare
776 375 862 455 pulsa
885 395 939 439 suo
962 385 1025 439 est.

153 465 286 528 Vidimus
308 473 430 526 ornatos
452 472 566 526 sacrata
588 481 643 542 per
666 466 740 526 atria
761 466 842 543 piota

196 553 285 616 Veste
307 552 502 633 triumphales
524 552 702 614 oooubuisse
724 569 829 612 senos.

89 653 139 703 300
152 640 286 704 Vidimus
308 640 413 702 lliaoae
436 641 593 702 transferri
615 642 740 718 pignma
761 638 867 701 Vestae

198 728 297 792 Sede.
336 736 444 809 putant
464 728 579 809 aliquos
601 727 717 790 scilieet
738 744 804 788 esse
827 726 916 788 deos.

153 818 192 879 lt
213 821 239 879 si
261 819 469 897 respicerent,
491 834 549 896 qna
571 833 623 876 ros
646 815 785 877 habitatis
807 817 839 875 in
862 831 948 894 aree,

197 905 314 985 Totque
337 905 440 966 domos
463 913 578 966 vestras
600 902 755 964 obsidione
776 904 891 983 premi,

153 991 202 1053 Nil
223 995 289 1073 opis
310 995 343 1054 in
365 1009 438 1054 oure
460 993 573 1054 scirent
595 1008 754 1072 superesse
776 990 919 1069 deorum,

87 1091 140 1141 300
197 1080 236 1141 llt
257 1079 473 1155 dstasollioita
494 1088 562 1141 tura
583 1082 684 1159 perire
707 1097 813 1141 manu.
1165 1140 1169 1145 ,

153 1168 250 1247 Atque
271 1169 385 1229 utinam
407 1185 524 1248 pugnae
546 1176 646 1248 pateat
666 1166 771 1229 loeus!
795 1183 876 1228 arma
898 1175 1071 1246 capessant,

197 1255 258 1334 Et,
280 1258 307 1315 si
329 1272 389 1316 non
411 1263 555 1334 poterunt
577 1273 779 1337 exsuperare,
802 1253 925 1316 cadant.

153 1340 239 1403 Nunc
261 1344 366 1421 inopes
389 1345 485 1403 vietus
507 1345 670 1422 ignavaque
692 1343 752 1404 lata
773 1345 913 1405 timentes

196 1429 296 1490 Monte
318 1446 373 1489 suo
397 1428 513 1490 clausos
535 1429 661 1491 barbam
683 1428 771 1491 turba
792 1423 934 1508 premit?

85 1528 139 1581 stt
153 1517 238 1579 'lunc
260 1516 360 1577 Venus
383 1525 414 1577 et
435 1515 509 1578 lituo
532 1516 656 1597 pulcher
679 1515 840 1595 trabeaque
863 1517 1006 1589 eririnus

197 1604 344 1683 Vestaque
366 1621 422 1683 pro
445 1603 529 1666 Latio
551 1604 643 1666 multa
666 1604 765 1666 locuta
787 1622 842 1667 suo
865 1611 927 1666 est.

110 1706 113 1709 ·
154 1687 306 1754 ‘Publica'
329 1692 485 1770 respoudit
507 1687 596 1755 ‘eura
618 1700 666 1754 est
687 1711 742 1772 pro
765 1691 921 1753 moenibus
943 1686 1043 1754 istis.'

196 1779 329 1860 luppiter
353 1776 400 1841 ‘et
421 1796 532 1859 poenas
555 1779 647 1841 Gallia
669 1783 744 1842 viota
767 1779 865 1841 dabit.

152 1867 199 1929 'lu
221 1867 309 1929 modo
332 1885 408 1947 quae
430 1866 540 1929 desunt
562 1869 685 1950 fruges,
708 1885 866 1948 superesse
888 1875 1050 1948 putentur,

86 1966 139 2018 380
198 1953 291 2017 Elfice
302 2000 313 2035 ,
336 1973 392 2017 neo
415 1955 502 2017 deses
525 1955 654 2036 desere,
676 1953 786 2037 Vesta,
809 1964 895 2018 tuos.

153 2042 367 2123 Quodcumque
391 2051 438 2104 est
460 2043 570 2105 solidae
593 2042 734 2124 Cereris,
756 2061 827 2106 oasa
850 2043 983 2104 maehina

701 2133 833 2213 frangat,

196 2218 396 2298 Mollitamque
418 2237 507 2281 manu
530 2219 620 2281 duret
641 2222 672 2280 iu
694 2220 764 2298 igne
787 2214 905 2280 lorus?

152 2306 304 2387 Iusserat,
326 2315 359 2369 et
380 2308 480 2368 fratris
502 2309 585 2386 virgo
608 2307 747 2368 Saturnia
769 2309 859 2369 lussls

196 2394 331 2475 Annuit,
354 2402 385 2457 et
406 2394 519 2457 mediae
542 2403 676 2475 tempora
699 2397 796 2457 noetis
819 2404 921 2475 eraut3

86 2491 138 2544 380
152 2481 214 2542 lam
237 2482 363 2543 ducibus
385 2500 523 2544 somnum
546 2482 669 2545 dederat
690 2482 795 2544 labor.
835 2485 970 2562 increpat
991 2480 1058 2543 illos

196 2569 331 2649 luppiter
353 2578 385 2631 et
406 2587 491 2631 sacro
503 2617 513 2650 ,
536 2571 608 2650 quid
630 2570 722 2651 velit,
745 2586 797 2633 ore
819 2569 925 2632 docet:

153 2653 291 2736 ‘Surgite
303 2702 313 2737 ,
336 2659 419 2718 etin
442 2658 556 2719 medios
578 2658 616 2720 de
639 2661 762 2720 summis
785 2658 904 2721 erolbus
926 2657 1028 2720 hostes

197 2743 327 2824 Mittite,
350 2762 439 2824 quam
461 2747 581 2806 minium
604 2746 730 2825 perdere
753 2747 864 2828 vultis,
887 2741 1007 2826 opem!'

153 2831 283 2894 Somnus
305 2830 387 2909 abit,
411 2840 617 2914 quaeruntque
641 2837 725 2896 novis
747 2833 919 2914 ambagibus
941 2838 1017 2915 aeti,

85 2929 137 2981 300
195 2919 326 2982 Perdere
349 2939 439 3001 quam
461 2920 557 2983 nolint
578 2928 610 2983 et
630 2921 790 2984 iubeantur
812 2939 917 3004 opem.

150 3006 225 3071 Esse
249 3007 340 3071 Ceres
362 3011 424 3071 visa
446 3018 514 3071 est.
554 3012 666 3072 iaciunt
688 3010 812 3073 Cerialia
835 3010 930 3091 dona,

196 3096 274 3159 laota
297 3115 387 3177 super
409 3098 508 3177 galeas
529 3106 674 3178 scutaque
696 3097 783 3178 longa
804 3105 928 3159 sonant.
959 3104 962 3109 '

151 3182 243 3247 Posse
267 3185 342 3246 tame
366 3188 443 3248 vinei
465 3202 535 3266 spes
558 3186 689 3247 excidit.
729 3186 815 3248 hoste
837 3185 958 3267 repulso

195 3272 325 3336 Candida
347 3271 456 3336 Pistori
478 3276 599 3354 ponitur
622 3291 673 3335 ara
695 3272 772 3335 lori.

85 3362 138 3416 395
152 3356 242 3422 Forte
263 3360 435 3423 revertebar
457 3361 542 3423 festis
563 3361 730 3424 Vestalibus
752 3361 819 3442 illa,

195 3448 260 3519 Qua
283 3448 364 3510 Nova
385 3449 517 3511 Romano
540 3468 620 3511 nuno
642 3452 689 3510 ria
710 3452 813 3512 iuncta
835 3451 900 3533 loro
924 3459 986 3512 est.

150 3529 216 3597 lluo
238 3536 314 3616 pede
336 3545 501 3600 mauonam
524 3537 583 3600 vidi
606 3537 788 3599 descendere
811 3537 909 3600 nudo:
