2467 4042
182 253 245 318 112
631 256 740 307 IBIDIS

268 421 327 481 dut
348 427 383 481 ut
405 419 577 498 Atarnites,
600 420 719 480 insutus
741 411 828 498 pelle⁴
842 421 961 482 iuvenci

201 520 254 571 ³20
312 507 454 586 Turpiter
476 507 511 567 ad
535 506 689 567 dominum
711 507 820 586 praeda
843 509 939 569 lerare
963 518 1067 573 tuum.

266 595 360 676 Inque
383 603 436 657 tuo
458 594 585 656 thalamo
609 597 671 656 ritu
694 596 827 674 iugulere
851 595 994 679 Pheraei,

312 684 371 755 Qui
393 684 479 745 datus
503 691 549 744 est
570 683 629 744 leto
653 686 789 763 coniugis
813 701 885 745 ense
908 702 997 748 suae.

267 773 408 851 Quosque
432 779 519 851 putas
542 771 640 851 lidos,
663 780 698 833 ut
719 771 876 834 Larisaeus
898 772 1006 835 Aleuas

200 874 253 924 334
310 859 439 921 Vulnere
462 877 522 921 uon
545 860 621 920 fidos
644 862 798 939 experiare
821 870 895 923 tuo.

200 983 242 993 -
265 948 363 1029 thue
381 948 472 1030 Milo,
496 946 552 1010 suh
572 967 631 1027 quo
654 951 785 1011 cruciata
808 957 856 1011 est
874 949 943 1011 Pisa
965 958 1111 1035 tyranno,

310 1036 399 1099 Vivus
421 1038 454 1098 in
477 1035 608 1097 occultas
631 1039 837 1116 praecipiteris
861 1055 971 1116 aquas.

266 1127 407 1205 Quaeque
429 1129 461 1187 in
484 1124 683 1203 Aphidantum
706 1124 860 1205 Phylaceia
883 1144 974 1206 regna
997 1136 1150 1192 tenentem

310 1215 334 1274 Α
357 1213 424 1275 1333
447 1222 615 1293 venerunt,
639 1221 668 1275 te
693 1232 811 1293 quoque
834 1214 892 1275 tela
914 1224 1034 1294 petant.

199 1336 242 1347 -
265 1304 324 1365 Aut
346 1310 381 1364 ut
403 1301 594 1363 Amastriacis
617 1302 766 1381 quondam
788 1302 923 1363 Lenaeus
946 1302 982 1364 uh
1005 1306 1085 1386 oris,

199 1404 252 1454 333
310 1390 414 1452 Nudus
437 1388 566 1451 Achillea
590 1390 762 1452 destituaris
785 1390 894 1452 humo.

264 1478 363 1559 thue
385 1479 432 1539 vel
449 1478 632 1558 Eurydamas
656 1487 703 1540 ter
726 1481 839 1540 circum
862 1478 949 1541 busta
967 1479 1116 1561 Thrasylli
1146 1496 1191 1550 uo)

309 1567 364 1629 Est
386 1567 532 1628 Larisaeis
555 1574 659 1646 raptus
682 1566 719 1627 ab
742 1567 827 1628 hoste
851 1569 943 1650 rotis,

265 1655 318 1717 Vel
340 1659 392 1736 qui
404 1703 413 1736 ,
437 1673 513 1735 quae
536 1655 634 1717 luerat
656 1662 771 1716 tutatus
793 1658 910 1718 moenia
933 1673 1038 1738 saepe,

309 1743 440 1824 Corpore
463 1744 600 1805 lustravit
622 1745 682 1805 uon
706 1744 846 1806 diuturna
869 1762 942 1824 suo,

118 1826 120 1831 ’
199 1845 251 1896 333
266 1832 362 1912 thue
386 1851 495 1893 novum
518 1850 604 1912 passa
628 1850 722 1911 genus
745 1831 977 1912 Hippomeneide
1000 1852 1117 1912 poenae

309 1921 435 1982 Tractus
457 1924 489 1981 in
512 1920 620 1981 Actaea
642 1922 739 1981 fertur
762 1920 878 1981 adulter
900 1921 1009 2001 humo,

266 2009 338 2090 Sic,
360 2008 412 2070 ubi
434 2011 493 2070 vita
516 2016 584 2069 tuos
607 2010 701 2070 invisa
723 2008 879 2087 reliquerit
902 2018 1001 2090 artus,

309 2097 427 2158 Ultores
449 2099 566 2176 rapiant
587 2104 676 2176 turpe
700 2096 823 2158 cadaver
846 2098 932 2176 equi.

264 2185 384 2248 Viscera
408 2187 451 2247 sic
474 2185 581 2264 aliquis
605 2185 745 2264 scopulus
768 2192 819 2246 tua
842 2186 912 2264 ligat
924 2231 933 2266 ,
957 2193 991 2246 ut
1013 2185 1084 2247 olim

198 2287 250 2337 343
309 2274 380 2336 Tira
403 2274 458 2336 suh
480 2271 614 2335 Euboico
638 2274 724 2334 Graia
747 2273 831 2335 luere
855 2274 941 2355 sinu3

264 2362 361 2442 thue
384 2362 467 2424 feror
489 2364 580 2441 periit
602 2369 634 2423 et
656 2362 778 2423 fulmine
802 2370 833 2423 et
855 2380 984 2441 aequore
1007 2369 1129 2446 raptor,

309 2451 359 2512 Sic
382 2458 412 2513 te
435 2469 585 2512 mersuras
609 2450 729 2512 adiuvet
750 2452 827 2529 ignis
851 2468 961 2530 aquas.

264 2540 347 2600 llens
371 2558 488 2620 quoque
512 2541 556 2600 sic
579 2539 666 2600 luriis
689 2556 793 2600 vecors
816 2540 966 2621 agitetur,
988 2546 1023 2600 ut
1043 2539 1108 2621 illi,

308 2627 405 2689 Unum
430 2629 481 2706 qui
503 2634 566 2688 toto
590 2644 714 2705 corpore
738 2626 845 2688 vulnus
868 2625 975 2708 hahety

198 2729 250 2779 343
264 2715 361 2796 thue
384 2715 578 2795 Dryantiadae
601 2715 773 2795 Rhodopeia
795 2733 887 2793 regna
909 2716 1040 2796 tenenti,

308 2804 342 2866 ln
365 2806 483 2883 gemino
506 2804 607 2883 dispar
630 2805 680 2864 cui
701 2803 777 2882 pede
801 2802 899 2865 cultus
922 2811 1003 2883 erat,

263 2891 302 2955 Ut
324 2892 382 2954 fuit
403 2891 513 2953 Oetaeo
537 2891 686 2972 quondam
709 2909 879 2971 generoque
902 2891 1063 2953 draconum
1124 2912 1127 2915 ’

308 2980 516 3059 Tisamenique
539 2982 618 3060 patri
641 2979 862 3059 Callirhoesque
885 2981 965 3042 viro.

263 3068 325 3131 Nec
348 3069 404 3130 tibi
426 3072 576 3148 contingat
599 3077 733 3130 matrona
756 3068 893 3147 pudicior
914 3066 981 3149 illa,
1097 3109 1100 3114 -

198 3170 251 3220 333
309 3158 373 3229 Qua
395 3159 493 3237 potuit
516 3156 634 3236 Tydeus
657 3156 813 3218 erubuisse
836 3173 934 3218 nuru:

263 3244 404 3326 Quaeque
428 3248 475 3307 sui
498 3244 643 3307 Venerem
665 3246 763 3306 iunxit
786 3245 968 3306 cumfratre
991 3244 1113 3325 mariti,

309 3334 412 3396 Locris
435 3336 466 3395 in
489 3333 611 3395 ancillae
636 3332 819 3395 dissimulata
841 3349 932 3393 nece.

265 3423 337 3484 Tam
361 3441 502 3504 quoque,
526 3422 709 3503 dilaniant,
732 3423 828 3501 possis
851 3419 980 3499 gaudere
1003 3419 1087 3481 fideli
1165 3436 1212 3488 un

309 3510 463 3592 Coniuge,
487 3528 575 3590 quam
599 3509 680 3571 Talai
703 3509 908 3589 Tyndareique
932 3525 1040 3587 gener:

198 3606 249 3657 333
265 3596 404 3677 Quaeque
428 3615 533 3677 parare
557 3600 619 3661 suis
643 3597 734 3660 letum
756 3596 942 3678 patruelibus
965 3614 1053 3658 ausae
