<?xml version="1.0" encoding="UTF-8"?>
<!DOCTYPE html PUBLIC "-//W3C//DTD XHTML 1.0 Transitional//EN"
    "http://www.w3.org/TR/xhtml1/DTD/xhtml1-transitional.dtd">
<html xmlns="http://www.w3.org/1999/xhtml" xml:lang="en" lang="en">
 <head>
  <title>
</title>
<meta http-equiv="Content-Type" content="text/html;charset=utf-8" />
  <meta name='ocr-system' content='tesseract 3.04.00' />
  <meta name='ocr-capabilities' content='ocr_page ocr_carea ocr_par ocr_line ocrx_word'/>
</head>
<body>
  <div class='ocr_page' id='page_1' title='image "./povidiusnaso00ehwagoog_0878.png"; bbox 0 0 2467 4042; ppageno 0'>
   <div class='ocr_carea' id='block_1_1' title="bbox 191 179 783 316">
    <p class='ocr_par' dir='ltr' id='par_1_1' title="bbox 191 179 783 316">
     <span class='ocr_line' id='line_1_1' title="bbox 191 179 783 316; baseline -0.019 -2"><span class='ocrx_word' id='word_1_1' title='bbox 191 248 234 316; x_wconf 85' lang='lat' dir='ltr'>ts</span> <span class='ocrx_word' id='word_1_2' title='bbox 256 179 274 214; x_wconf 43' lang='grc' dir='ltr'><strong>ο</strong></span> <span class='ocrx_word' id='word_1_3' title='bbox 611 252 783 305; x_wconf 82' lang='lat' dir='ltr'>rnrsrruu</span> 
     </span>
    </p>
   </div>
   <div class='ocr_carea' id='block_1_2' title="bbox 233 416 1211 3680">
    <p class='ocr_par' dir='ltr' id='par_1_2' title="bbox 233 416 1211 3680">
     <span class='ocr_line' id='line_1_2' title="bbox 280 416 1100 498; baseline 0 -17"><span class='ocrx_word' id='word_1_4' title='bbox 280 417 423 481; x_wconf 88' lang='lat' dir='ltr'>Ponticus</span> <span class='ocrx_word' id='word_1_5' title='bbox 445 416 561 498; x_wconf 89' lang='lat' dir='ltr'>heroo,</span> <span class='ocrx_word' id='word_1_6' title='bbox 583 416 694 478; x_wconf 81' lang='lat' dir='ltr'>Bassus</span> <span class='ocrx_word' id='word_1_7' title='bbox 717 434 838 498; x_wconf 91' lang='lat' dir='ltr'>quoque</span> <span class='ocrx_word' id='word_1_8' title='bbox 861 416 961 480; x_wconf 87' lang='lat' dir='ltr'>clarus</span> <span class='ocrx_word' id='word_1_9' title='bbox 982 418 1100 481; x_wconf 80' lang='lat' dir='ltr'>iambis</span> 
     </span>
     <span class='ocr_line' id='line_1_3' title="bbox 281 499 925 588; baseline -0.003 -19"><span class='ocrx_word' id='word_1_10' title='bbox 281 506 383 569; x_wconf 82' lang='lat' dir='ltr'>Dulcia</span> <span class='ocrx_word' id='word_1_11' title='bbox 407 507 561 568; x_wconf 88' lang='lat' dir='ltr'>convictus</span> <span class='ocrx_word' id='word_1_12' title='bbox 583 503 717 567; x_wconf 88' lang='lat' dir='ltr'>membra</span> <span class='ocrx_word' id='word_1_13' title='bbox 740 505 826 567; x_wconf 88' lang='lat' dir='ltr'>iuere</span> <span class='ocrx_word' id='word_1_14' title='bbox 847 499 925 588; x_wconf 72' lang='lat' dir='ltr'>me&#39;i3</span> 
     </span>
     <span class='ocr_line' id='line_1_4' title="bbox 281 581 1077 679; baseline 0.001 -22"><span class='ocrx_word' id='word_1_15' title='bbox 281 593 320 657; x_wconf 82' lang='lat' dir='ltr'>iit</span> <span class='ocrx_word' id='word_1_16' title='bbox 341 597 439 657; x_wconf 90' lang='lat' dir='ltr'>tenuit</span> <span class='ocrx_word' id='word_1_17' title='bbox 461 602 579 655; x_wconf 88' lang='lat' dir='ltr'>nostras</span> <span class='ocrx_word' id='word_1_18' title='bbox 602 581 783 656; x_wconf 78' lang='lat' dir='ltr'>numerosus</span> <span class='ocrx_word' id='word_1_19' title='bbox 805 585 946 656; x_wconf 79' lang='lat' dir='ltr'>Horatius</span> <span class='ocrx_word' id='word_1_20' title='bbox 964 613 1077 679; x_wconf 88' lang='lat' dir='ltr'>aures,</span> 
     </span>
     <span class='ocr_line' id='line_1_5' title="bbox 233 682 962 764; baseline -0.004 -16"><span class='ocrx_word' id='word_1_21' title='bbox 233 695 268 748; x_wconf 76' lang='lat' dir='ltr'>to</span> <span class='ocrx_word' id='word_1_22' title='bbox 282 683 358 746; x_wconf 84' lang='lat' dir='ltr'>bum</span> <span class='ocrx_word' id='word_1_23' title='bbox 381 683 452 745; x_wconf 91' lang='lat' dir='ltr'>ierit</span> <span class='ocrx_word' id='word_1_24' title='bbox 473 682 603 744; x_wconf 74' lang='lat' dir='ltr'>Ausonia</span> <span class='ocrx_word' id='word_1_25' title='bbox 627 683 758 744; x_wconf 89' lang='lat' dir='ltr'>carmina</span> <span class='ocrx_word' id='word_1_26' title='bbox 781 683 860 745; x_wconf 86' lang='lat' dir='ltr'>culta</span> <span class='ocrx_word' id='word_1_27' title='bbox 883 683 962 764; x_wconf 74' lang='lat' dir='ltr'>tyra.</span> 
     </span>
     <span class='ocr_line' id='line_1_6' title="bbox 281 770 1027 852; baseline 0.004 -22"><span class='ocrx_word' id='word_1_28' title='bbox 281 770 442 851; x_wconf 77' lang='lat' dir='ltr'>Vergilium</span> <span class='ocrx_word' id='word_1_29' title='bbox 463 771 523 832; x_wconf 88' lang='lat' dir='ltr'>vidi</span> <span class='ocrx_word' id='word_1_30' title='bbox 547 778 685 852; x_wconf 82' lang='lat' dir='ltr'>tantum3</span> <span class='ocrx_word' id='word_1_31' title='bbox 708 789 764 832; x_wconf 92' lang='lat' dir='ltr'>nec</span> <span class='ocrx_word' id='word_1_32' title='bbox 787 789 886 833; x_wconf 86' lang='lat' dir='ltr'>amara</span> <span class='ocrx_word' id='word_1_33' title='bbox 907 770 1027 833; x_wconf 80' lang='lat' dir='ltr'><strong>Tibullo</strong></span> 
     </span>
     <span class='ocr_line' id='line_1_7' title="bbox 283 858 921 939; baseline 0.003 -19"><span class='ocrx_word' id='word_1_34' title='bbox 283 858 413 939; x_wconf 80' lang='lat' dir='ltr'>Tempus</span> <span class='ocrx_word' id='word_1_35' title='bbox 436 860 582 922; x_wconf 89' lang='lat' dir='ltr'>amicitiae</span> <span class='ocrx_word' id='word_1_36' title='bbox 605 859 665 921; x_wconf 88' lang='lat' dir='ltr'>iata</span> <span class='ocrx_word' id='word_1_37' title='bbox 687 859 797 922; x_wconf 79' lang='lat' dir='ltr'>dedere</span> <span class='ocrx_word' id='word_1_38' title='bbox 820 878 921 922; x_wconf 91' lang='lat' dir='ltr'>meae.</span> 
     </span>
     <span class='ocr_line' id='line_1_8' title="bbox 284 946 1120 1032; baseline 0.001 -22"><span class='ocrx_word' id='word_1_39' title='bbox 284 948 446 1010; x_wconf 75' lang='lat' dir='ltr'>Successus</span> <span class='ocrx_word' id='word_1_40' title='bbox 469 948 527 1009; x_wconf 89' lang='lat' dir='ltr'>iuit</span> <span class='ocrx_word' id='word_1_41' title='bbox 548 948 597 1009; x_wconf 91' lang='lat' dir='ltr'>hic</span> <span class='ocrx_word' id='word_1_42' title='bbox 620 946 698 1029; x_wconf 85' lang='lat' dir='ltr'>tibi,</span> <span class='ocrx_word' id='word_1_43' title='bbox 721 947 825 1031; x_wconf 86' lang='lat' dir='ltr'>Gaiie,</span> <span class='ocrx_word' id='word_1_44' title='bbox 847 947 1023 1030; x_wconf 73' lang='lat' dir='ltr'>Propertius</span> <span class='ocrx_word' id='word_1_45' title='bbox 1049 948 1120 1032; x_wconf 83' lang='lat' dir='ltr'>iiii3</span> 
     </span>
     <span class='ocr_line' id='line_1_9' title="bbox 284 1033 988 1117; baseline 0 -18"><span class='ocrx_word' id='word_1_46' title='bbox 284 1036 413 1108; x_wconf 76' lang='lat' dir='ltr'>Quartus</span> <span class='ocrx_word' id='word_1_47' title='bbox 437 1033 474 1098; x_wconf 90' lang='lat' dir='ltr'>ab</span> <span class='ocrx_word' id='word_1_48' title='bbox 497 1036 544 1097; x_wconf 87' lang='lat' dir='ltr'>iris</span> <span class='ocrx_word' id='word_1_49' title='bbox 567 1037 646 1098; x_wconf 89' lang='lat' dir='ltr'>serie</span> <span class='ocrx_word' id='word_1_50' title='bbox 669 1038 814 1116; x_wconf 86' lang='lat' dir='ltr'>temporis</span> <span class='ocrx_word' id='word_1_51' title='bbox 835 1038 900 1117; x_wconf 87' lang='lat' dir='ltr'>ipse</span> <span class='ocrx_word' id='word_1_52' title='bbox 913 1038 988 1099; x_wconf 76' lang='lat' dir='ltr'>dui.</span> 
     </span>
     <span class='ocr_line' id='line_1_10' title="bbox 235 1124 1095 1209; baseline -0.002 -20"><span class='ocrx_word' id='word_1_53' title='bbox 235 1137 269 1189; x_wconf 77' lang='lat' dir='ltr'>uo</span> <span class='ocrx_word' id='word_1_54' title='bbox 283 1124 381 1205; x_wconf 89' lang='lat' dir='ltr'>thue</span> <span class='ocrx_word' id='word_1_55' title='bbox 405 1142 459 1205; x_wconf 81' lang='lat' dir='ltr'>ego</span> <span class='ocrx_word' id='word_1_56' title='bbox 483 1125 634 1204; x_wconf 88' lang='lat' dir='ltr'>maiores,</span> <span class='ocrx_word' id='word_1_57' title='bbox 657 1126 700 1186; x_wconf 90' lang='lat' dir='ltr'>sic</span> <span class='ocrx_word' id='word_1_58' title='bbox 724 1141 771 1185; x_wconf 91' lang='lat' dir='ltr'>me</span> <span class='ocrx_word' id='word_1_59' title='bbox 795 1124 915 1186; x_wconf 89' lang='lat' dir='ltr'>coluere</span> <span class='ocrx_word' id='word_1_60' title='bbox 937 1127 1095 1209; x_wconf 86' lang='lat' dir='ltr'>minores,</span> 
     </span>
     <span class='ocr_line' id='line_1_11' title="bbox 283 1211 1006 1293; baseline 0 -18"><span class='ocrx_word' id='word_1_61' title='bbox 283 1213 417 1293; x_wconf 87' lang='lat' dir='ltr'>Notaque</span> <span class='ocrx_word' id='word_1_62' title='bbox 440 1229 499 1274; x_wconf 91' lang='lat' dir='ltr'>non</span> <span class='ocrx_word' id='word_1_63' title='bbox 523 1213 607 1275; x_wconf 88' lang='lat' dir='ltr'>tarde</span> <span class='ocrx_word' id='word_1_64' title='bbox 631 1212 707 1275; x_wconf 87' lang='lat' dir='ltr'>iacta</span> <span class='ocrx_word' id='word_1_65' title='bbox 730 1211 832 1274; x_wconf 81' lang='lat' dir='ltr'>Theba</span> <span class='ocrx_word' id='word_1_66' title='bbox 855 1231 920 1275; x_wconf 91' lang='lat' dir='ltr'>mea</span> <span class='ocrx_word' id='word_1_67' title='bbox 942 1222 1006 1275; x_wconf 87' lang='lat' dir='ltr'>est.</span> 
     </span>
     <span class='ocr_line' id='line_1_12' title="bbox 285 1300 1072 1384; baseline -0.001 -20"><span class='ocrx_word' id='word_1_68' title='bbox 285 1302 421 1364; x_wconf 78' lang='lat' dir='ltr'>Carmina</span> <span class='ocrx_word' id='word_1_69' title='bbox 443 1319 512 1364; x_wconf 88' lang='lat' dir='ltr'>cum</span> <span class='ocrx_word' id='word_1_70' title='bbox 535 1303 666 1380; x_wconf 90' lang='lat' dir='ltr'>primum</span> <span class='ocrx_word' id='word_1_71' title='bbox 688 1300 799 1382; x_wconf 92' lang='lat' dir='ltr'>populo</span> <span class='ocrx_word' id='word_1_72' title='bbox 821 1300 967 1363; x_wconf 81' lang='lat' dir='ltr'>iuvenalia</span> <span class='ocrx_word' id='word_1_73' title='bbox 989 1301 1072 1384; x_wconf 81' lang='lat' dir='ltr'>legi,</span> 
     </span>
     <span class='ocr_line' id='line_1_13' title="bbox 284 1389 967 1453; baseline -0.001 -1"><span class='ocrx_word' id='word_1_74' title='bbox 284 1389 379 1452; x_wconf 86' lang='lat' dir='ltr'>Barba</span> <span class='ocrx_word' id='word_1_75' title='bbox 402 1397 517 1451; x_wconf 76' lang='lat' dir='ltr'>assarta</span> <span class='ocrx_word' id='word_1_76' title='bbox 541 1389 613 1451; x_wconf 90' lang='lat' dir='ltr'>mibi</span> <span class='ocrx_word' id='word_1_77' title='bbox 636 1389 719 1451; x_wconf 81' lang='lat' dir='ltr'>bisve</span> <span class='ocrx_word' id='word_1_78' title='bbox 742 1389 870 1451; x_wconf 81' lang='lat' dir='ltr'>semelve</span> <span class='ocrx_word' id='word_1_79' title='bbox 892 1390 967 1453; x_wconf 83' lang='lat' dir='ltr'>fuit.</span> 
     </span>
     <span class='ocr_line' id='line_1_14' title="bbox 284 1477 1060 1559; baseline -0.001 -19"><span class='ocrx_word' id='word_1_80' title='bbox 284 1479 417 1540; x_wconf 83' lang='lat' dir='ltr'>Moverat</span> <span class='ocrx_word' id='word_1_81' title='bbox 438 1480 592 1558; x_wconf 81' lang='lat' dir='ltr'>ingenium</span> <span class='ocrx_word' id='word_1_82' title='bbox 614 1484 707 1540; x_wconf 89' lang='lat' dir='ltr'>totam</span> <span class='ocrx_word' id='word_1_83' title='bbox 730 1486 846 1540; x_wconf 90' lang='lat' dir='ltr'>cantata</span> <span class='ocrx_word' id='word_1_84' title='bbox 867 1497 924 1559; x_wconf 92' lang='lat' dir='ltr'>per</span> <span class='ocrx_word' id='word_1_85' title='bbox 945 1477 1060 1540; x_wconf 88' lang='lat' dir='ltr'>Urbem</span> 
     </span>
     <span class='ocr_line' id='line_1_15' title="bbox 239 1565 954 1632; baseline -0.004 -1"><span class='ocrx_word' id='word_1_86' title='bbox 239 1581 273 1632; x_wconf 81' lang='lat' dir='ltr'>uo</span> <span class='ocrx_word' id='word_1_87' title='bbox 287 1567 412 1629; x_wconf 90' lang='lat' dir='ltr'>Nomine</span> <span class='ocrx_word' id='word_1_88' title='bbox 435 1584 495 1628; x_wconf 92' lang='lat' dir='ltr'>non</span> <span class='ocrx_word' id='word_1_89' title='bbox 518 1584 589 1627; x_wconf 89' lang='lat' dir='ltr'>vero</span> <span class='ocrx_word' id='word_1_90' title='bbox 611 1566 690 1628; x_wconf 89' lang='lat' dir='ltr'>dicta</span> <span class='ocrx_word' id='word_1_91' title='bbox 713 1565 842 1628; x_wconf 80' lang='lat' dir='ltr'>Corinna</span> <span class='ocrx_word' id='word_1_92' title='bbox 864 1566 954 1629; x_wconf 89' lang='lat' dir='ltr'>mihi.</span> 
     </span>
     <span class='ocr_line' id='line_1_16' title="bbox 285 1654 1129 1739; baseline 0.001 -22"><span class='ocrx_word' id='word_1_93' title='bbox 285 1655 376 1718; x_wconf 87' lang='lat' dir='ltr'>Multa</span> <span class='ocrx_word' id='word_1_94' title='bbox 400 1654 519 1735; x_wconf 92' lang='lat' dir='ltr'>quidem</span> <span class='ocrx_word' id='word_1_95' title='bbox 543 1656 673 1738; x_wconf 87' lang='lat' dir='ltr'>scripsi,</span> <span class='ocrx_word' id='word_1_96' title='bbox 695 1655 748 1716; x_wconf 88' lang='lat' dir='ltr'>sed</span> <span class='ocrx_word' id='word_1_97' title='bbox 772 1673 848 1735; x_wconf 91' lang='lat' dir='ltr'>quae</span> <span class='ocrx_word' id='word_1_98' title='bbox 870 1657 976 1717; x_wconf 83' lang='lat' dir='ltr'>vitima</span> <span class='ocrx_word' id='word_1_99' title='bbox 998 1659 1129 1739; x_wconf 86' lang='lat' dir='ltr'>putavi,</span> 
     </span>
     <span class='ocr_line' id='line_1_17' title="bbox 288 1741 836 1824; baseline -0.002 -18"><span class='ocrx_word' id='word_1_100' title='bbox 288 1743 497 1806; x_wconf 80' lang='lat' dir='ltr'>Emendaturis</span> <span class='ocrx_word' id='word_1_101' title='bbox 519 1741 639 1824; x_wconf 79' lang='lat' dir='ltr'>ignibus</span> <span class='ocrx_word' id='word_1_102' title='bbox 661 1746 726 1823; x_wconf 89' lang='lat' dir='ltr'>ipse</span> <span class='ocrx_word' id='word_1_103' title='bbox 749 1742 836 1806; x_wconf 89' lang='lat' dir='ltr'>dedi.</span> 
     </span>
     <span class='ocr_line' id='line_1_18' title="bbox 287 1831 1154 1916; baseline 0.005 -23"><span class='ocrx_word' id='word_1_104' title='bbox 287 1832 371 1895; x_wconf 83' lang='lat' dir='ltr'>Tunc</span> <span class='ocrx_word' id='word_1_105' title='bbox 395 1848 537 1913; x_wconf 87' lang='lat' dir='ltr'>quoque,</span> <span class='ocrx_word' id='word_1_106' title='bbox 560 1848 629 1893; x_wconf 91' lang='lat' dir='ltr'>cum</span> <span class='ocrx_word' id='word_1_107' title='bbox 652 1833 809 1916; x_wconf 84' lang='lat' dir='ltr'>fugerem,</span> <span class='ocrx_word' id='word_1_108' title='bbox 831 1831 975 1913; x_wconf 89' lang='lat' dir='ltr'>quaedam</span> <span class='ocrx_word' id='word_1_109' title='bbox 998 1831 1154 1913; x_wconf 89' lang='lat' dir='ltr'>placitura</span> 
     </span>
     <span class='ocr_line' id='line_1_19' title="bbox 668 1921 1081 2002; baseline -0.002 -21"><span class='ocrx_word' id='word_1_110' title='bbox 668 1921 814 2002; x_wconf 81' lang='lat' dir='ltr'>cremavi,</span> <span class='ocrx_word' id='word_1_111' title='bbox 1077 1941 1081 1947; x_wconf 94' lang='lat'>·</span> 
     </span>
     <span class='ocr_line' id='line_1_20' title="bbox 287 2007 889 2089; baseline -0.003 -17"><span class='ocrx_word' id='word_1_112' title='bbox 287 2008 385 2072; x_wconf 89' lang='lat' dir='ltr'>iratus</span> <span class='ocrx_word' id='word_1_113' title='bbox 408 2007 507 2071; x_wconf 88' lang='lat' dir='ltr'>studio</span> <span class='ocrx_word' id='word_1_114' title='bbox 531 2008 772 2089; x_wconf 80' lang='lat' dir='ltr'>carminibusque</span> <span class='ocrx_word' id='word_1_115' title='bbox 795 2010 889 2070; x_wconf 86' lang='lat' dir='ltr'>meis.</span> 
     </span>
     <span class='ocr_line' id='line_1_21' title="bbox 240 2096 989 2177; baseline -0.003 -17"><span class='ocrx_word' id='word_1_116' title='bbox 240 2110 274 2161; x_wconf 78' lang='lat' dir='ltr'>oo</span> <span class='ocrx_word' id='word_1_117' title='bbox 289 2097 375 2159; x_wconf 85' lang='lat' dir='ltr'>bioiie</span> <span class='ocrx_word' id='word_1_118' title='bbox 398 2096 570 2177; x_wconf 83' lang='lat' dir='ltr'>Cupidineis</span> <span class='ocrx_word' id='word_1_119' title='bbox 592 2114 649 2159; x_wconf 90' lang='lat' dir='ltr'>nec</span> <span class='ocrx_word' id='word_1_120' title='bbox 671 2096 899 2177; x_wconf 79' lang='lat' dir='ltr'>inexpugnabile</span> <span class='ocrx_word' id='word_1_121' title='bbox 922 2096 989 2158; x_wconf 91' lang='lat' dir='ltr'>teiis</span> 
     </span>
     <span class='ocr_line' id='line_1_22' title="bbox 289 2184 1127 2268; baseline 0.002 -19"><span class='ocrx_word' id='word_1_122' title='bbox 289 2185 348 2249; x_wconf 90' lang='lat' dir='ltr'>Cor</span> <span class='ocrx_word' id='word_1_123' title='bbox 370 2185 466 2268; x_wconf 85' lang='lat' dir='ltr'>mibi,</span> <span class='ocrx_word' id='word_1_124' title='bbox 490 2185 629 2266; x_wconf 91' lang='lat' dir='ltr'>quodque</span> <span class='ocrx_word' id='word_1_125' title='bbox 651 2184 726 2247; x_wconf 87' lang='lat' dir='ltr'>levis</span> <span class='ocrx_word' id='word_1_126' title='bbox 748 2204 837 2248; x_wconf 90' lang='lat' dir='ltr'>causa</span> <span class='ocrx_word' id='word_1_127' title='bbox 859 2193 1015 2266; x_wconf 89' lang='lat' dir='ltr'>moveret,</span> <span class='ocrx_word' id='word_1_128' title='bbox 1039 2195 1127 2251; x_wconf 90' lang='lat' dir='ltr'>erat.</span> 
     </span>
     <span class='ocr_line' id='line_1_23' title="bbox 289 2273 1211 2359; baseline 0.002 -22"><span class='ocrx_word' id='word_1_129' title='bbox 289 2273 365 2337; x_wconf 81' lang='lat' dir='ltr'>Cum</span> <span class='ocrx_word' id='word_1_130' title='bbox 387 2281 486 2336; x_wconf 91' lang='lat' dir='ltr'>tamen</span> <span class='ocrx_word' id='word_1_131' title='bbox 509 2273 559 2336; x_wconf 92' lang='lat' dir='ltr'>hic</span> <span class='ocrx_word' id='word_1_132' title='bbox 582 2291 703 2356; x_wconf 89' lang='lat' dir='ltr'>essem,</span> <span class='ocrx_word' id='word_1_133' title='bbox 725 2276 907 2354; x_wconf 89' lang='lat' dir='ltr'>minimoque</span> <span class='ocrx_word' id='word_1_134' title='bbox 926 2274 1113 2338; x_wconf 90' lang='lat' dir='ltr'>accenderer</span> <span class='ocrx_word' id='word_1_135' title='bbox 1136 2279 1211 2359; x_wconf 77' lang='lat' dir='ltr'>igni,</span> 
     </span>
     <span class='ocr_line' id='line_1_24' title="bbox 289 2361 1011 2426; baseline -0.003 -1"><span class='ocrx_word' id='word_1_136' title='bbox 289 2363 415 2426; x_wconf 90' lang='lat' dir='ltr'>Nomine</span> <span class='ocrx_word' id='word_1_137' title='bbox 438 2362 495 2425; x_wconf 90' lang='lat' dir='ltr'>sub</span> <span class='ocrx_word' id='word_1_138' title='bbox 518 2370 622 2424; x_wconf 91' lang='lat' dir='ltr'>nostro</span> <span class='ocrx_word' id='word_1_139' title='bbox 645 2362 743 2424; x_wconf 87' lang='lat' dir='ltr'>iabuia</span> <span class='ocrx_word' id='word_1_140' title='bbox 766 2361 846 2424; x_wconf 89' lang='lat' dir='ltr'>nulia</span> <span class='ocrx_word' id='word_1_141' title='bbox 870 2362 943 2424; x_wconf 90' lang='lat' dir='ltr'>iuit.</span> <span class='ocrx_word' id='word_1_142' title='bbox 1006 2375 1011 2382; x_wconf 73' lang='grc'><strong>“</strong></span> 
     </span>
     <span class='ocr_line' id='line_1_25' title="bbox 289 2450 1074 2532; baseline -0.005 -17"><span class='ocrx_word' id='word_1_143' title='bbox 289 2454 387 2516; x_wconf 87' lang='lat' dir='ltr'>Paene</span> <span class='ocrx_word' id='word_1_144' title='bbox 410 2451 483 2514; x_wconf 90' lang='lat' dir='ltr'>mibi</span> <span class='ocrx_word' id='word_1_145' title='bbox 506 2468 600 2532; x_wconf 90' lang='lat' dir='ltr'>puero</span> <span class='ocrx_word' id='word_1_146' title='bbox 623 2468 680 2512; x_wconf 89' lang='lat' dir='ltr'>nec</span> <span class='ocrx_word' id='word_1_147' title='bbox 703 2450 790 2530; x_wconf 81' lang='lat' dir='ltr'>digna</span> <span class='ocrx_word' id='word_1_148' title='bbox 813 2469 869 2512; x_wconf 92' lang='lat' dir='ltr'>nec</span> <span class='ocrx_word' id='word_1_149' title='bbox 892 2450 974 2512; x_wconf 88' lang='lat' dir='ltr'>utilis</span> <span class='ocrx_word' id='word_1_150' title='bbox 996 2468 1074 2512; x_wconf 83' lang='lat' dir='ltr'>uxor</span> 
     </span>
     <span class='ocr_line' id='line_1_26' title="bbox 243 2538 1103 2623; baseline -0.002 -19"><span class='ocrx_word' id='word_1_151' title='bbox 243 2556 276 2604; x_wconf 81' lang='lat' dir='ltr'>tu</span> <span class='ocrx_word' id='word_1_152' title='bbox 291 2541 345 2604; x_wconf 84' lang='lat' dir='ltr'>Est</span> <span class='ocrx_word' id='word_1_153' title='bbox 367 2540 456 2623; x_wconf 86' lang='lat' dir='ltr'>data,</span> <span class='ocrx_word' id='word_1_154' title='bbox 479 2557 554 2620; x_wconf 86' lang='lat' dir='ltr'>quae</span> <span class='ocrx_word' id='word_1_155' title='bbox 577 2548 697 2619; x_wconf 89' lang='lat' dir='ltr'>tempus</span> <span class='ocrx_word' id='word_1_156' title='bbox 718 2557 774 2619; x_wconf 92' lang='lat' dir='ltr'>per</span> <span class='ocrx_word' id='word_1_157' title='bbox 796 2538 887 2601; x_wconf 90' lang='lat' dir='ltr'>breve</span> <span class='ocrx_word' id='word_1_158' title='bbox 910 2545 1001 2618; x_wconf 88' lang='lat' dir='ltr'>nupta</span> <span class='ocrx_word' id='word_1_159' title='bbox 1025 2540 1103 2602; x_wconf 86' lang='lat' dir='ltr'>init.</span> 
     </span>
     <span class='ocr_line' id='line_1_27' title="bbox 291 2628 1096 2711; baseline -0.006 -19"><span class='ocrx_word' id='word_1_160' title='bbox 291 2629 336 2692; x_wconf 89' lang='lat' dir='ltr'>ilii</span> <span class='ocrx_word' id='word_1_161' title='bbox 360 2630 505 2692; x_wconf 87' lang='lat' dir='ltr'>successit</span> <span class='ocrx_word' id='word_1_162' title='bbox 517 2676 527 2711; x_wconf 83' lang='lat'><em>‚</em></span> <span class='ocrx_word' id='word_1_163' title='bbox 551 2629 685 2708; x_wconf 90' lang='lat' dir='ltr'>quamvis</span> <span class='ocrx_word' id='word_1_164' title='bbox 708 2630 772 2689; x_wconf 91' lang='lat' dir='ltr'>sine</span> <span class='ocrx_word' id='word_1_165' title='bbox 796 2630 921 2690; x_wconf 88' lang='lat' dir='ltr'>crimine</span> <span class='ocrx_word' id='word_1_166' title='bbox 944 2628 1096 2711; x_wconf 81' lang='lat' dir='ltr'>coniunx,</span> 
     </span>
     <span class='ocr_line' id='line_1_28' title="bbox 291 2716 997 2780; baseline -0.004 -1"><span class='ocrx_word' id='word_1_167' title='bbox 291 2717 356 2779; x_wconf 93' lang='lat' dir='ltr'>Non</span> <span class='ocrx_word' id='word_1_168' title='bbox 380 2718 533 2780; x_wconf 87' lang='lat' dir='ltr'>tamenin</span> <span class='ocrx_word' id='word_1_169' title='bbox 557 2724 660 2778; x_wconf 89' lang='lat' dir='ltr'>nostro</span> <span class='ocrx_word' id='word_1_170' title='bbox 683 2716 768 2777; x_wconf 86' lang='lat' dir='ltr'>firma</span> <span class='ocrx_word' id='word_1_171' title='bbox 791 2716 891 2778; x_wconf 90' lang='lat' dir='ltr'>iutnra</span> <span class='ocrx_word' id='word_1_172' title='bbox 913 2723 997 2777; x_wconf 89' lang='lat' dir='ltr'>toro.</span> 
     </span>
     <span class='ocr_line' id='line_1_29' title="bbox 276 2805 1146 2887; baseline -0.001 -19"><span class='ocrx_word' id='word_1_173' title='bbox 276 2805 422 2887; x_wconf 82' lang='lat' dir='ltr'>Ultima,</span> <span class='ocrx_word' id='word_1_174' title='bbox 445 2823 520 2885; x_wconf 87' lang='lat' dir='ltr'>quae</span> <span class='ocrx_word' id='word_1_175' title='bbox 544 2822 661 2868; x_wconf 87' lang='lat' dir='ltr'>mecum</span> <span class='ocrx_word' id='word_1_176' title='bbox 685 2823 769 2867; x_wconf 88' lang='lat' dir='ltr'>seros</span> <span class='ocrx_word' id='word_1_177' title='bbox 792 2806 954 2885; x_wconf 86' lang='lat' dir='ltr'>permansit</span> <span class='ocrx_word' id='word_1_178' title='bbox 975 2806 1007 2865; x_wconf 89' lang='lat' dir='ltr'>in</span> <span class='ocrx_word' id='word_1_179' title='bbox 1030 2821 1146 2887; x_wconf 85' lang='lat' dir='ltr'>annos,</span> 
     </span>
     <span class='ocr_line' id='line_1_30' title="bbox 292 2892 895 2958; baseline -0.007 -1"><span class='ocrx_word' id='word_1_180' title='bbox 292 2895 441 2958; x_wconf 87' lang='lat' dir='ltr'>Sustinuit</span> <span class='ocrx_word' id='word_1_181' title='bbox 463 2896 592 2956; x_wconf 82' lang='lat' dir='ltr'>coniunx</span> <span class='ocrx_word' id='word_1_182' title='bbox 615 2892 711 2955; x_wconf 87' lang='lat' dir='ltr'>exuiis</span> <span class='ocrx_word' id='word_1_183' title='bbox 734 2910 800 2956; x_wconf 89' lang='lat' dir='ltr'>esse</span> <span class='ocrx_word' id='word_1_184' title='bbox 823 2894 895 2954; x_wconf 91' lang='lat' dir='ltr'>viri.</span> 
     </span>
     <span class='ocr_line' id='line_1_31' title="bbox 244 2980 1020 3061; baseline -0.006 -15"><span class='ocrx_word' id='word_1_185' title='bbox 244 2997 278 3047; x_wconf 76' lang='lat' dir='ltr'>ro</span> <span class='ocrx_word' id='word_1_186' title='bbox 294 2983 367 3045; x_wconf 86' lang='lat' dir='ltr'>Filia</span> <span class='ocrx_word' id='word_1_187' title='bbox 389 3002 438 3046; x_wconf 90' lang='lat' dir='ltr'>me</span> <span class='ocrx_word' id='word_1_188' title='bbox 460 3001 526 3045; x_wconf 90' lang='lat' dir='ltr'>mea</span> <span class='ocrx_word' id='word_1_189' title='bbox 548 2982 594 3044; x_wconf 92' lang='lat' dir='ltr'>bis</span> <span class='ocrx_word' id='word_1_190' title='bbox 616 2983 713 3061; x_wconf 91' lang='lat' dir='ltr'>prima</span> <span class='ocrx_word' id='word_1_191' title='bbox 735 2980 862 3043; x_wconf 91' lang='lat' dir='ltr'>iecunda</span> <span class='ocrx_word' id='word_1_192' title='bbox 884 2983 1020 3061; x_wconf 88' lang='lat' dir='ltr'>iuventa,</span> 
     </span>
     <span class='ocr_line' id='line_1_32' title="bbox 293 3071 968 3152; baseline -0.007 -17"><span class='ocrx_word' id='word_1_193' title='bbox 293 3073 351 3135; x_wconf 85' lang='lat' dir='ltr'>Sed</span> <span class='ocrx_word' id='word_1_194' title='bbox 375 3090 435 3133; x_wconf 90' lang='lat' dir='ltr'>non</span> <span class='ocrx_word' id='word_1_195' title='bbox 458 3090 495 3132; x_wconf 82' lang='lat' dir='ltr'>ex</span> <span class='ocrx_word' id='word_1_196' title='bbox 517 3088 578 3134; x_wconf 88' lang='lat' dir='ltr'>uno</span> <span class='ocrx_word' id='word_1_197' title='bbox 602 3072 747 3152; x_wconf 80' lang='lat' dir='ltr'>coniuge,</span> <span class='ocrx_word' id='word_1_198' title='bbox 770 3071 842 3132; x_wconf 91' lang='lat' dir='ltr'>iecit</span> <span class='ocrx_word' id='word_1_199' title='bbox 863 3086 968 3130; x_wconf 89' lang='lat' dir='ltr'>avum.</span> 
     </span>
     <span class='ocr_line' id='line_1_33' title="bbox 292 3158 1108 3240; baseline -0.005 -17"><span class='ocrx_word' id='word_1_200' title='bbox 292 3161 330 3224; x_wconf 79' lang='lat' dir='ltr'>iit</span> <span class='ocrx_word' id='word_1_201' title='bbox 353 3163 411 3223; x_wconf 91' lang='lat' dir='ltr'>iam</span> <span class='ocrx_word' id='word_1_202' title='bbox 434 3159 597 3240; x_wconf 89' lang='lat' dir='ltr'>complerat</span> <span class='ocrx_word' id='word_1_203' title='bbox 620 3162 737 3238; x_wconf 80' lang='lat' dir='ltr'>genitur</span> <span class='ocrx_word' id='word_1_204' title='bbox 759 3175 814 3221; x_wconf 90' lang='lat' dir='ltr'>sua</span> <span class='ocrx_word' id='word_1_205' title='bbox 837 3158 917 3239; x_wconf 87' lang='lat' dir='ltr'>iata,</span> <span class='ocrx_word' id='word_1_206' title='bbox 939 3171 1108 3236; x_wconf 90' lang='lat' dir='ltr'>novemque</span> 
     </span>
     <span class='ocr_line' id='line_1_34' title="bbox 293 3246 959 3312; baseline -0.011 0"><span class='ocrx_word' id='word_1_207' title='bbox 293 3250 455 3312; x_wconf 76' lang='lat' dir='ltr'>Addiderat</span> <span class='ocrx_word' id='word_1_208' title='bbox 476 3248 580 3311; x_wconf 89' lang='lat' dir='ltr'>lustris</span> <span class='ocrx_word' id='word_1_209' title='bbox 603 3246 696 3309; x_wconf 88' lang='lat' dir='ltr'>altera</span> <span class='ocrx_word' id='word_1_210' title='bbox 718 3247 813 3309; x_wconf 88' lang='lat' dir='ltr'>lustra</span> <span class='ocrx_word' id='word_1_211' title='bbox 836 3262 959 3307; x_wconf 84' lang='lat' dir='ltr'>novem.</span> 
     </span>
     <span class='ocr_line' id='line_1_35' title="bbox 293 3334 1100 3419; baseline -0.01 -18"><span class='ocrx_word' id='word_1_212' title='bbox 293 3339 358 3401; x_wconf 89' lang='lat' dir='ltr'>Non</span> <span class='ocrx_word' id='word_1_213' title='bbox 381 3338 467 3400; x_wconf 90' lang='lat' dir='ltr'>aliter</span> <span class='ocrx_word' id='word_1_214' title='bbox 488 3336 574 3419; x_wconf 85' lang='lat' dir='ltr'>iievi,</span> <span class='ocrx_word' id='word_1_215' title='bbox 597 3353 687 3417; x_wconf 90' lang='lat' dir='ltr'>quam</span> <span class='ocrx_word' id='word_1_216' title='bbox 709 3353 757 3397; x_wconf 83' lang='lat' dir='ltr'>nne</span> <span class='ocrx_word' id='word_1_217' title='bbox 779 3334 905 3398; x_wconf 89' lang='lat' dir='ltr'>iieturus</span> <span class='ocrx_word' id='word_1_218' title='bbox 929 3334 1100 3414; x_wconf 90' lang='lat' dir='ltr'>ademptum</span> 
     </span>
     <span class='ocr_line' id='line_1_36' title="bbox 245 3422 927 3505; baseline -0.004 -17"><span class='ocrx_word' id='word_1_219' title='bbox 245 3439 279 3489; x_wconf 87' lang='lat'>80</span> <span class='ocrx_word' id='word_1_220' title='bbox 293 3426 345 3489; x_wconf 92' lang='lat' dir='ltr'>iiie</span> <span class='ocrx_word' id='word_1_221' title='bbox 368 3428 447 3488; x_wconf 86' lang='lat' dir='ltr'>init.</span> <span class='ocrx_word' id='word_1_222' title='bbox 487 3428 575 3488; x_wconf 89' lang='lat' dir='ltr'>matri</span> <span class='ocrx_word' id='word_1_223' title='bbox 597 3427 732 3505; x_wconf 87' lang='lat' dir='ltr'>proxima</span> <span class='ocrx_word' id='word_1_224' title='bbox 754 3425 833 3486; x_wconf 88' lang='lat' dir='ltr'>iusta</span> <span class='ocrx_word' id='word_1_225' title='bbox 855 3422 927 3485; x_wconf 91' lang='lat' dir='ltr'>tuli.</span> 
     </span>
     <span class='ocr_line' id='line_1_37' title="bbox 292 3510 926 3592; baseline -0.003 -18"><span class='ocrx_word' id='word_1_226' title='bbox 292 3514 408 3576; x_wconf 88' lang='lat' dir='ltr'>Felices</span> <span class='ocrx_word' id='word_1_227' title='bbox 430 3514 516 3575; x_wconf 90' lang='lat' dir='ltr'>ambo</span> <span class='ocrx_word' id='word_1_228' title='bbox 540 3515 774 3592; x_wconf 86' lang='lat' dir='ltr'>tempestiveque</span> <span class='ocrx_word' id='word_1_229' title='bbox 798 3510 926 3592; x_wconf 89' lang='lat' dir='ltr'>sepniti,</span> 
     </span>
     <span class='ocr_line' id='line_1_38' title="bbox 294 3596 971 3680; baseline -0.001 -19"><span class='ocrx_word' id='word_1_230' title='bbox 294 3602 369 3661; x_wconf 77' lang='lat' dir='ltr'>Ante</span> <span class='ocrx_word' id='word_1_231' title='bbox 392 3600 470 3661; x_wconf 87' lang='lat' dir='ltr'>diem</span> <span class='ocrx_word' id='word_1_232' title='bbox 492 3618 604 3680; x_wconf 88' lang='lat' dir='ltr'>poenae</span> <span class='ocrx_word' id='word_1_233' title='bbox 629 3600 708 3680; x_wconf 93' lang='lat' dir='ltr'>quod</span> <span class='ocrx_word' id='word_1_234' title='bbox 732 3602 849 3679; x_wconf 86' lang='lat' dir='ltr'>periere</span> <span class='ocrx_word' id='word_1_235' title='bbox 871 3596 971 3660; x_wconf 85' lang='lat' dir='ltr'>meaei</span> 
     </span>
    </p>
   </div>
   <div class='ocr_carea' id='block_1_3' title="bbox 0 0 1238 4042">
    <p class='ocr_par' dir='ltr' id='par_1_3' title="bbox 0 0 1238 4042">
     <span class='ocr_line' id='line_1_39' title="bbox 0 0 1238 4042; baseline 0 0"><span class='ocrx_word' id='word_1_236' title='bbox 0 0 1238 4042; x_wconf 95' lang='lat' dir='ltr'> </span> 
     </span>
    </p>
   </div>
  </div>
 </body>
</html>
