2467 4042
491 240 523 290 V.
542 242 656 292 23-96.
1017 236 1081 302 105

160 404 199 466 Et
222 405 383 484 quonlam,
407 406 459 483 qui
482 404 545 483 sis,
568 402 701 463 nondum
725 400 936 480 quaerentibus
960 401 1032 484 edo,

204 493 295 554 Ibidis
317 495 432 553 interea
454 498 488 552 tu
513 508 631 569 quoque
655 508 763 552 nomen
786 488 885 571 hahe3

159 580 257 660 thue
280 581 339 640 mei
362 596 467 641 versus
490 579 673 657 aliquantum
696 580 792 639 noctis
814 577 983 660 hehehuut,

207 669 256 730 Sic
279 671 356 729 ritae
379 669 473 728 series
496 673 558 728 tota
581 667 621 727 sit
643 674 706 727 atra
729 675 814 728 tuae.

113 769 147 820 aa
161 755 240 818 Haec
264 755 319 818 tihi
342 756 431 817 natali
454 756 560 833 iacito,
582 755 705 833 Ianique
727 753 860 816 kalendis
1039 756 1069 810 (4)

205 844 272 905 Non
294 847 457 906 mentituro
480 841 605 922 quilibet
628 860 680 903 ore
703 841 797 922 legat.

160 933 196 995 lli
210 935 309 994 'maris
334 940 364 993 et
386 939 507 1009 terrae,
531 933 642 1010 quique
665 930 711 992 his
734 930 856 992 meliora
878 932 986 993 tenetis

205 1021 287 1083 luter
309 1020 443 1082 diversos
467 1037 535 1081 cum
558 1019 626 1079 lore
650 1036 741 1098 regna
763 1020 865 1100 polos,

161 1108 250 1192 Huc,
272 1127 381 1189 precor
394 1108 485 1190 ,huc
508 1115 623 1169 vestras
650 1124 753 1168 omnes
781 1108 924 1169 advertite
950 1114 1082 1188 mentes,

113 1211 147 1261 to
205 1196 243 1259 Et
266 1198 354 1259 sinite
377 1198 485 1276 optatis
508 1195 626 1276 pondus
648 1197 746 1257 inesse
770 1198 862 1258 meis:

162 1285 288 1365 ipsaque
310 1293 345 1346 tu
367 1283 491 1364 Tellus,
514 1287 612 1364 ipsum
637 1302 704 1345 cum
727 1282 868 1346 iluctihus
892 1302 1020 1365 aequor,

206 1372 272 1453 lpse
296 1390 377 1433 meas
400 1372 503 1434 aether
525 1374 627 1449 accipe
650 1390 765 1433 summe
787 1390 910 1454 preces3

164 1460 326 1541 Sideraque
350 1468 381 1521 et
403 1460 494 1522 radiis
517 1460 699 1521 circumdata
722 1460 793 1521 solis
816 1463 929 1542 imago,

206 1548 370 1630 Lunaque,
395 1567 469 1628 quae
489 1566 650 1628 numquam
670 1566 729 1627 quo
748 1550 853 1627 prius,
878 1548 950 1609 orhe
973 1550 1082 1631 micas,

115 1650 149 1701 to
162 1637 286 1717 Noxque
310 1636 502 1698 tenebrarum
525 1639 625 1716 specie
647 1636 811 1697 reverenda
833 1645 972 1718 tuarum3

208 1726 350 1804 Quaeque
373 1733 470 1787 ratum
494 1724 603 1805 triplici
627 1723 733 1805 polhce
756 1726 834 1786 netis
857 1743 947 1804 opus,

49 1825 52 1830 '
164 1814 281 1894 Quique
304 1832 359 1894 per
381 1815 513 1875 infernas
537 1813 687 1874 horrendo
710 1831 864 1874 murmure
887 1811 976 1887 ualles

207 1902 410 1982 Inperiuratae
433 1900 541 1962 leheris
565 1904 660 1962 amnis
683 1919 794 1983 aquae,

45 1977 54 1994 ⁸
164 1991 304 2070 Quasque
327 1991 429 2052 icrunt
450 1996 530 2052 torto
553 1991 665 2051 vittatis
688 2007 783 2068 angue
807 1988 919 2069 capillis

114 2092 148 2143 80
208 2078 343 2141 Carceris
366 2077 509 2140 obscuras
532 2085 600 2139 ante
624 2078 729 2139 sedere
752 2078 849 2159 iores3

163 2166 222 2229 Vos
254 2184 396 2248 quoque,
432 2165 518 2247 plebs
549 2184 721 2247 superum,
749 2167 830 2228 launi
862 2167 1012 2246 satyrique
1045 2166 1084 2228 ia·

713 2272 821 2334 resque

209 2342 402 2423 Fluminaque
427 2352 457 2405 et
479 2344 625 2424 nymphae
649 2343 871 2422 semideumque
895 2362 1006 2423 genus:

165 2432 299 2511 lienique
322 2431 359 2493 ah
382 2433 504 2512 antiquo
528 2432 588 2493 diri
610 2439 787 2510 veteresque
810 2433 937 2510 novique

207 2519 242 2580 ln
264 2528 401 2582 nostrum
424 2521 526 2582 cuncti
548 2528 689 2600 tempus,
713 2519 835 2601 adeste,
859 2519 950 2601 chao,

116 2620 150 2671 85
165 2608 303 2670 Carmina
325 2608 395 2669 dum
419 2611 509 2688 capiti
532 2609 607 2669 male
631 2607 689 2670 iido
713 2607 777 2669 dira
799 2616 947 2671 canuntur

208 2695 248 2759 Et
268 2705 415 2778 peragunt
437 2706 537 2777 partes
559 2700 604 2759 ira
627 2696 771 2776 dolorque
794 2715 880 2759 suas.

163 2785 292 2849 Adnuite
315 2787 424 2865 optatis
447 2803 550 2848 omnes
573 2805 609 2847 ex
632 2786 737 2847 ordine
760 2788 889 2866 nostris,
1043 2788 1071 2842 tt)

210 2873 248 2935 Et
270 2892 339 2955 pars
362 2877 402 2936 sit
423 2877 484 2936 voti
506 2874 585 2935 nulla
609 2875 720 2936 caduca
743 2876 819 2938 mei.

165 2962 307 3041 Quaeque
329 2981 438 3042 precor
450 3009 460 3042 ,
482 2963 575 3023 flant:
609 2971 726 3024 utnon
750 2980 815 3023 mea
838 2962 916 3023 diota
928 3007 938 3042 ,
962 2961 1014 3023 sed
1037 2961 1086 3023 illa

117 3061 152 3112 90
210 3049 370 3128 Pasiphaes
393 3052 496 3128 generi
519 3048 608 3110 rerba
632 3051 725 3111 luisse
748 3057 850 3128 putet.

165 3137 304 3216 Quasque
329 3155 382 3216 ego
405 3138 553 3197 transiero
575 3154 709 3216 poenas,
732 3138 861 3215 patiatur
884 3144 915 3198 et
936 3135 1018 3218 illas3

209 3224 330 3286 Plenius
353 3226 472 3304 ingenio
496 3224 536 3286 sit
557 3226 649 3285 miser
671 3223 720 3285 ille
745 3222 827 3285 rneol

164 3313 245 3376 Neve
268 3315 369 3375 minus
391 3320 518 3374 noceant
540 3313 643 3374 lictum
667 3313 834 3374 execrantia
857 3330 965 3374 nomen

209 3400 300 3483 Vota,
321 3403 423 3467 minus
445 3419 567 3480 magnos
591 3407 829 3462 commoveantve
852 3400 942 3463 deos:

116 3504 151 3555 ao
174 3490 261 3553 lllum
284 3508 340 3571 ego
363 3490 514 3571 devoveo,
538 3508 628 3570 mem
650 3506 735 3551 mens
757 3489 923 3572 intellegit,
946 3488 1029 3572 lhin,

209 3578 268 3652 Qui
291 3581 348 3641 scit
371 3596 403 3640 sc
427 3579 512 3641 iactis
534 3577 588 3641 has
611 3580 757 3641 meruisse
780 3595 902 3659 preces.
