2467 4042
444 252 480 303 11.
498 263 557 304 van
573 253 668 303 1-69.
997 246 1060 314 159

91 427 125 477 35
139 416 228 476 Parte
250 413 314 476 leva
336 413 458 475 minima
481 421 598 475 nostras
621 421 653 476 et
674 412 816 475 contrahe
839 431 972 494 poenas,

184 502 309 584 Daque,
332 502 438 582 procul
458 501 595 581 Scythico
620 503 672 580 qui
693 504 733 563 sit
755 500 791 563 ab
813 501 922 583 hoste,
945 501 1061 565 iocum.

140 591 179 654 Et
201 600 252 654 tua
265 639 275 673 ,
298 594 324 653 si
347 591 392 653 ias
415 599 483 669 est,
506 608 523 651 a
545 589 671 651 Caesare
694 591 828 670 proxime
852 589 976 673 Caesar,

185 679 312 741 Numina
335 680 396 741 sint
417 676 557 759 precibus
581 696 642 739 non
663 679 783 740 inimica
805 681 899 741 meis.
945 685 948 692 '

140 768 190 830 Sic
213 769 276 829 iera
299 770 518 846 quamprimum
541 765 647 847 parido
670 765 826 828 Germania
849 767 932 829 vultu

91 869 126 920 40
184 857 260 917 Ante
283 855 494 936 triumphantis
517 872 602 916 serva
625 855 739 916 feratur
762 872 872 934 equos:

140 943 189 1006 Sic
212 952 297 1025 pater
319 948 351 1006 in
374 944 495 1027 Pylios,
518 944 664 1006 Cumaeos
687 950 781 1005 mater
803 946 836 1005 in
857 961 950 1006 annos
1018 955 1063 1008 (⁶³)

129 1093 134 1103 ,
184 1031 310 1114 Vivant,
333 1041 364 1095 et
385 1035 484 1114 possis
507 1032 586 1095 iilius
610 1050 676 1095 esse
700 1030 769 1094 diu.

139 1120 184 1184 Tu
208 1140 328 1203 qunque
340 1169 351 1204 ,
374 1124 553 1185 convenicus
576 1122 691 1202 ingenti
713 1126 806 1201 nupta
828 1122 952 1203 marito,

183 1210 293 1291 Accipe
316 1228 377 1272 non
400 1210 475 1273 dura
498 1210 642 1291 supplicis
664 1228 737 1272 aure
759 1227 884 1289 preces.

90 1308 126 1358 45
141 1298 192 1360 Sic
214 1297 270 1360 tibi
293 1300 338 1359 vir
361 1315 488 1378 sospes,
511 1300 555 1360 sic
578 1301 640 1360 sint
661 1316 730 1360 cum
753 1297 838 1377 prole
861 1307 1004 1379 nepotes,

185 1385 319 1464 Cumque
343 1385 429 1447 bonis
452 1387 579 1447 nuribus
602 1385 682 1465 quod
704 1404 851 1467 peperere
873 1405 986 1449 nurus.

141 1473 192 1540 Sic
215 1490 305 1552 quem
328 1473 392 1534 dira
415 1472 470 1534 tibi
492 1476 592 1553 rapuit
615 1473 772 1536 Germania
794 1474 942 1556 Drusum,

185 1561 259 1622 Pars
281 1561 374 1622 fuerit
396 1569 499 1641 partus
522 1560 585 1624 scia
608 1561 719 1624 caduca
742 1565 806 1626 tui.

142 1648 192 1711 Sic
214 1648 269 1711 tibi
292 1657 407 1712 mature
431 1650 555 1711 fraterni
579 1651 694 1712 iteneris
716 1650 797 1713 ultor

93 1737 821 1819 mmmmmmm

140 1826 269 1889 Adnuite
292 1825 332 1887 c!
364 1826 499 1908 timidis,
521 1829 678 1890 mitissima
701 1830 844 1910 numina,
867 1828 960 1890 rotis.

184 1914 356 1977 Praesentis
378 1915 489 1995 ailquid
512 1918 607 1996 prosit
630 1916 740 1978 habere
763 1916 853 1979 deos.
944 1918 947 1924 '

142 2003 277 2066 Caesaris
300 2003 429 2066 adventu
452 2012 531 2066 tacta
553 2004 699 2084 gladiator
721 2021 810 2067 arena

184 2091 254 2154 Exit
266 2140 276 2173 ,
298 2101 329 2155 et
351 2092 494 2155 auxilinm
517 2111 577 2155 nou
599 2093 665 2155 leve
687 2093 796 2156 vuinus
818 2091 925 2156 habet.

91 2192 125 2243 55
139 2179 200 2243 Nos
223 2197 343 2260 quoque
365 2190 465 2243 vestra
477 2227 487 2263 ,
514 2183 618 2264 iuret,
640 2181 743 2263 quod,
770 2200 829 2262 qua
852 2181 922 2245 licet
934 2230 944 2264 ,
967 2201 1019 2245 ora

690 2272 842 2333 videmus:

185 2357 296 2421 iutrata
319 2367 366 2421 est
389 2359 508 2439 superis
530 2359 610 2437 quod
634 2358 741 2421 domus
764 2376 823 2422 una
846 2358 961 2422 uibus.

140 2444 255 2508 Felices
277 2445 342 2528 iili,
366 2449 419 2528 qui
442 2465 500 2509 ncn
525 2448 705 2530 simulacra,
728 2447 781 2509 eed
803 2450 904 2529 ipsos,

185 2534 302 2615 Quique
326 2535 415 2598 deum
438 2552 539 2598 coram
562 2553 689 2617 corpora
711 2554 781 2598 vera
803 2536 922 2599 vident.

140 2621 226 2696 Quod
250 2624 391 2702 quoniam
413 2623 501 2686 nobis
523 2624 630 2687 invidit
651 2624 757 2688 inutile
780 2627 893 2706 iatum,

91 2723 126 2774 co
184 2711 266 2784 Quos
288 2712 370 2775 dedit
392 2730 442 2775 ars
454 2759 465 2793 ,
487 2711 586 2775 vuitus
609 2714 798 2794 effigiemque
821 2713 905 2778 ccic.

141 2799 190 2862 Sic
214 2801 349 2863 homines
372 2819 482 2863 novere
505 2801 578 2863 deos
590 2849 600 2885 ,
624 2819 700 2882 qucs
722 2803 835 2865 arduus
857 2802 961 2865 aether
1001 2879 1005 2886 q

185 2887 325 2971 Occulit,
347 2898 385 2951 et
401 2889 511 2952 celitur
533 2908 589 2970 pro
612 2891 681 2953 love
704 2893 800 2954 forma
822 2889 917 2953 lovis.

140 2974 298 3057 Denique,
321 2995 397 3057 quae
425 2995 544 3042 mecum
567 2988 614 3042 est
641 2990 672 3042 et
698 2981 758 3042 erit
784 2981 847 3042 sine
875 2980 952 3060 fine,

222 3111 224 3116 .
691 3077 811 3147 cavete,
1019 3079 1064 3132 ‹ce›

185 3153 229 3214 Ne
252 3154 292 3216 sit
314 3154 347 3216 in
369 3155 466 3216 inviso
489 3163 587 3216 vestra
610 3156 705 3235 figura
728 3157 811 3218 lucc.

92 3252 126 3303 65
140 3240 214 3302 Nam
233 3250 329 3323 caput
351 3260 369 3304 c
392 3251 495 3305 nostra
519 3244 608 3305 citius
632 3246 747 3307 cervice
770 3244 909 3327 recedet,

184 3330 223 3393 Et
245 3332 341 3413 patiar
365 3331 454 3394 fossis
477 3331 578 3394 iumen
601 3331 684 3394 abire
707 3335 809 3415 genis,

140 3419 236 3494 Quam
259 3437 377 3483 caream
399 3423 515 3503 raptis,
538 3439 556 3481 o
578 3420 697 3501 publica
719 3419 858 3484 numina!
890 3420 991 3484 vohis.

183 3508 242 3571 Vos
265 3511 350 3572 eritis
373 3519 494 3572 nostrae
517 3519 623 3592 portus
645 3520 677 3573 et
698 3528 750 3573 ara
771 3512 876 3590 fugae.

138 3595 196 3660 Vos
219 3615 274 3679 ego
298 3598 502 3682 complectar,
526 3599 637 3663 Geticis
661 3602 687 3663 si
710 3602 812 3680 cingar
835 3598 872 3661 ab
895 3601 1004 3683 armis,
