2467 4042
344 214 464 278 132
1087 213 1631 274 EPISTULAE.

510 366 778 428 Falleris,
824 366 1081 442 ignorat.
1129 380 1273 437 nec,
1322 365 1375 425 si
1410 366 1575 426 bona
1604 384 1826 442 magna
1858 377 2120 444 putaret,

592 451 761 525 Quae
789 455 980 522 tenet,
1026 456 1280 510 externo
1312 450 1592 511 crederet
1619 451 1721 511 illa
1749 452 1903 511 viro.

506 535 586 597 Ut
612 544 672 595 te
700 550 815 594 nec
843 549 982 594 mea
1010 550 1139 595 vox
1171 549 1287 594 nec
1314 539 1374 593 te
1403 550 1577 594 meus
1610 536 1815 595 incitet
1846 537 2047 598 ardor.

380 630 484 684 310
589 619 874 694 Cogimur
905 618 1102 694 ipsius
1135 618 1567 678 commoditate
1599 620 1747 680 frui:

504 705 629 764 Aut
662 703 890 763 erimus
925 702 1118 776 stulti,
1161 703 1252 762 sic
1283 710 1348 763 ut
1378 719 1739 778 superemus
1776 711 1837 763 et
1867 704 2092 778 ipsum,

595 788 660 848 si
688 794 812 848 tam
843 803 1128 847 securum
1158 793 1402 862 tempus
1432 786 1621 847 abibit
1651 787 1833 847 iners.

507 873 709 933 Paene
741 872 872 932 suis
904 871 984 931 ad
1014 878 1074 930 te
1104 870 1387 932 manibus
1423 872 1673 932 deducit
1700 879 2029 932 amantem=

595 957 775 1019 Utere
804 955 1150 1023 mandantis
1180 955 1565 1030 simplicitate
1596 955 1727 1014 viri.

380 1052 482 1106 315
507 1041 656 1102 Sola
689 1040 858 1101 iaces
891 1040 1077 1100 viduo
1108 1047 1232 1099 tam
1264 1040 1445 1114 longa
1477 1048 1656 1101 nocte
1686 1038 1899 1099 cubili:

600 1126 661 1182 ln
701 1125 884 1186 viduo
915 1123 1090 1184 iaceo
1123 1124 1296 1185 solus
1328 1130 1389 1182 et
1420 1123 1557 1199 ipse
1584 1131 1741 1183 toro.

509 1214 593 1270 Te
629 1210 803 1282 mihi,
849 1223 1072 1282 meque
1099 1207 1206 1268 tibi
1235 1208 1583 1268 communia
1611 1207 1840 1282 gaudia
1868 1208 2153 1282 iungant:

597 1292 926 1354 Candidior
955 1292 1158 1353 medio
1191 1307 1317 1352 nox
1345 1292 1459 1351 erit
1482 1293 1587 1351 illa
1615 1291 1735 1352 die.

509 1382 673 1438 Tunc
705 1394 820 1454 ego
852 1374 1066 1436 iurabo
1098 1376 1354 1450 quaevis
1383 1375 1489 1436 tibi
1528 1376 1802 1449 numina,
1849 1392 2070 1452 meque

385 1474 485 1522 3:211}
597 1462 988 1535 Adstringam
1019 1459 1224 1518 verbis
1258 1460 1318 1519 in
1350 1475 1529 1520 sacra
1558 1460 1689 1520 iura
1717 1459 1858 1520 tuis.

509 1550 673 1606 Tunc
709 1561 856 1618 ego,
903 1546 957 1604 si
988 1560 1108 1604 non
1145 1551 1241 1604 est
1276 1545 1460 1604 fallax
1493 1543 1719 1606 fiducia
1751 1551 1977 1618 nostra,

597 1630 872 1690 Effieiam
900 1644 1234 1706 praesens,
1282 1634 1345 1688 ut
1372 1634 1509 1689 me'a
1542 1644 1731 1704 regna
1763 1637 1959 1703 petas.

517 1718 573 1774 Si
611 1714 794 1790 pudet
824 1719 885 1773 et
913 1713 1162 1785 metuiS,
1211 1728 1291 1773 ne
1319 1729 1417 1772 me
1450 1713 1699 1773 videare
1729 1720 1959 1784 secuta,

597 1802 737 1874 lpse
769 1813 908 1858 reus
937 1798 1072 1858 sine
1100 1806 1161 1857 te
1195 1795 1464 1857 criminis
1495 1797 1676 1857 huius
1708 1812 1839 1856 ero.

389 1898 485 1946 5¹25
517 1886 657 1942 Nam
689 1898 916 1958 sequar
946 1881 1223 1956 Aegidae
1257 1882 1480 1941 factum
1513 1882 1890 1956 fratrumque
1920 1889 2187 1942 tuorum.
2232 1919 2237 1924 -

601 1968 895 2042 Exemplo
923 1965 1089 2041 tangi
1120 1982 1244 2027 non
1274 1964 1599 2041 propriore
1626 1972 1827 2040 potes.

509 2054 589 2110 Te.
629 2051 822 2126 rapuit
849 2051 1157 2124 TheseuS,
1199 2049 1476 2125 geminas
1506 2048 1920 2125 Leucippidas
1950 2049 2062 2108 illi:

597 2138 857 2210 Quartus
887 2136 946 2194 in
980 2132 1283 2209 exemplis
1312 2133 1765 2202 adnumerabor
1794 2149 1930 2209 ego.

513 2222 689 2278 ‘Troia
721 2219 938 2280 classis
973 2218 1181 2291 adest,
1223 2217 1411 2278 armis
1444 2217 1740 2278 instructa
1768 2217 2071 2293 virisque=

389 2318 485 2366 ὣς]
597 2306 717 2362 Iam
753 2303 974 2363 facient
1003 2305 1240 2362 celeres
1272 2317 1477 2362 remus
1512 2307 1574 2362 et
1602 2318 1753 2362 aura
1787 2302 1942 2361 vias.

509 2390 633 2446 ,ΗΑΒ
673 2387 1006 2448 Dardanias
1038 2387 1259 2461 ingens
1293 2386 1505 2462 regina
1532 2401 1646 2462 per
1675 2384 1877 2459 urbeS‚

597 2474 800 2546 Teque
831 2487 1054 2535 novam
1084 2471 1294 2530 credet
1325 2472 1546 2545 vulgus
1577 2469 1806 2530 adesse
1838 2469 2036 2531 deam.

517 2558 765 2630 Quaque.
796 2557 958 2617 feres
988 2571 1273 2631 gressuS,
1320 2553 1655 2616 adolebunt
1689 2554 1968 2615 cinnama
2000 2553 2305 2624 flammae,

601 2646 918 2717 Caesaque
948 2639 1359 2715 sanguineam
1386 2638 1629 2699 victima
1657 2640 1908 2715 planget
1934 2638 2205 2700 humum.

389 2738 489 2786 3:451
517 2730 685 2786 [in-m
721 2732 891 2802 pater
917 2726 1262 2800 fratresque
1292 2730 1355 2784 et
1383 2739 1518 2782 cum
1549 2722 1841 2798 genitrice
1873 2740 2125 2784 sorores

605 2814 944 2885 [liadesque
973 2824 1189 2870 omnes
1219 2815 1470 2884 totaque
1500 2807 1681 2868 Troia
1709 2806 1895 2868 dabit.

517 2898 581 2954 Εἰ
617 2894 788 2969 milii,
833 2911 979 2969 pars
1009 2910 1047 2952 a
1076 2909 1173 2952 me
1203 2892 1305 2951 vix
1337 2892 1555 2953 dicitur
1586 2893 1709 2952 ulla
1742 2892 1941 2953 futuri.

597 2978 774 3038 Plura
802 2978 994 3051 seres,
1044 2994 1227 3053 quam
1260 2992 1418 3052 quae
1452 2977 1650 3037 littera
1678 2984 1889 3038 nostra
1918 2978 2122 3037 refert.
2241 3045 2247 3049 ‚

521 3066 633 3122 Nec
669 3074 729 3122 tu
765 3070 935 3138 rapta
965 3061 1137 3135 time,
1184 3077 1263 3121 ne
1292 3076 1409 3120 nos
1442 3062 1571 3119 fera
1601 3060 1761 3121 bella
1794 3070 2150 3136 sequantur,

385 3162 489 3206 mu
597 3146 867 3207 Concitet
894 3153 954 3206 et
985 3147 1148 3206 vires
1180 3145 1433 3206 Graecia
1466 3161 1689 3220 magna
1721 3162 1889 3206 suas,

517 3234 625 3290 snt
655 3234 821 3306 prins
853 3229 1131 3291 abductis
1164 3246 1366 3304 ecqua
1395 3238 1491 3292 est
1520 3229 1777 3305 repetita
1806 3246 1918 3305 per
1946 3237 2159 3289 arma?

601 3318 790 3374 Crede
821 3315 992 3388 mihi,
1035 3331 1233 3376 vanos
1270 3330 1369 3372 res
1397 3313 1582 3373 habet
1609 3313 1728 3374 ista
1756 3322 1977 3374 metus.

521 3406 577 3458 Ν
569 3402 769 3458 mulne
797 3406 1093 3474 ceperunt
1125 3398 1451 3474 Aquilonls
1484 3398 1853 3458 Erechthida
1881 3398 2171 3470 Thraces,

601 3486 669 3542 Ei
705 3491 824 3542 tuta
853 3500 889 3542 a
917 3483 1078 3542 bello
1108 3482 1376 3542 Bistonis
1414 3499 1519 3542 ora
1555 3483 1679 3542 fuit.
