2467 4042
459 244 490 294 V.
512 246 625 296 18-91.

78 417 112 467 55
127 405 245 484 Excipit
268 403 393 468 Uranie:
430 406 528 467 iecere
552 406 668 467 silentia
692 414 833 487 cunctae,

173 492 211 553 Et
234 511 288 557 vos
312 493 407 556 audiri
431 493 509 555 nulla
532 496 590 556 nisi
611 494 660 555 illa
683 503 797 573 potest.

127 577 246 660 ‘Magna
269 582 327 643 init
349 582 496 661 qnondam
520 583 625 661 capitis
649 584 814 644 reverentia
837 585 920 663 cani,

170 669 264 749 lnqne
288 686 341 731 suo
365 672 462 749 pretio
485 688 558 749 ruga
581 670 684 730 senilis
707 677 787 732 erat.

18 740 21 779 '
125 757 227 819 biantis
250 775 325 837 opus
348 759 471 820 invenes
494 760 684 837 animosaque
707 757 782 819 bella
805 757 964 838 gerebant,

18 832 21 871 '
77 858 112 908 oo
171 844 209 905 Et
231 863 285 925 pro
308 846 354 907 dis
377 846 501 907 aderant
522 848 561 906 in*
578 847 703 906 statione
727 849 806 908 suis:

18 920 21 961 ¹
127 931 245 997 Viribus
268 933 316 997 illa
339 936 437 997 minor
459 952 515 995 nec
538 933 682 995 habendis
706 934 786 995 utilis
810 937 899 995 armis

171 1021 299 1085 Consilio
323 1023 434 1101 patriae
458 1039 546 1100 saepe
570 1021 685 1085 terebat
707 1040 809 1102 opem.

18 1100 22 1185 f
125 1109 187 1170 Nec
211 1112 358 1191 nisipost
380 1128 472 1171 annos
495 1111 592 1189 patuit
614 1118 686 1171 tnnc
710 1113 793 1174 curia
816 1128 916 1192 seros,

18 1190 22 1229 ¹
170 1197 283 1261 Nomen
306 1207 337 1259 et
360 1200 463 1262 aetatis
486 1200 557 1263 mite
580 1206 701 1260 senatus
725 1206 805 1259 erat.

18 1280 22 1321 ¹
77 1297 112 1348 so
126 1285 194 1346 iura
218 1285 304 1346 dabat
327 1287 436 1366 populo
459 1289 582 1366 senior3
605 1287 747 1366 finitaque
771 1289 860 1348 certis

173 1371 301 1451 Legibus
325 1382 371 1437 ast
393 1381 495 1454 aetas,
519 1374 598 1435 unde
620 1381 738 1451 petatur
761 1374 872 1435 bonor.

18 1462 20 1498 ¹
128 1459 165 1520 lit
188 1460 304 1521 medius
327 1462 489 1541 iuvenum,
513 1478 572 1521 non
594 1460 815 1539 indignantibus
838 1463 928 1541 ipsis,

18 1550 21 1589 ¹
171 1547 256 1629 ibat,
277 1555 310 1613 et
331 1550 478 1630 interior,
501 1550 527 1611 si
550 1565 650 1609 comes
672 1566 751 1609 nnus
774 1557 853 1610 erat.

18 1638 21 1677 ¹
127 1635 222 1697 Verba
245 1638 312 1716 quis
335 1637 458 1699 auderet
480 1653 580 1699 corana
603 1654 675 1697 sene
698 1636 783 1715 digna
807 1636 917 1697 rubore

18 1728 21 1767 ¹
79 1736 114 1787 ἰο
172 1723 277 1787 Dicere
290 1770 300 1804 ,
323 1742 478 1787 censuram
502 1724 592 1802 longa
612 1733 731 1785 senecta
754 1723 857 1785 dabat.

18 1818 20 1853 ⁴
128 1812 272 1874 Romulus
295 1812 351 1873 hoc
375 1811 447 1873 vidit
470 1811 638 1891 selectaque
661 1820 782 1891 pectora
804 1819 904 1893 patres

173 1899 272 1965 iiiait:
305 1901 340 1960 ad
364 1900 418 1961 bos
441 1899 529 1965 Urbis
552 1917 666 1963 somma
689 1900 780 1961 relata
803 1918 912 1961 norae.

18 1996 20 2049 l
128 1987 203 2050 ilinc
227 2006 281 2053 sua
303 1990 430 2053 maiores
453 1987 593 2051 tribuisse
617 1988 757 2050 vocabula
780 1987 855 2049 blaio

173 2076 312 2158 Tangor,
336 2083 367 2141 at
389 2078 478 2139 aetati
500 2074 686 2139 consuluisse
710 2093 798 2137 surae.

18 2174 20 2211 i
82 2175 115 2227 ro
129 2164 168 2226 Et
190 2163 326 2227 Numitor
349 2164 458 2228 dixisse
482 2172 581 2243 potest
604 2159 668 2225 “da
681 2211 690 2244 ,
713 2163 859 2243 Romule,
883 2181 1015 2224 mensem

173 2251 259 2314 Hunc
283 2246 451 2333 senibus,''
475 2270 531 2312 nec
554 2256 640 2315 aruni
664 2253 842 2312 sustinuisse
865 2268 974 2332 nepos.

18 2354 19 2385 ³
128 2341 189 2402 Nec
212 2339 275 2400 leve
298 2341 443 2420 propositi
465 2342 573 2420 pignus
596 2357 753 2400 successor
776 2339 897 2400 honoris

172 2428 298 2509 lunius,
321 2445 338 2488 a
361 2429 500 2493 iuvenum
524 2429 644 2489 nomine
667 2426 785 2506 dictus,
809 2422 931 2488 babet.’

129 2517 213 2577 Tunc
237 2518 280 2576 sic
293 2562 302 2597 ,
325 2513 475 2594 neglectos
498 2513 608 2576 hedera
631 2514 766 2577 redimita
790 2513 927 2597 capillos,

81 2616 116 2666 80
174 2604 272 2665 Prima
296 2605 344 2665 sui
365 2605 465 2682 coepit
487 2601 633 2683 Calliopea
655 2603 756 2665 chori:

131 2688 276 2753 ‘Duxerat
299 2690 435 2757 Oceanus
458 2690 605 2769 quondam
629 2690 763 2754 Titanida
786 2689 919 2772 Tethyn,

175 2781 232 2852 Qui
255 2789 365 2845 terrant
388 2779 529 2860 liquidis,
553 2797 610 2858 qua
634 2785 735 2859 patet,
759 2778 851 2840 ambit
873 2781 973 2857 aquis.

131 2868 206 2931 ilinc
230 2876 291 2929 sata
315 2867 434 2933 Pleione
458 2883 526 2933 onnr
550 2867 688 2930 caelifero
711 2867 826 2931 Atlante

173 2955 330 3037 iungitur,
354 2965 388 3020 ut
410 2956 486 3035 lama
508 2964 555 3021 ast
567 3003 576 3038 ,
600 2955 791 3035 Pleiadasque
814 2957 907 3033 parit.

82 3054 116 3103 so
131 3044 262 3114 Quarum
285 3042 359 3113 Maia
383 3062 451 3109 snas
475 3045 568 3109 lorus
592 3062 748 3123 superasse
772 3059 891 3104 sorores

176 3130 337 3210 Traditur,
360 3142 390 3197 et
412 3150 527 3197 summo
551 3131 748 3195 concubuisse
771 3130 849 3192 lovi.

132 3218 210 3279 ilaec
234 3221 318 3282 enixa
341 3221 411 3299 iugo
435 3220 651 3299 cupressiferae
675 3217 827 3299 Cyllenes,

174 3306 347 3369 aetherium
370 3307 482 3373 volucri
506 3310 557 3388 qui
580 3307 655 3387 pede
678 3307 772 3385 carpit
795 3308 869 3368 iter.

131 3394 259 3456 Arcades
283 3394 362 3456 bunc
385 3393 544 3475 ladonqne
568 3412 657 3474 rapas
681 3403 712 3455 et
733 3392 882 3455 Maenalus
904 3394 1008 3472 ingens

82 3497 116 3545 so
175 3483 241 3546 Rite
265 3483 367 3547 uolunt
379 3529 389 3561 ,
410 3482 480 3547 luna
503 3483 615 3547 credita
639 3490 718 3544 terra
741 3483 840 3559 prior.

129 3572 205 3633 Exul
228 3570 265 3632 ab
288 3569 412 3633 Arcadia
434 3569 534 3635 Latios
556 3569 692 3631 Evander
713 3572 745 3630 in
767 3586 854 3649 agros
