2467 4042
446 333 509 395 449
520 369 557 378 -
571 331 643 395 524.

98 487 256 563 Quaeris,
278 486 332 547 ubi
346 485 508 546 invenias?
528 492 628 568 artes,
648 486 674 559 i,
696 486 820 561 perlege
834 490 970 544 nostrast

142 571 247 632 Plena
258 570 430 646 puellarum
446 568 508 629 iarn
520 568 574 630 tibi
590 569 758 629 reviserit.

98 655 200 730 Quod
220 653 322 729 siquid
338 660 504 730 praerepta
518 654 620 713 valent
635 668 717 729 mea,
740 652 843 728 siquid
856 650 970 728 Apollo

33 748 86 801 ⁴90
143 738 234 801 Utile
248 738 392 797 mortales
409 735 558 812 perdocet
571 753 625 797 ore
640 751 718 808 meo,

99 822 259 897 Quamvis
272 821 380 880 inlelix
394 819 495 880 media
508 819 675 881 torreberis
690 821 799 893 Aetna,

144 904 306 980 Frigidior
318 903 418 979 glaeie
432 902 482 963 lae
496 902 623 963 videare
636 910 722 962 tuae=

99 990 141 1049 Et
156 1004 272 1049 sanum
286 988 413 1061 simula,
437 1002 489 1061 ne,
512 986 616 1063 siquid
634 986 711 1047 torte
726 985 854 1060 dolebis,

148 1069 282 1133 Sentiat.
305 1079 336 1131 et
348 1070 431 1145 ride,
452 1085 523 1131 eum
535 1070 589 1131 tibi
603 1068 726 1131 flendus
739 1069 812 1131 eris.

36 1165 87 1218 aab
99 1156 175 1215 Non
191 1170 252 1230 ego
266 1162 297 1215 te
310 1154 402 1213 iubeo
417 1153 534 1214 medias
550 1154 735 1228 abrumpere
748 1168 854 1213 eurasr

147 1239 221 1298 Non
237 1244 310 1299 sunt
325 1235 446 1313 imperii
459 1244 521 1297 tarn
537 1237 603 1297 iera
616 1237 704 1298 iussa
717 1236 787 1296 mei.

101 1323 203 1398 Quod
215 1338 278 1382 non
292 1337 343 1394 es,
364 1321 490 1395 simula,
514 1321 697 1396 positosque
713 1319 830 1381 imitare
843 1321 978 1381 inroras:

151 1405 208 1467 Sie
223 1405 321 1466 facies
335 1420 426 1478 vere,
447 1405 531 1479 quod
545 1405 708 1466 meditatus
723 1404 794 1465 eris.

105 1489 217 1565 Saepe
230 1504 307 1565 ego,
331 1504 371 1548 ne
383 1487 534 1562 biberem
552 1489 635 1550 volui
651 1489 784 1549 domare
797 1487 909 1547 viderit

38 1585 91 1636 ooo
147 1574 231 1634 Dum
245 1571 370 1646 videor,
392 1586 501 1631 somno
516 1572 631 1632 lumina
642 1572 725 1632 vieta
738 1572 820 1632 dedi

104 1658 281 1732 Deceptum
292 1653 362 1729 risi,
382 1653 436 1730 qui
451 1670 487 1715 ae
505 1656 667 1717 similabat
681 1671 794 1729 amne,

150 1739 190 1800 In
204 1741 335 1815 laqueos
350 1753 466 1814 auoepa
486 1737 704 1813 decideratque
721 1753 806 1800 suos.

105 1825 205 1884 Intrat
219 1838 308 1884 amor
322 1827 440 1882 mentes
455 1838 522 1882 usu.
546 1821 714 1883 dediscitur
727 1838 796 1884 usu.

152 1907 212 1981 Qui
228 1906 338 1982 poterit
355 1921 464 1966 sanum
480 1906 611 1981 lingere,
634 1922 729 1966 sanus
744 1906 810 1966 erit.

44 1990 246 2063 sosoixerit,
268 1996 304 2050 ut
315 1988 422 2050 venias
438 1995 529 2064 pasta
544 1988 596 2050 tibi
610 1996 711 2050 noete.
733 1990 846 2051 venito.

152 2073 304 2147 Veneris,
326 2080 358 2132 et
371 2072 461 2133 luerit
474 2072 566 2133 ianua
580 2073 696 2134 clausa.
717 2075 809 2134 terea.

110 2159 176 2218 Neo
191 2157 243 2217 dio
256 2155 435 2227 blanditias,
459 2172 518 2217 nee
531 2157 580 2216 lae
594 2155 736 2217 convicia
750 2156 841 2233 posti,

150 2240 216 2300 Nee
230 2240 310 2301 latus
323 2240 356 2299 in
370 2241 448 2300 duro
462 2240 566 2301 limine
580 2256 663 2317 pone
676 2248 770 2301 tuum.

107 2326 240 2385 Postera
252 2325 307 2385 lux
319 2323 431 2397 aderit,
454 2331 581 2384 careant
594 2330 648 2385 tua
661 2323 756 2386 verba
773 2323 926 2400 querellis,

46 2419 97 2472 olo
149 2407 189 2467 Et
202 2407 286 2468 nulla
299 2406 330 2466 in
346 2407 429 2467 vultu
444 2405 534 2482 signa
549 2407 680 2470 dolentis
694 2408 785 2468 habe.

109 2493 175 2553 lam
191 2497 286 2566 ponet
298 2491 413 2563 tauns,
434 2506 504 2550 eum
518 2496 548 2551 te
563 2491 708 2566 languere
724 2491 851 2552 videbit=

154 2575 222 2635 Hor
237 2574 329 2635 etiam
342 2580 447 2634 nostra
463 2590 574 2636 munus
588 2574 628 2635 ab
643 2582 707 2636 arte
723 2577 813 2636 iares.

108 2660 153 2719 Te
169 2673 296 2735 quoque
310 2658 382 2720 talla
395 2665 511 2733 umen,
535 2673 592 2718 neo
607 2659 647 2719 sit
658 2658 713 2719 tibi
728 2658 798 2720 linis
812 2658 935 2721 arnandi

152 2741 346 2817 Propositus.
369 2741 464 2803 irenis
479 2757 576 2818 saepe
589 2750 741 2818 repugnat
755 2759 863 2819 equus.

49 2839 97 2890 315
108 2826 230 2888 Utilitas
246 2827 354 2900 lateat,
375 2826 460 2900 quod
474 2842 535 2887 non
551 2827 749 2902 profitebere,
772 2827 838 2889 fletr

154 2909 239 2985 Quae
256 2908 346 2969 nimis
360 2917 510 2985 apparent
525 2911 617 2984 retia,
638 2910 713 2972 vitat
726 2913 805 2972 avis.

109 2993 154 3053 Ne
170 2992 299 3054 libitam
313 2993 448 3069 plasea,
471 3010 551 3071 quae
565 3001 596 3054 te
611 3002 806 3056 contemnere
825 2995 933 3071 possit,

153 3076 248 3138 Sume
263 3077 429 3151 animos,..
449 3078 559 3139 animis
574 3078 665 3140 oedat
678 3086 711 3139 ut
724 3078 775 3140 illa
787 3079 856 3142 tuis.

110 3160 206 3222 lanua
218 3162 299 3224 torte
314 3167 419 3237 patetr
439 3162 579 3236 quamvis
597 3163 798 3238 revocabere,
820 3165 926 3224 transi.

47 3255 97 3307 oio
150 3244 207 3305 Est
221 3246 294 3306 data
308 3251 393 3306 noxi
413 3244 519 3306 dubita
533 3252 624 3307 noete
638 3248 743 3307 venire
758 3247 839 3308 data.

109 3328 208 3390 Posse
224 3329 289 3405 pati
303 3329 392 3390 laoile
406 3337 468 3403 est,
490 3328 557 3405 nbi,
578 3331 609 3390 ni
625 3328 776 3406 sapientia
791 3332 878 3403 desit,

152 3412 296 3476 Protinus
311 3428 351 3473 ex
365 3413 447 3474 laeiti
460 3414 575 3496 gaudia
590 3414 670 3474 terre
685 3415 763 3475 lieet

111 3496 148 3559 tlt
162 3497 327 3574 quisquam
342 3504 507 3573 praecepta
521 3504 625 3573 potest
637 3514 705 3559 mea
718 3498 797 3560 dura
811 3504 944 3559 voearet

152 3581 214 3654 lin,
238 3581 330 3643 etiam
345 3588 448 3657 partes
463 3582 653 3643 conciliantis
669 3597 738 3657 ago.
831 3668 886 3728 w
