2467 4042
176 285 238 350 2114
560 280 728 342 REMED.
750 281 825 340 ΑΜ.

197 447 246 501 115
258 437 415 512 Languor,
436 441 467 495 et
480 432 625 494 inmodici
642 430 699 491 sub
713 432 797 494 nullo
811 431 933 493 vindice
946 431 1059 505 sonuli,

300 522 454 596 Aleaque,
475 525 507 577 ct
519 518 612 577 multo
626 522 766 590 ternpore
780 532 897 591 quassa
910 529 994 576 mero

258 604 396 680 Eripiunt
409 616 515 662 omnes
530 601 632 661 animo
647 598 715 659 sine
729 601 855 661 vulnere
869 614 991 659 nervos.

300 685 419 748 Adfluit
432 685 560 745 incautis
575 682 744 743 insidiosus
760 687 866 744 Amor.

259 771 416 832 Desidiam
432 783 509 843 puer
524 769 575 827 iile
588 766 678 841 sequi
693 766 781 827 solet.
805 766 871 827 odit
883 772 1020 841 agentes.

196 866 247 919 155
299 854 346 914 Da
364 867 480 913 vacuae
496 852 604 924 menti,
628 865 690 925 quo
705 856 857 923 15555155,
880 865 972 924 opus.

260 938 337 999 Sunt
350 938 426 997 lora.
448 941 519 995 sunt
531 935 626 1009 leges.
649 940 735 1007 sunt,
755 949 834 1008 quos
849 931 978 1005 tuearis,
1000 931 1119 992 amicis

300 1021 390 1081 Vade
404 1034 460 1096 per
472 1018 608 1079 urbanae
624 1016 789 1091 splendida
802 1023 904 1077 castra
918 1023 1019 1090 togae.

257 1106 317 1166 Vel
330 1112 363 1165 tu
377 1103 535 1178 sanguinei
549 1101 703 1161 iuvenalia
721 1115 846 1160 munera
859 1099 963 1159 Martis

301 1188 443 1262 Suscipe.
465 1185 593 1246 deliciae
607 1184 667 1243 iam
681 1183 735 1245 tibi
749 1191 834 1259 terga
849 1184 973 1244 dabunt.

196 1282 246 1335 155
256 1272 352 1343 Ecce,
374 1271 467 1345 lngax
481 1268 622 1341 Parthus,
643 1267 744 1343 magni
758 1283 841 1327 nova
854 1280 948 1327 55555
963 1263 1130 1341 triumphi,

301 1356 363 1414 lam
378 1351 503 1413 videtin
519 1351 637 1427 eampis
653 1351 795 1411 Caesaris
809 1366 894 1410 arma
907 1350 984 1410 suis.

257 1438 356 1500 istuce
370 1436 556 1512 Cupidineas
571 1435 684 1510 pariter
695 1434 884 1509 Parthasque
898 1434 1035 1509 sagittas,

299 1522 338 1581 Et
350 1521 430 1582 reler
444 1519 483 1580 ud
498 1519 614 1595 patrios
629 1517 702 1578 5155
714 1526 843 1593 tropaea
857 1517 945 1578 deos.
966 1590 974 1597 ι

258 1606 298 1667 Ut
311 1605 406 1665 semel
421 1603 531 1663 Aetola
545 1603 652 1662 Venus
667 1609 748 1662 esta
763 1601 892 1676 cuspide
906 1602 1002 1672 laesa,

198 1698 247 1753 155
297 1689 422 1749 Mandat
436 1686 562 1747 amatori
576 1684 659 1745 bella
672 1685 808 1759 gerenda
824 1699 892 1744 555.

259 1772 423 1848 Quaeritis,
444 1768 611 1843 Aegisthus
627 1784 722 1842 quare
737 1770 779 1829 sit
794 1769 891 1829 155155
908 1767 1048 1828 adulteri

300 1857 335 1916 ln
351 1859 494 1931 promptu
509 1867 605 1912 causa
619 1857 675 1911 551.
697 1852 875 1912 (1551515555
892 1858 965 1912 erat

257 1939 435 2015 Pugnabant
451 1936 501 1996 alii
518 1936 613 1996 tardis
632 1936 715 2011 apud
730 1936 806 1996 llion
821 1935 928 1995 armis=

299 2022 507 2083 Transtulerat
520 2020 601 2079 vires
617 2019 746 2079 Graecia
760 2025 824 2080 1515
838 2035 921 2080 suas.

198 2117 246 2171 155
258 2106 331 2167 Sive
345 2121 471 2182 operam
488 2103 577 2164 bellis
593 2103 685 2163 vellet
699 2103 788 2176 dare,
808 2104 891 2163 nulla
904 2101 1045 2178 gerebat:

196 2209 201 2223 “
301 2189 374 2250 Sive
389 2189 470 2261 loro,
493 2202 624 2247 vacuum
638 2186 741 2247 1111555
754 2189 857 2261 Argos
873 2193 946 2246 5551.

259 2273 347 2348 Quod
364 2271 473 2348 potuit,
497 2286 536 2331 ne
550 2270 593 2330 nil
607 2271 668 2329 illic
683 2277 838 2345 ageretur,
861 2269 980 2330 amavit.

301 2357 352 2417 Sic
367 2355 451 2416 venit
464 2356 515 2415 ille
530 2369 620 2430 puer,
643 2352 689 2414 sic
705 2369 780 2429 puer
794 2354 845 2414 1115
860 2361 969 2413 manet.

259 2442 342 2502 Rura
356 2455 480 2515 quoque
495 2438 647 2499 oblectant
661 2439 779 2498 animos
794 2437 991 2512 studiumque
1006 2436 1150 2498 colendi.

196 2531 246 2588 llo
299 2522 458 2598 Quaelibet
471 2521 542 2582 huic
557 2537 650 2582 curae
665 2522 777 2582 cedere
791 2538 864 2591 cura
879 2528 990 2598 potest

259 2608 343 2669 colla
357 2608 427 2668 1555
442 2606 574 2667 domitos
591 2605 676 2665 oncri
691 2605 866 2681 subponere
881 2611 994 2679 tauros,

301 2690 423 2751 Sauciet
437 2698 470 2751 51
483 2690 589 2750 duram
602 2703 710 2749 vomer
723 2689 862 2751 aduncus
876 2688 1014 2750 humum=

259 2773 360 2835 Obrue
375 2780 496 2834 versatu
511 2773 638 2835 Cerialia
652 2772 770 2833 semina
785 2780 873 2845 terra,

301 2857 386 2932 Quae
399 2858 452 2917 1151
470 2873 538 2918 cum
553 2857 645 2916 multo
661 2856 786 2917 faenore
799 2856 910 2917 reddat
923 2871 1005 2930 ager.

197 2948 245 3006 175
256 2942 372 3018 Aspice
386 2949 529 3002 curvatos
544 2955 704 3015 pomorum
720 2941 858 3016 pondere
872 2954 985 3013 ramos,

299 3024 340 3086 Ut
353 3040 423 3096 sua,
444 3025 527 3099 quod
543 3024 673 3099 peperit,
697 3024 749 3083 vix
763 3025 840 3084 15551
853 3022 945 3084 55555
958 3039 1051 3084 5555.

258 3108 374 3185 Aspice
388 3107 674 3175 labentesiucundo
690 3124 843 3168 murmure
857 3107 957 3167 rivos:

300 3191 416 3268 Aspice
429 3192 591 3253 tondentes
609 3190 706 3251 lertile
720 3206 844 3267 gramen
860 3206 948 3251 oves.

258 3276 353 3349 Ecce,
377 3283 481 3352 petunt
493 3291 587 3351 rupes
603 3282 829 3352 praeruptaque
843 3290 920 3335 saxa
934 3273 1083 3350 capellae,

197 3369 247 3422 155
299 3359 362 3419 lam
377 3361 508 3420 celerent
521 3358 629 3419 haedis
643 3356 739 3419 ubera
752 3361 844 3435 plena
858 3359 933 3419 suis.

259 3442 368 3504 Pastor
381 3442 534 3519 inaequali
549 3442 723 3503 modulatur
736 3441 885 3503 arundine
900 3456 1031 3513 carmen,

300 3526 363 3585 Nec
378 3526 489 3587 desunt
503 3526 644 3598 comites,
666 3526 775 3587 sedula
787 3525 892 3600 turba,
912 3540 1015 3585 canes.
