2467 4042
346 232 428 295 42
1162 233 1576 299 AMORUM

601 386 807 460 Dicat,
856 392 917 446 et
943 387 1201 448 Aeoliae
1230 387 1451 448 Lesbis
1487 387 1685 447 amica
1711 390 1902 466 lyrae.

524 469 712 543 Quam
746 470 864 530 cito
898 470 977 530 de
1004 476 1131 532 toto
1162 471 1343 532 rediit
1371 487 1543 531 meus
1577 472 1726 532 orbe
1754 472 2050 549 Sabinus,

605 552 977 630 Scriptaque
1008 555 1272 615 diversis
1302 555 1526 616 rettulit
1553 555 1654 615 ille
1683 557 1870 618 locis!

519 636 794 698 Candida
819 638 1131 715 Penelope
1162 640 1405 715 signum
1437 640 1727 714 cognovit
1753 641 1978 702 Ulixis=

433 730 502 784 30
606 722 779 797 Legit
808 722 884 782 ab
914 723 1254 802 Hippolyto
1287 725 1517 799 scripta
1545 739 1815 785 noverca
1844 742 1990 787 suo:

517 807 642 865 lam
675 806 812 881 pius
840 808 1087 867 Aeneas
1115 808 1381 868 miserae
1407 809 1727 884 rescripsit
1752 809 2026 870 Elissae:

602 889 905 965 Quodque
932 893 1094 966 legat
1119 891 1388 970 Phyllis,
1435 891 1488 952 si
1519 891 1706 952 modo
1737 893 1916 968 vivit,
1961 894 2144 955 adest
2162 918 2178 947 ε

515 973 728 1034 Tristis
759 973 841 1035 ad
869 975 1265 1053 Hypsipylen
1294 975 1371 1035 ab
1400 977 1624 1036 Iasone
1652 976 1850 1038 littera
1877 979 2059 1039 venit.

607 1058 723 1118 Det
750 1066 955 1120 votam
984 1059 1234 1121 Phoebo
1264 1059 1487 1120 Lesbis
1521 1067 1722 1122 amata
1750 1062 1966 1140 lyram.

431 1149 498 1203 35
518 1142 644 1202 Nec
673 1142 811 1216 tibi,
861 1160 983 1217 qua
1019 1150 1211 1206 tutum
1241 1144 1396 1217 vati,
1443 1143 1680 1220 Macer,
1726 1161 1892 1205 arma
1923 1148 2170 1207 canenti

599 1227 847 1289 Aureus
877 1227 938 1286 in
971 1228 1174 1288 medio
1205 1235 1397 1288 marte
1424 1234 1657 1288 tacetur
1683 1230 1895 1290 Amor.

515 1310 590 1371 Et
618 1309 788 1370 Paris
820 1318 915 1371 est
942 1310 1065 1372 illic
1096 1318 1156 1372 et
1184 1312 1491 1388 adultera,
1539 1312 1746 1373 nobile
1775 1314 2030 1387 crimen,

603 1393 680 1454 Et
710 1409 920 1456 comes
958 1395 1226 1458 extincto
1255 1395 1592 1458 Laodamia
1625 1397 1784 1457 vir0.

520 1476 584 1538 Si
614 1478 774 1538 bene
801 1485 863 1540 te
892 1480 1069 1555 novi,
1115 1498 1240 1542 non
1270 1481 1431 1542 bella
1460 1480 1743 1542 libentius
1775 1481 1909 1542 istis

431 1569 500 1623 40
606 1562 805 1636 Dicis,
853 1571 913 1624 et
940 1580 978 1624 a
1008 1566 1235 1626 vestris
1265 1565 1324 1625 in
1357 1581 1492 1626 mea
1522 1571 1726 1626 castra
1758 1566 1954 1626 venis.

360 1691 460 1788 19
525 1690 601 1788 Si
635 1729 741 1790 tibi
776 1746 901 1791 non
933 1746 1092 1807 opus
1124 1737 1219 1791 est
1247 1738 1522 1807 servata,
1564 1733 1775 1807 stulte,
1821 1733 2059 1809 puella,

598 1814 682 1875 At
714 1814 860 1875 mihi
890 1815 989 1876 fac
1019 1831 1232 1876 serves
1251 1861 1266 1889 ,
1312 1830 1434 1891 quo
1465 1817 1661 1892 magis
1696 1818 1833 1892 ipse
1862 1817 2061 1877 velim.

517 1897 694 1972 Quod
722 1898 892 1976 licet,
937 1900 1242 1976 ingratum
1270 1907 1383 1961 est.
1452 1901 1621 1976 quod
1650 1902 1974 1976 nonlicet,
2022 1901 2246 1966 acrius
2277 1905 2413 1966 urit

600 1982 863 2045 Ferreus
898 1991 1021 2058 est,
1068 1984 1264 2060 siquis
1296 1984 1466 2061 quod
1496 1985 1639 2044 sinit
1666 1986 1847 2060 alter,
1893 1992 2072 2046 amat.

459 2077 491 2127 5
517 2064 854 2142 Speremus
884 2069 1139 2145 pariter,
1188 2068 1415 2145 pariter
1440 2075 1781 2129 metuamus
1811 2076 2115 2144 amanteS,

600 2151 677 2212 Et
706 2152 888 2213 faciat
921 2159 1064 2213 voto
1093 2169 1233 2212 rara
1263 2155 1517 2229 repulsa
1543 2153 1770 2214 locum.

524 2236 652 2304 [lun
684 2235 830 2296 mihi
861 2236 1195 2309 fortunam,
1247 2252 1408 2312 quae
1440 2253 1770 2312 numquam
1802 2236 2012 2296 fallere
2041 2247 2272 2299 curet?

604 2320 691 2380 Nil
721 2336 836 2396 ego
872 2321 1040 2396 quod
1070 2321 1237 2382 nullo
1269 2327 1544 2397 tempore
1577 2321 1808 2394 laedat,
1849 2329 2008 2381 amo.

524 2404 774 2466 viderat
800 2404 921 2466 hoc
949 2406 1011 2466 in
1041 2421 1138 2465 me
1166 2404 1379 2466 vitium
1406 2412 1654 2466 versuta
1685 2404 1978 2466 Corinna=

444 2500 500 2546 11]
612 2488 865 2564 Quaque
895 2489 1032 2566 capi
1067 2505 1353 2566 possem,
1395 2489 1616 2549 callida
1645 2495 1822 2549 norat
1852 2503 2052 2562 opem.

524 2572 600 2628 A!
656 2573 939 2648 quotiens
972 2574 1105 2633 sani
1138 2573 1357 2649 capitis
1388 2575 1640 2633 mentita
1669 2573 1917 2633 dolores

604 2656 995 2719 Cunctantem
1022 2657 1197 2717 tardo
1228 2658 1409 2718 iussit
1437 2657 1607 2717 abire
1634 2657 1828 2733 pede!

524 2744 604 2796 Al
656 2741 936 2814 quotiens
966 2741 1141 2802 finxit
1173 2742 1444 2818 culpam,
1491 2748 1904 2817 quantumque
1933 2739 2157 2799 licebat

600 2824 860 2900 Insonti,
904 2826 1177 2900 speciem
1208 2825 1491 2900 praebuit
1519 2841 1662 2886 esse
1692 2831 1954 2885 nocens!

444 2916 500 2964 15
528 2908 628 2968 Sic
660 2906 759 2967 ubi
788 2916 1072 2985 vexarat,
1114 2909 1486 2985 tepidosque
1513 2910 1820 2969 refoverat
1848 2907 2038 2983 igniS,

604 2992 837 3054 Rursus
869 3000 999 3053 erat
1027 2993 1186 3054 votis
1220 2993 1412 3053 comis
1443 3000 1503 3053 et
1531 2998 1675 3067 apta
1706 2993 1878 3052 meis.

520 3076 679 3148 linas
708 3077 853 3137 mihi
883 3077 1236 3153 blanditias,
1286 3092 1468 3152 quam
1498 3076 1703 3137 dulcia
1734 3076 1922 3137 verba
1953 3074 2245 3151 parabat!

604 3160 856 3237 Oscula,
902 3162 964 3222 di
993 3161 1227 3236 magni,
1274 3160 1478 3236 qualia
1508 3167 1780 3237 quotque
1812 3160 2025 3221 dabat·

516 3248 600 3301 Tu
636 3260 916 3321 quoque,
964 3261 1125 3321 quae
1154 3251 1404 3306 nostros
1433 3244 1691 3321 rapuisti
1725 3261 1926 3322 nuper
1955 3244 2222 3318 ocellos,

432 3336 496 3384 an
608 3328 809 3405 Saepe
837 3330 981 3390 time
1009 3329 1298 3403 insidiaS,
1343 3344 1534 3405 saepe
1561 3336 1780 3404 rogata
1808 3345 1997 3404 nega,

516 3412 588 3472 El.
616 3412 750 3472 sine
779 3429 877 3473 me
908 3419 1047 3474 ante
1077 3421 1215 3475 tuos
1251 3414 1588 3488 proiectum
1621 3413 1681 3473 in
1713 3414 1919 3474 limine
1953 3411 2150 3488 postis

600 3492 808 3571 ‘Longa
837 3499 1133 3574 pruinosa
1162 3499 1390 3573 frigora
1417 3503 1599 3558 nocte
1628 3497 1776 3573 pati.
