2467 4042
545 434 591 507 Π.

156 576 209 639 llle
232 575 338 639 demus
361 583 476 638 restrae
499 577 604 656 primis
627 582 785 636 venerator
808 574 844 637 ab
868 575 971 656 annis,

202 665 311 727 Pulsus
334 664 370 726 ad
394 663 504 726 Euxini
526 662 604 725 Naso
628 664 749 725 sinistra
772 662 858 744 freti,

158 752 248 815 Mittit
270 752 317 814 ab.
330 752 483 814 indomitis
505 751 605 834 hanc,
627 750 806 832 Messallae,
830 751 973 832 salutem,

70 841 71 844 ’
205 841 300 913 Quam
324 842 430 902 solitus
452 857 595 921 praesens
618 848 665 902 est
687 839 741 900 tibi
763 840 860 922 lerre,
883 838 982 902 Getis.

132 928 199 992 elii
221 929 316 992 mihil
353 928 424 1009 quid
448 927 526 990 lecte
548 926 649 989 vultus
672 926 727 989 tibi
749 929 869 988 nemine
892 941 953 989 nen
975 935 1022 989 est

203 1018 261 1090 Qui
283 1019 362 1097 luit,
385 1025 418 1078 et
440 1014 557 1078 dubitas
581 1024 681 1078 cetera
703 1009 886 1095 perlegere?

156 1106 302 1188 Perlege,
325 1123 381 1167 nec
405 1122 523 1167 mecum
546 1106 659 1184 pariter
681 1113 747 1165 mea
770 1102 860 1180 verba
883 1103 999 1185 relega:

170 1247 175 1256 .
200 1194 281 1256 Urbe
304 1195 376 1256 licet
397 1202 496 1255 vestra
519 1192 656 1254 rensibus
679 1210 745 1253 esse
768 1194 860 1254 meis.

157 1282 223 1344 Non
246 1301 301 1362 ego
325 1284 471 1362 concepi,
495 1283 521 1342 si
543 1279 647 1342 Pelion
669 1279 744 1341 Ossa
766 1281 902 1362 tulisset,

112 1382 145 1432 10
204 1369 288 1432 Clara
310 1388 376 1431 mea
398 1372 478 1449 tangi
501 1368 600 1430 sidera
622 1386 710 1449 posse
733 1386 841 1450 manu3

156 1456 219 1519 Nec
242 1476 297 1519 nos
320 1457 461 1519 Enceladi
484 1457 634 1519 dementia
656 1465 754 1518 caetra
776 1459 872 1520 secuti

201 1542 235 1606 ln
259 1563 362 1607 rerum
385 1546 520 1607 domines
543 1548 689 1608 mouimus
713 1563 793 1608 arun
816 1544 907 1608 dece:

156 1633 240 1715 Nec,
263 1635 343 1714 qued
366 1633 496 1715 Tydidae
519 1636 677 1695 temerarla
700 1633 822 1696 dextera
844 1634 934 1713 iecit,

202 1722 330 1784 Numina
353 1731 425 1785 sunt
447 1722 514 1783 telis
536 1721 594 1784 ulla
619 1724 712 1801 petita
734 1724 826 1784 meis.
888 1777 890 1782 ,

110 1822 144 1872 te
157 1808 212 1872 Est
233 1829 300 1872 mea
323 1810 410 1891 culpa
432 1812 531 1890 gravis
543 1857 553 1890 ‚
581 1809 634 1872 sed
658 1828 734 1891 quae
763 1829 812 1873 me
834 1809 961 1891 perdere
985 1808 1080 1872 solum

201 1899 281 1961 Ausa
304 1901 344 1962 sit
356 1948 366 1981 ‚
389 1906 420 1960 et
442 1899 557 1961 nullum
579 1900 675 1961 maius
699 1898 802 1961 adorta
824 1899 925 1961 nefas.

111 2039 115 2048 .
156 1986 204 2049 Nil
227 1990 286 2049 nisi
308 2006 369 2049 nen
392 1989 511 2067 sapiens
532 2004 657 2067 possum
678 1987 861 2068 timidusque
883 1988 1000 2049 vecari:

201 2075 281 2138 Haec
304 2076 364 2138 due
387 2085 458 2137 sunt
480 2077 571 2137 animi
593 2077 713 2137 nemina
735 2094 805 2138 vera
828 2078 904 2138 mei.

157 2163 231 2226 Esse
254 2164 375 2244 quidem
397 2164 493 2225 latenr
515 2166 652 2226 meritam
675 2172 744 2243 poet
766 2162 901 2226 Caesarie
923 2166 999 2228 iram
1035 2177 1079 2228 (³⁹)

108 2263 143 2314 20
201 2252 356 2313 ltiliicilem
378 2248 520 2333 precibus
542 2260 572 2314 te
595 2269 715 2332 quoque
737 2254 804 2315 iure
826 2255 923 2334 meie;

157 2340 299 2420 Quaeque
322 2350 373 2403 tua
395 2350 444 2402 eet
465 2342 561 2421 pietas
583 2343 615 2402 in
638 2349 735 2403 tetum
755 2358 867 2404 nornen
889 2340 965 2424 luti,

200 2428 243 2489 'le
266 2427 365 2509 laedi,
388 2447 457 2491 cum
480 2430 549 2508 quis
570 2429 699 2491 laeditur
721 2429 814 2510 inde,
836 2437 941 2511 putee.

157 2516 215 2577 Sed
238 2516 309 2578 licet
331 2534 411 2578 arma
435 2517 514 2579 laras
538 2525 568 2579 et
589 2516 713 2580 vulnera
736 2535 823 2580 saera
844 2520 986 2600 mineris,

200 2604 266 2666 Non
288 2612 388 2667 tamen
411 2605 524 2667 elficiee
536 2653 546 2687 ,
573 2614 607 2668 ut
629 2608 753 2668 timeare
775 2606 866 2669 mihi.

108 2704 142 2755 25
156 2692 268 2774 Puppis
290 2692 530 2756 Achaemeniden
554 2693 675 2778 Graium
698 2694 826 2758 Troiana
848 2699 981 2778 recepit:

201 2783 321 2844 Proluit
343 2791 374 2845 et
395 2783 478 2863 llyeo
501 2782 598 2845 Peliae
620 2784 705 2847 lraeta
727 2784 813 2847 duci.

156 2870 296 2950 Cenlugit
318 2871 470 2934 interdum
492 2872 596 2952 templi
617 2872 742 2935 violatur
765 2874 802 2936 ad
825 2890 923 2956 aram,

199 2958 262 3020 Nec
283 2968 387 3040 petere
410 2960 517 3021 offensi
540 2961 671 3023 numinis
694 2961 798 3023 horret
820 2979 929 3042 opem.

155 3043 271 3107 Dixerit
292 3047 350 3108 hoc
374 3046 482 3126 aliquis
503 3054 603 3109 tutum
626 3066 687 3110 nen
707 3043 799 3110 eece.
835 3049 980 3111 latemur.

107 3145 142 3196 30
201 3133 260 3194 Sed
284 3152 344 3195 nen
366 3151 422 3214 per
444 3133 574 3213 placidas
596 3137 708 3197 iturea
731 3136 839 3215 puppis
863 3153 972 3217 aquas.

155 3221 231 3283 'luta
253 3229 357 3301 petant
380 3220 452 3282 alii.
491 3222 611 3283 fortuna
634 3225 803 3284 miserrima
827 3232 890 3287 tuta
913 3232 960 3288 eet

106 3322 141 3372 32
200 3308 274 3371 Nam
296 3312 387 3372 timer
409 3316 535 3372 crentur
557 3308 717 3374 deterioris
739 3310 842 3375 abest.
1058 3307 1061 3314 ’

106 3410 141 3460 35
155 3398 214 3469 Qui
236 3400 352 3479 rapitur

198 3486 329 3568 Porrigit
351 3489 452 3568 spinae
474 3488 625 3569 duraquae
649 3507 718 3552 sara

155 3574 410 3658 [decipitremque
434 3578 543 3640 timens
565 3581 673 3661 pennis
696 3576 914 3658 trepidantibus
937 3580 998 3644 ales

118 3684 201 3730 ovm.
227 3686 273 3729 m
402 3713 403 3716 =
884 3686 918 3736 10
