2467 4042
341 259 460 326 [84
1008 256 1285 317 ARTIS
1327 257 1604 318 AMAT.

502 413 582 472 At
613 426 747 471 eum
778 409 1058 470 discedet
1084 425 1299 470 mensa
1329 412 1591 470 conviva
1620 419 1871 486 remota,

588 496 730 570 lpsa
757 494 863 554 tibi
893 508 1187 554 accessus
1217 493 1396 555 turba
1423 496 1751 571 locumque
1779 495 1967 558 dabit.

382 589 482 642 505
504 579 715 639 Insere
743 585 802 639 te
831 577 1075 652 turbae,
1121 578 1457 653 leviterque
1490 579 1774 640 admotus
1803 581 1966 640 eunti

589 663 764 723 Velle
792 663 950 724 latus
982 662 1217 737 digitis,
1263 668 1323 722 et
1352 663 1512 737 pede
1539 670 1721 738 tange
1751 665 1996 739 pedem.

506 745 824 822 Conloquii
858 746 978 806 iam
1007 753 1250 822 tempus
1279 746 1475 807 adest.
1518 748 1660 822 fuge
1689 749 1918 809 rustice
1946 750 2132 824 longe

586 830 741 891 Hine
768 832 989 906 pudor.
1037 830 1362 892 audentem
1391 830 1667 906 Forsque
1692 834 2039 907 Venusque
2066 833 2268 894 iuvat.

509 915 635 974 Non
665 922 767 975 tua
795 914 910 975 sub
943 921 1188 975 nostras
1221 915 1422 974 veniat
1450 916 1734 975 facundia
1763 916 1966 991 leges:

380 1010 481 1063 610
586 998 706 1059 Fae
734 1004 961 1059 tantum
987 999 1275 1074 incipiaS,
1321 1007 1543 1074 sponte
1570 1000 1836 1063 disertus
1866 1001 2009 1060 πίε.

505 1083 613 1144 Est
640 1081 744 1144 tibi
775 1081 1053 1157 agendus
1083 1098 1330 1157 amam,
1371 1083 1791 1158 imitandaque
1819 1085 2076 1147 vulnera
2107 1085 2327 1147 verbis

588 1167 756 1226 Haeo
786 1166 891 1226 tibi
923 1174 1252 1242 quaeratur
1283 1166 1552 1241 qualibet
1576 1175 1705 1229 arte
1736 1168 1913 1230 fides,

508 1252 629 1312 Nee
659 1251 826 1310 credi
857 1248 1031 1310 labor
1059 1257 1174 1312 est.
1217 1249 1337 1312 sibi
1367 1267 1652 1326 quaeque
1680 1252 1915 1314 videtur
1948 1254 2235 1315 amanda

590 1334 864 1394 Pessima
892 1333 1001 1408 sit,
1046 1335 1192 1396 nulli
1222 1351 1345 1395 non
1375 1351 1491 1396 sua
1524 1335 1720 1395 forma
1751 1336 1971 1411 placet.

377 1429 480 1484 615
502 1418 705 1494 Saepe
733 1425 933 1480 tamen
962 1433 1110 1478 vere
1139 1419 1344 1495 eoepit
1371 1419 1685 1483 simulator
1711 1435 1935 1490 amare,

591 1500 823 1578 Saepe,
872 1503 1039 1579 quod
1068 1502 1371 1578 incipiens
1404 1503 1663 1565 finxerat
1692 1519 1865 1577 esse,
1913 1503 2039 1562 fuit

509 1586 639 1661 Quo
672 1586 866 1662 magis
901 1603 969 1661 o,
1015 1586 1234 1648 faciles-
1261 1587 1631 1652 imitantibus
1663 1595 1824 1660 este,
1869 1587 2142 1663 puellae=

588 1670 716 1731 Fiet
744 1685 916 1731 amor
945 1686 1160 1746 verus,
1205 1670 1309 1745 qui
1338 1671 1524 1734 modo
1555 1672 1751 1734 salsus
1778 1678 1923 1735 erat.

506 1754 825 1815 Blanditiis
853 1753 1121 1817 animum
1150 1755 1350 1816 furtim
1382 1755 1765 1831 deprendere
1796 1769 1957 1818 nune
1983 1754 2079 1827 sit,

379 1849 483 1905 §ao
588 1839 668 1901 Ut
695 1839 973 1915 pendens
1002 1838 1237 1915 liquida
1264 1838 1399 1915 ripa
1430 1839 1663 1901 subitur
1690 1856 1868 1915 aqua.

505 1923 629 1983 Nee
658 1923 910 1997 faeiem,
949 1937 1065 1984 nee
1093 1929 1153 1982 te
1184 1923 1389 1998 pigeat
1415 1923 1666 1987 laudare
1696 1923 1953 1999 capulos

589 2006 664 2069 Et
690 2013 912 2068 teretes
944 2006 1171 2082 digitos
1199 2005 1611 2082 exiguumque
1639 2007 1880 2083 pedem.

505 2091 822 2153 Delectant
849 2089 1029 2153 etiam
1059 2097 1264 2154 castas
1294 2090 1625 2166 praeconia
1653 2092 1901 2154 formae.

588 2173 940 2249 Virginibus
973 2190 1160 2236 curae
1187 2181 1485 2250 grataque
1514 2175 1711 2237 forma
1736 2191 1854 2239 sua
1878 2182 1991 2234 est.

378 2268 481 2326 επ,
500 2259 649 2320 Nam
680 2274 790 2320 eur
815 2259 875 2319 in
905 2257 1189 2338 Phrygiis
1217 2259 1510 2320 Iunonem
1538 2266 1601 2319 et
1624 2258 1871 2323 Pallada
1900 2257 2072 2320 silvie

589 2343 760 2404 Nune
790 2358 1037 2418 quoque
1063 2342 1352 2406 iudicium
1378 2359 1499 2417 non
1529 2342 1801 2408 tenni-sse
1832 2342 2063 2418 puden

509 2427 810 2489 Laudatas
843 2427 1112 2490 ostendit
1138 2427 1272 2487 avis
1301 2426 1556 2488 Iunonia
1586 2427 1832 2501 pinnas=

590 2510 653 2572 Si
683 2511 901 2573 tacitus
929 2518 1201 2587 specte8‚
1240 2512 1341 2571 illa
1371 2511 1647 2573 recondit
1674 2526 1848 2586 opes,

509 2596 948 2672 Quadrupedes
979 2596 1133 2657 inter
1158 2596 1357 2671 rapidi
1388 2595 1717 2658 certamina
1746 2610 1964 2659 cursus

381 2690 481 2742 ὣς]
582 2680 1000 2755 Depexaeque
1028 2679 1210 2740 iubae
1242 2681 1584 2756 plausaque
1612 2680 1770 2741 eolla
1798 2677 2023 2741 iuvant.

513 2764 631 2824 Nec
658 2763 868 2823 timide
898 2763 1198 2840 promitte.
1246 2763 1492 2824 trahunt
1519 2763 1824 2839 promissa
1856 2764 2110 2837 puellas.

586 2847 859 2909 Pollicito
889 2853 1078 2910 testes
1112 2847 1418 2922 quoslibet
1445 2847 1609 2908 adde
1635 2847 1811 2910 deos.

505 2932 772 3008 luppiter
801 2947 880 2994 ex
909 2932 1030 2992 alto
1063 2930 1327 3007 periuria
1355 2931 1513 2992 ridet
1540 2938 1861 3002 amantum,

584 3016 660 3077 Et
691 3016 858 3079 iubet
885 3015 1138 3077 Aeolios
1168 3014 1345 3075 inrita
1378 3017 1534 3076 serre
1564 3022 1767 3077 notos.

381 3110 477 3162 5:45
497 3100 612 3161 Per
640 3098 835 3179 Styga
866 3100 1079 3160 Iunoni
1112 3099 1331 3162 salsum
1360 3100 1560 3163 iurare
1590 3099 1829 3162 solebat

586 3184 874 3260 luppiter.
918 3184 1204 3259 exemplo
1237 3199 1400 3246 nune
1430 3184 1594 3244 favet
1621 3183 1760 3259 ipse
1786 3197 1921 3245 suo.

506 3267 767 3344 Expedit
794 3284 938 3331 esse
967 3268 1142 3330 deos.
1187 3273 1275 3340 et,
1321 3274 1386 3328 ut
1414 3267 1689 3343 expedit,
1736 3282 1880 3331 esse
1908 3273 2209 3345 putemus.

585 3352 817 3413 Dentur
843 3353 902 3413 in
935 3351 1219 3427 antiquos
1251 3360 1386 3414 tura
1411 3367 1769 3426 merumque
1799 3351 1991 3413 focos.

509 3436 630 3498 Nee
660 3452 880 3499 secura
910 3436 1084 3512 quies
1118 3436 1258 3497 illos
1287 3435 1629 3510 similisque
1657 3435 1867 3510 sopori

385 3534 485 3582 fiio
589 3520 846 3580 Detinet.
892 3518 1154 3581 innocue
1185 3518 1398 3586 vivite.
1444 3535 1666 3580 numen
1697 3519 1892 3578 adest.
