2467 4042
193 201 258 267 194
600 204 649 253 nx
666 202 787 254 nonno

325 364 443 447 Verba,
466 365 546 427 velut
568 367 685 444 tinguat
708 365 847 448 singula,
869 368 952 428 viros
973 368 1110 431 habent.

232 451 425 517 sollertibus
448 456 585 534 eveniat,
609 471 697 532 qnam
721 457 762 514 sis
785 454 933 515 violentus
955 458 987 516 in
1010 460 1128 539 arusie,

327 541 444 604 Sentice
468 550 498 602 et
520 540 638 619 linguae
660 541 719 601 tela
743 541 845 602 subire
868 552 954 603 tuae.

284 630 366 702 Quae
390 629 444 691 tibi
467 638 526 690 tam
549 631 633 690 tenui
655 647 728 691 cura
750 629 892 691 limantur
904 676 914 711 ,
937 639 971 691 ut
993 649 1103 694 omnes

328 717 417 779 letius
440 718 592 796 ingenium
616 719 751 796 corporis
775 735 841 779 esse
865 728 990 797 negent.

282 806 319 867 At
342 808 457 886 siquem
479 804 556 866 laedi
579 806 698 866 fortuna
722 808 821 867 cernis
843 807 962 887 iniqua,

234 905 269 956 40
327 892 443 955 Mollior
466 901 512 955 est
535 894 632 954 animo
656 894 765 955 lemine
786 893 867 954 nulla
890 904 961 955 too.

283 981 347 1043 Hoc
370 999 424 1061 ego
447 983 607 1061 praecipue
631 984 733 1062 scusi,
756 999 824 1043 cum
848 999 954 1061 magna
973 1001 1119 1047 meorum

328 1068 468 1130 Notitiam
492 1087 561 1148 pars
584 1077 631 1130 est
652 1071 776 1130 infitiata
799 1071 876 1131 mei.

284 1156 433 1219 inmemor
455 1156 597 1235 illorum,
621 1159 712 1218 vestri
735 1175 794 1218 non
816 1160 964 1219 inmemor
986 1177 1157 1245 nmquam,

329 1245 387 1317 Qui
409 1243 485 1306 mela
508 1245 627 1306 solliciti
649 1253 750 1306 nostra
773 1245 899 1326 levatis,
922 1264 991 1308 ero.

234 1346 268 1396 ro
283 1332 321 1395 Et
344 1334 427 1412 prius
449 1333 499 1394 lric
521 1334 646 1394 nimium
669 1333 755 1394 nolis
777 1336 981 1396 conterminus
1003 1334 1111 1399 Hister
1154 1353 1208 1406 orn

327 1421 361 1482 ln
384 1430 474 1500 caput
495 1420 612 1483 Euxino
636 1421 673 1482 de
695 1439 776 1482 mare
800 1429 897 1482 vertet
918 1425 994 1502 iter,

284 1508 380 1590 thue
404 1509 567 1589 Thyesteae
591 1509 715 1570 redeant
737 1512 763 1570 si
785 1519 919 1589 tempora
943 1528 1085 1595 mensae,
1124 1539 1127 1542 “

330 1597 406 1658 Solis
430 1596 466 1658 ad
490 1614 558 1658 eoas
581 1615 690 1659 currus
712 1606 817 1677 agetur
839 1616 949 1678 aquas,

284 1685 379 1759 Quam
397 1688 553 1765 quiequam
571 1694 704 1747 vostrum
713 1732 722 1768 ,
737 1689 789 1765 qni
802 1703 850 1746 me
867 1685 1005 1749 doluistis
1020 1688 1211 1776 ademptum,

237 1786 271 1837 oo
329 1773 441 1851 Arguat
463 1777 611 1853 ingratum
635 1792 695 1835 non
718 1776 888 1835 meminisse
910 1777 975 1836 stri.

661 1965 739 2039 VII.

284 2125 393 2190 Missus
416 2144 448 2187 es
471 2124 601 2187 Euxinas
625 2126 787 2208 quoniam,
810 2125 957 2208 Vestalis,
984 2128 1021 2188 ad
1050 2130 1175 2216 undas,

329 2214 368 2275 Ut
390 2216 496 2293 positis
518 2213 626 2275 reddas
648 2216 715 2274 iura
738 2214 793 2275 sub
817 2232 871 2275 axe
893 2215 984 2296 locis,

285 2304 401 2382 Aspicis
425 2321 462 2364 en
485 2319 649 2382 praesens,
672 2302 752 2380 quali
774 2304 922 2364 iaceannrs
942 2305 976 2364 in
999 2321 1093 2388 arvo,

331 2390 391 2451 Nec
414 2409 462 2452 me
485 2392 576 2470 testis,
593 2392 654 2451 eris
676 2389 749 2451 falsa
770 2390 867 2451 solere
890 2393 993 2469 qureri.

256 2479 416 2542 oAccedet
438 2481 504 2539 voci
527 2497 581 2558 per
603 2487 633 2540 te
656 2496 716 2539 non
739 2481 824 2540 irrita
846 2487 984 2559 nostrae,

330 2567 444 2647 Alpinis
467 2570 584 2628 iuvenis
605 2563 727 2644 regibus
750 2575 837 2646 orte,
859 2566 950 2628 fides.

287 2653 353 2735 lpse
377 2655 458 2717 vides
481 2664 562 2715 certe
585 2654 677 2733 glacie
702 2673 896 2716 concrescere
918 2654 1067 2739 Pontum,

331 2743 397 2822 lpse
422 2743 502 2804 vides
525 2743 621 2822 rigido
645 2746 751 2804 stantia
774 2745 841 2804 vina
864 2742 949 2823 gelu,

288 2831 354 2911 lpse
378 2831 482 2911 vides,
506 2839 627 2891 onerata
650 2830 731 2891 seror
756 2840 790 2892 ut
812 2831 901 2892 ducat
923 2831 1007 2910 laayx

242 2931 274 2980 ro
332 2919 390 2980 Per
413 2920 524 2980 medias
547 2917 641 2980 Histri
664 2920 795 2998 plaustra
817 2918 965 2980 bubulcus
988 2936 1102 2999 aquas.

288 3008 404 3087 Aspicis
428 3015 459 3068 et
480 3009 558 3068 mitti
581 3006 637 3069 suh
662 3008 776 3069 adunco
799 3010 895 3069 toxica
919 3007 1016 3089 lerro,

332 3095 370 3156 Et
392 3095 484 3157 telum
508 3113 611 3157 causas
634 3097 740 3157 mortis
763 3095 873 3157 habere
896 3096 986 3157 duas.

290 3185 386 3264 Atque
410 3186 523 3245 utinam
546 3201 615 3264 pars
638 3184 710 3245 haec
734 3193 849 3245 tautum
873 3191 1003 3264 spectata
1016 3184 1161 3269 inisset,

333 3273 397 3333 Non
421 3275 510 3334 etiam
533 3274 654 3351 proprio
678 3276 795 3351 cogruita
818 3272 911 3333 Marte
935 3270 1004 3333 tibil

242 3372 275 3422 15
289 3360 425 3422 Tendisti
446 3361 483 3421 ad
506 3363 635 3440 primum
658 3379 712 3440 per
735 3362 825 3422 densa
847 3360 979 3440 pericula
1002 3360 1118 3445 pilum,

334 3448 463 3526 Contigit
486 3468 522 3510 er
544 3452 651 3509 merito
674 3451 727 3526 qui
749 3448 803 3510 tibi
826 3466 922 3528 nuper
944 3449 1056 3510 honor.

290 3534 336 3604 sn
357 3534 427 3596 licet
449 3536 498 3596 hic
520 3534 626 3597 titulus
648 3536 744 3613 plenis
767 3535 822 3597 tibi
844 3536 991 3598 fructibus
1011 3539 1145 3622 ingens,
1160 3556 1212 3607 (rso
