2467 4042
449 223 506 294 xl,
525 229 683 280 sec—sce.
808 243 876 280 cm
1004 224 1066 289 231

141 392 207 454 Nec
229 393 316 473 prius
338 389 456 452 absletlt
477 390 586 452 fessam
608 388 780 471 obpugnare
792 392 951 472 carinam,

142 481 241 553 Quam
263 479 399 542 velutin
422 487 524 560 captae
546 478 708 540 descendat
729 481 846 541 moenia
867 480 968 541 navis.

143 569 233 649 [Pars
256 570 348 649 igitur
371 566 533 648 temptabat
556 566 652 629 adhuc
675 568 814 629 invadere
835 565 971 651 pinum,]

142 658 219 719 Pars
237 659 327 719 maris
345 658 428 718 intem
445 664 531 717 erat.
558 655 709 737 trepidant
730 655 809 719 haud
827 659 926 718 secius
949 672 1069 738 omnes,
1153 661 1157 667 '

67 758 127 809 535
143 747 242 818 Quam
264 745 341 807 solet
363 743 459 826 urbs,
482 743 546 806 allis
569 762 690 806 murum
712 744 892 807 fodientibus
916 752 1000 806 extra

142 836 243 914 Atque
266 833 331 895 aliis
354 850 496 913 murum,
520 832 692 915 trepidare,
714 832 886 895 tenentibus
909 835 1007 895 intus.

142 922 252 984 Deficit
274 939 323 983 ers
335 966 345 1004 ,
367 923 517 1000 animique
541 921 673 983 cadunt:
695 921 878 1001 totideer
900 922 1057 1002 videntur,

145 1011 229 1082 Quot
250 1012 370 1072 veniant
387 1009 515 1091 fluetus,
538 1027 628 1072 ruere
646 1017 736 1090 atque
754 1011 922 1091 irrumpere
941 1018 1069 1071 mortes.

142 1099 212 1160 Non
230 1107 314 1161 tenet
331 1098 381 1159 hic
399 1098 553 1179 lacrimasy
576 1106 678 1179 stupet
695 1097 762 1179 hic3
780 1106 866 1160 vocat
882 1098 932 1159 ille
949 1097 1070 1178 beatos,

68 1199 128 1249 540
143 1186 264 1248 Funera
287 1204 362 1265 quos
385 1194 546 1267 maneant3
568 1186 616 1247 hie
640 1188 716 1247 votis
737 1204 849 1253 numen
871 1186 991 1268 adorat,
1119 1243 1125 1253 .

144 1274 348 1353 Bracchioque
362 1274 398 1335 ad
417 1274 548 1355 caelum,
568 1274 648 1353 quod
666 1292 726 1336 non
744 1275 841 1357 videt,
860 1276 946 1336 irrita
963 1273 1070 1337 tollens

144 1363 247 1424 Poscit
270 1380 380 1443 opem:
403 1361 533 1424 subeunt
556 1362 599 1424 illi
622 1363 789 1442 fratresque
811 1381 998 1444 parensque,

145 1450 224 1513 liuic
251 1469 319 1512 eum
346 1449 523 1531 pignoribus
549 1450 677 1534 domus,
704 1459 737 1513 et
762 1452 841 1530 quod
869 1444 977 1531 cuique

846 1540 984 1601 relictum
1006 1549 1069 1601 est.

145 1627 276 1707 Alcyone
300 1626 395 1707 Ceyca
417 1635 537 1708 moret3
561 1625 665 1708 Ceycis
687 1629 718 1689 ln
742 1646 793 1689 ore

71 1728 129 1778 645
145 1715 234 1777 Nulla
257 1717 315 1777 nisi
337 1715 466 1795 Alcyone
490 1724 558 1778 est:
581 1724 613 1777 et
635 1734 704 1777 cum
726 1715 876 1778 desideret
897 1733 1004 1799 unam,

144 1803 261 1866 Gaudet
282 1803 386 1865 abesse
409 1812 530 1866 tamen.
557 1806 670 1884 patriae
693 1822 811 1884 quoque
833 1803 922 1866 vellet
944 1803 980 1865 ad
1003 1821 1069 1864 oras

145 1893 331 1974 Respicere,
353 1893 444 1971 inque
467 1893 587 1954 domum
611 1910 766 1971 supremos
789 1901 906 1955 vertere
928 1891 1045 1955 vultus:

145 1979 256 2042 Verum
280 1979 332 2042 ubi
354 1982 416 2061 sit,
438 1982 557 2062 nescit;
579 1988 661 2042 tanta
683 1982 826 2060 vertigine
849 1988 960 2062 pontus

146 2068 277 2149 Fervet,
301 2076 332 2129 et
354 2068 475 2131 inducta
497 2070 590 2149 piceis
614 2088 631 2130 e
652 2067 784 2131 nubibus
805 2067 912 2131 umbra

74 2168 130 2220 too
146 2156 242 2218 Omne
265 2155 338 2217 latet
360 2157 475 2218 caelum
487 2204 497 2238 ,
520 2156 727 2237 duplicataque
750 2159 846 2219 noctis
869 2159 964 2235 imago
989 2165 1051 2219 est.

145 2244 305 2325 Frangitur
327 2247 452 2307 incursu
475 2244 603 2309 nimbosi
626 2243 754 2307 turbinis
777 2244 884 2329 arbor3

27 2336 33 2343 '
144 2331 305 2412 Frangitur
328 2339 359 2393 et
380 2334 536 2412 regimenc
560 2332 722 2414 spoliisque
745 2336 876 2396 animosa
899 2341 1052 2413 superstes

146 2419 231 2482 Unda
243 2467 253 2503 ,
276 2420 357 2482 velut
379 2422 508 2503 victrix,
532 2422 707 2501 sinuataque
730 2422 856 2502 despicit
877 2421 990 2486 undas:

144 2508 208 2570 Nec
231 2509 349 2590 levius,
372 2527 461 2588 quam
484 2511 578 2589 siquis
601 2510 700 2572 Athon
722 2510 885 2573 Pindumve
908 2508 1042 2572 revulsos

76 2597 225 2660 consede
248 2614 302 2659 sua
325 2605 404 2659 totos
426 2599 457 2659 iu
480 2606 617 2678 apertum
640 2601 782 2661 everterit
804 2616 938 2680 aequor,
998 2672 1003 2684 .

146 2686 344 2766 Praecipitate
367 2685 468 2767 cadit,
489 2688 661 2766 pariterque
684 2695 715 2749 et
736 2687 869 2768 pondere
891 2696 922 2750 et
944 2689 1006 2750 ictu

145 2773 254 2854 ilergit
275 2776 306 2835 in
329 2776 389 2836 lma
408 2782 503 2836 ratem
515 2822 525 2857 ,
548 2793 616 2836 cum
640 2793 698 2854 qua
720 2794 789 2855 pars
811 2793 917 2856 magna
938 2778 1069 2838 virorum

146 2861 271 2943 Gurgite
292 2880 396 2943 pressa
418 2865 620 2944 graviusque
643 2865 674 2925 in
697 2869 766 2926 aera
788 2863 903 2926 reddita
925 2866 985 2927 fato

146 2950 261 3012 Functa
283 2969 337 3012 suo
360 2960 428 3013 est.
457 2950 505 3013 alii
527 2959 629 3032 partes
651 2960 683 3014 et
704 2951 837 3014 membra
860 2955 977 3014 munao

76 3050 132 3101 ooo
146 3038 266 3100 Trunca
285 3046 405 3100 tenent.
430 3047 511 3102 tenet
528 3042 592 3120 ipse
610 3058 719 3122 manu,
737 3059 795 3121 qua
808 3049 926 3122 sceptra
940 3039 1070 3122 solebat,

145 3125 302 3206 Fragmina
325 3129 433 3207 navigii
456 3126 557 3209 Ceyx,
579 3146 777 3208 socerumque
799 3138 974 3210 patremque

145 3214 266 3275 Invocat
288 3212 369 3276 heul
392 3216 527 3278 frustra.
555 3215 607 3278 sed
630 3216 758 3297 plurima
780 3219 879 3278 nantis
901 3218 932 3277 in
955 3235 1007 3278 ore

145 3301 275 3383 Alcyone
297 3305 448 3365 coniunx.
475 3303 555 3365 illam
577 3307 771 3385 meminitque
793 3304 963 3383 refertque:

145 3390 229 3451 illius
252 3399 319 3453 ante
342 3391 445 3473 oculos
458 3400 502 3454 ut
525 3401 612 3472 agant
634 3410 688 3454 sua
710 3410 835 3473 corpora
858 3391 985 3475 fluctuso,

77 3490 131 3541 too
146 3478 260 3561 Optat,
282 3487 312 3540 et
335 3482 477 3541 exanimis
500 3480 637 3542 manibus
660 3480 825 3551 tumuletur
848 3482 966 3542 amicis.

144 3565 223 3629 llum
240 3575 343 3650 naut,
366 3566 541 3651 absentem,
564 3570 702 3650 quotiens
719 3571 790 3631 sinit
807 3568 925 3632 hiscere
943 3569 1069 3636 fluctus.
