2467 4042
249 260 357 322 xvrn.
381 259 485 339 [111111
508 258 664 319 nunus
688 257 884 320 reo-195.
1017 257 1073 323 151

177 417 339 477 Ponuntur
352 412 456 473 medio
474 427 612 473 curmae
629 411 765 472 membra
781 418 870 473 toros
950 475 955 483 ,

136 501 230 576 Quod
244 500 368 574 timeas,
390 512 453 557 non
471 505 527 557 esi.
550 511 629 557 auso
644 496 752 555 Venus
769 496 838 572 ipsa
854 497 976 565 iuvabit.

68 596 122 651 itio
180 584 304 646 Sternet
317 589 348 643 et
361 595 537 657 aequoreas
554 595 690 653 aequore
704 587 775 639 neta
788 581 867 641 vias.

134 670 186 730 lre
201 668 275 729 tibet
288 666 407 729 medias
423 664 482 740 ipsi
498 663 570 724 mihi
584 678 680 738 saepe
695 663 873 738 parandas.

180 752 245 814 Sed
260 753 342 812 sotei
355 749 416 810 boe
432 749 569 809 maribus
582 747 677 807 tutius
691 763 764 809 esse
778 748 897 810 iratum.

137 837 214 898 Nam
231 852 288 897 eur
301 835 361 895 buo
375 833 474 894 vectis
488 830 600 893 Phrixo
615 830 779 908 Phrixique
794 846 903 894 sorore

181 920 257 983 Sota
273 919 359 981 dedit
374 919 472 978 vastis
487 916 599 977 femina
617 930 728 976 nomen
746 917 859 991 aquisr

72 1017 123 1073 1115
136 1004 279 1067 Forsitan
295 1005 336 1064 ed
349 1003 479 1062 reditum
493 1009 611 1061 metuas
627 1015 666 1059 na
684 1009 822 1076 tempora
837 1000 948 1072 desint,

179 1087 374 1164 Aut'gemini
388 1101 527 1162 nequeas
543 1086 622 1144 terre
637 1082 751 1145 laboris
765 1099 854 1146 onus.

139 1176 179 1234 At
194 1191 253 1235 nos
270 1172 387 1233 diversi
402 1170 536 1232 medium
551 1182 697 1228 coeamus
711 1167 742 1228 in
755 1183 881 1245 aequor,

182 1257 346 1332 Obviaque
362 1256 392 1316 in
411 1255 538 1317 summis
553 1253 660 1313 oscula
678 1251 788 1314 demus
802 1252 903 1329 aquis,

136 1344 243 1418 Atque
255 1343 298 1400 ita
314 1341 447 1416 quisque
461 1352 535 1399 snas
550 1337 659 1398 iterum
675 1337 837 1398 redeamus
856 1337 896 1397 ad
910 1337 1016 1397 urbes:

74 1435 127 1493 110
180 1425 350 1500 Exiguum,
372 1422 431 1484 sed
446 1423 516 1498 pius
530 1436 622 1498 quam
636 1419 710 1481 nihil
724 1421 799 1483 itiud
814 1422 884 1485 erit.

137 1509 197 1569 Vei
216 1509 319 1585 pudor
331 1506 382 1567 bie
395 1507 524 1580 utinam,
547 1505 598 1580 qui
614 1520 673 1565 nos
688 1507 766 1566 etam
781 1506 864 1582 eogit
878 1504 991 1579 amara

180 1594 242 1653 Vei
256 1589 381 1653 timidus
396 1591 496 1650 tamea
510 1589 624 1650 eadere
641 1589 731 1650 veliet
745 1597 846 1650 amori

139 1677 227 1749 Nune
241 1678 322 1737 mate
336 1690 387 1735 res
401 1676 539 1747 iunctae,
562 1675 648 1734 oaior
661 1681 691 1733 et
706 1674 893 1749 reverentia,
915 1683 1058 1749 pugnant

182 1761 261 1837 Quid
279 1775 394 1836 sequar
407 1758 436 1818 in
454 1757 623 1821 dubio-est.
642 1757 720 1818 haee
734 1757 840 1834 decet,
864 1758 913 1818 iiie
930 1756 1023 1819 iuvat.

77 1855 126 1913 iii
137 1846 179 1909 Ut
193 1846 291 1925 semel
306 1843 432 1905 intravit
446 1841 577 1902 Colchos
593 1841 750 1916 Pagaseus
767 1842 869 1916 Iason,
972 1886 991 1899 .-

181 1928 361 2005 lmposiiem
377 1925 469 1987 celeri
483 1925 615 1987 Phasida
629 1940 736 2002 puppe
751 1926 831 1988 tutia

138 2016 179 2078 Ut
192 2013 291 2075 semei
305 2013 418 2073 idaeus
437 2010 670 2072 Lacedaemona
684 2011 767 2071 venit
781 2011 909 2085 adulter,

183 2098 257 2159 cum
277 2096 394 2173 praeda
407 2094 498 2155 rediit
513 2095 651 2171 protinus
665 2095 717 2155 iile
732 2112 799 2157 sua.
1105 2166 1107 2169 ⁸

137 2183 181 2243 Tu
200 2190 403 2259 quarn-saepe
420 2179 499 2256 petis
515 2179 599 2256 quod
615 2194 717 2252 ames,
740 2187 801 2241 tam
814 2193 912 2257 saepe
922 2181 1080 2257 relinquis,

79 2276 128 2331 itio
178 2266 217 2327 Et
231 2266 375 2340 quotiens
388 2278 483 2339 mue
498 2262 533 2324 iit
547 2263 705 2339 puppibus
717 2263 776 2339 ire,
798 2269 897 2325 natas.

140 2349 192 2412 Sio
209 2357 326 2425 umen,
348 2347 521 2421 oiuvenis,
543 2349 727 2409 tumidarum
743 2349 842 2411 vietor
854 2363 1010 2423 equanam,

181 2434 235 2495 Sic
250 2434 344 2493 tacito
358 2445 505 2508 spernas,
525 2439 559 2492 ut
574 2447 715 2508 vereare,
737 2433 855 2493 tratum.

138 2520 215 2580 Arte
229 2518 388 2579 laboratae
401 2523 579 2591 merguntur
591 2516 631 2576 ab
645 2530 784 2592 aequore
796 2531 904 2577 naves.

179 2605 227 2663 Tu
241 2608 294 2662 tua
311 2602 382 2679 pius
398 2600 491 2661 remis
505 2599 631 2661 braehia
645 2616 742 2676 posse
755 2607 867 2677 putam

81 2687 229 2763 1115011οά
244 2686 350 2762 cupis,
372 2686 431 2746 boe
445 2690 556 2746 nautae
569 2689 719 2758 metuunt,
741 2685 897 2758 Leandre,
916 2691 1037 2747 natarm

180 2770 290 2831 Exitus
305 2769 356 2830 hio
370 2769 475 2830 iraotis
492 2768 649 2844 puppibus
663 2784 736 2830 esse
749 2771 838 2831 solet.

139 2855 189 2917 Me
203 2853 363 2915 miseram!
386 2853 479 2930 cupio
494 2869 555 2914 non
573 2854 761 2928 persuadere
776 2854 859 2931 quod
875 2852 989 2929 hortor,

183 2937 313 3014 Sisque,
336 2950 461 3015 precor,
482 2937 604 2999 monitis
620 2937 727 3000 tortior
741 2936 810 3014 ipse
824 2937 916 2997 meis:

138 3023 314 3086 Dummodo
331 3021 509 3100 pervenias,
527 3037 728 3098 ‚excussaque
743 3036 839 3098 saepe
854 3036 909 3097 per
918 3020 1019 3081 undas

81 3116 128 3172 tto
180 3108 293 3168 Inicias
309 3105 423 3168 umeris
437 3105 561 3167 brachia
575 3107 660 3167 lassa
674 3106 761 3166 meis.

139 3191 203 3254 Sed
220 3190 310 3266 mibi,
333 3191 492 3254 caeruleas
508 3190 651 3267 quotiens
668 3189 814 3251 obvertor
828 3188 993 3262 edendas,

181 3275 296 3336 Raecio
313 3291 393 3352 quae
410 3272 556 3351 pavidum
573 3275 688 3351 frigora
702 3281 811 3350 peetus
825 3271 927 3334 babet.

138 3360 202 3420 Nec
216 3360 319 3420 minus
333 3359 498 3421 besternae
512 3360 686 3420 eoniundor
699 3358 831 3435 imagine
843 3358 953 3433 noetis,

182 3442 329 3518 Quamvis
346 3450 395 3503 est
411 3444 509 3506 sacris
524 3443 575 3504 iiia
590 3444 673 3519 pieta
687 3442 774 3508 meis.

80 3528 277 3604 italiamque
293 3526 351 3588 sub
366 3543 492 3603 aurora,
513 3528 573 3588 iarn
587 3527 768 3589 dormitante
783 3527 917 3600 tueerne,
