2467 4042
256 275 334 339 XVI.
356 275 475 353 [XVlLl
499 274 718 334 HELENAE
740 275 832 338 80-
847 276 917 338 155.
1039 276 1095 341 137

202 428 398 507 ‘Tyndaridis
414 427 540 488 coniux’
557 427 644 486 tertia
659 427 736 487 dixit
749 430 858 489 ‘eris’t

153 513 288 573 credere
302 512 354 573 vix
370 512 515 588 equidem
530 510 674 571 caelestia
691 528 819 588 corpora
838 530 964 589 possurn

86 607 139 658 120
195 596 330 658 Arbitrio
349 597 478 657 sormam
492 593 700 671 subposuisse
716 604 776 656 tuo.

151 681 257 757 thue
272 681 311 742 sit
325 680 387 743 hoe
402 696 523 753 verum,
548 687 631 740 certe
646 695 718 754 pars
737 681 831 741 altera
849 680 919 741 fieta
935 691 992 757 est,

198 765 304 825 ludicii
321 763 452 841 pretium
468 780 529 840 qua
544 765 614 824 data
631 762 718 823 dicor
733 781 802 840 ego.

151 850 220 908 Non
237 856 286 910 est
300 856 385 910 tanta
398 848 470 908 milri
486 847 599 908 fiducia
617 849 773 923 eorporis,
796 855 828 908 ut
845 865 893 908 me

196 933 333 994 Maxima
349 940 428 994 teste
442 933 500 993 dea
520 932 602 992 dona
617 931 715 992 luisse
732 939 844 1007 putern.

88 1027 137 1080 115
151 1018 303 1079 Contenta
319 1023 367 1078 εει
382 1017 480 1077 oculis
494 1015 650 1079 hominurn
665 1032 733 1076 mea
749 1017 845 1076 torma
861 1017 993 1091 probari.

195 1102 364 1162 Laudatrix
379 1103 486 1161 Venas
501 1105 549 1159 est
562 1098 715 1160 invidiosa
731 1099 813 1159 mihi.

152 1185 217 1246 Sed
233 1185 308 1245 nihil
323 1184 453 1245 inflrrno.
478 1184 567 1245 laveo
585 1199 710 1258 quoque
724 1184 867 1245 laudibus
882 1185 963 1246 istis:

79 1278 90 1293 ·
195 1269 271 1329 Nam
286 1285 357 1330 mea
371 1285 434 1329 vox
450 1284 560 1344 quare,
585 1268 668 1342 quod
685 1269 783 1344 eupit,
804 1283 876 1328 esse
891 1277 1002 1346 neget?

153 1354 216 1413 Neo
232 1361 263 1414 tu
280 1368 446 1427 suscense,
469 1352 595 1413 nimium
612 1351 684 1410 milri
703 1351 837 1412 creditus
853 1368 954 1428 aegre.

92 1447 142 1500 130
197 1437 298 1498 Tarda
313 1438 393 1498 solet
406 1433 527 1511 magnis
541 1435 634 1496 rebus
650 1435 755 1496 inesse
769 1435 858 1497 tides.

151 1521 253 1581 Prima
267 1537 339 1582 mea
356 1529 404 1581 est
418 1521 508 1596 igitur
521 1519 636 1580 Veneri
652 1520 810 1596 placuisse
825 1521 982 1598 voluptas.

195 1605 354 1679 Proxima5
379 1620 427 1664 me
443 1603 541 1664 visam
557 1604 693 1679 praemia
708 1620 828 1664 summa
841 1604 903 1681 nbi,

150 1689 214 1750 Nec
229 1695 259 1750 te
273 1687 442 1762 Palladios,
465 1703 523 1749 nee
537 1693 567 1747 te
581 1687 707 1749 lunonis
721 1689 857 1750 honores

194 1773 319 1834 Auditis
335 1774 471 1832 Helenae
486 1771 708 1848 praeposuisse
723 1771 824 1833 bonis.

89 1866 140 1920 135
151 1857 234 1933 Ergo
250 1872 310 1932 ego
326 1872 394 1918 sum
409 1855 521 1931 virtus,
544 1872 602 1932 ego
618 1872 688 1917 sura
706 1856 758 1916 ribi
776 1856 878 1917 nobile
892 1866 1040 1934 regnum?

193 1941 308 2002 Ferrea
322 1939 395 2016 sim,
419 1940 447 2002 si
461 1956 523 2001 non
537 1940 598 2001 hoo
613 1955 672 2016 ego
690 1948 797 2017 peetus
813 1957 922 2001 amem.

150 2024 280 2099 Ferrea,
305 2024 500 2098 credamini,
523 2039 585 2085 non
602 2040 682 2086 sum.
705 2025 762 2086 sed
780 2041 883 2086 amare
896 2042 1036 2102 repugno

193 2110 297 2185 Illum,
319 2124 411 2186 quem
425 2108 492 2169 lieri
508 2108 559 2168 vix
574 2115 648 2184 pulo
665 2124 762 2185 posse
777 2125 888 2169 meum.

151 2193 231 2268 Quid
245 2192 385 2254 bibulum
400 2208 495 2254 curvo
509 2193 712 2268 proscindere
726 2194 797 2254 litus
812 2200 922 2269 aratro,
1009 2225 1011 2229 >

91 2288 140 2341 llo
193 2276 354 2353 Spemque
368 2277 458 2355 sequi
472 2292 581 2350 coner,
606 2294 700 2352 quam
715 2280 803 2338 loeus
817 2278 886 2354 ipse
901 2285 1012 2354 negati

151 2361 226 2422 Surn
240 2362 328 2422 rudis
344 2363 384 2422 ad
397 2361 531 2422 Veneris
547 2361 675 2437 lurtum,
698 2363 842 2437 nullaque
857 2361 1010 2422 fidelem...

192 2445 230 2506 Di
246 2446 317 2505 milri
338 2453 409 2506 sunt
425 2451 553 2506 testes...
569 2445 698 2506 lusimus
714 2452 778 2506 arte
795 2447 902 2506 virum.

150 2530 239 2590 Nunc
254 2545 395 2606 quoque,
417 2530 500 2606 quod
517 2528 608 2590 tacito
623 2530 737 2591 maudo
754 2546 822 2590 mea
837 2531 933 2591 verba
948 2529 1058 2602 libello,

193 2613 341 2689 Fungitur
356 2614 461 2678 officio
480 2613 577 2675 littera
592 2619 698 2675 nostra
714 2630 807 2676 novo.

90 2709 138 2760 115
150 2697 287 2773 Felices,
311 2697 423 2774 quibus
437 2713 514 2759 usus
529 2697 633 2759 adest!
657 2714 714 2774 ego
730 2699 836 2760 nescia
849 2712 949 2759 rerum

194 2781 358 2843 Difficilem
373 2783 483 2858 eulpae
498 2781 644 2857 suspicor
658 2798 730 2844 esse
744 2781 835 2844 viarn.

152 2866 225 2943 lpse
239 2867 319 2926 malo
335 2872 433 2926 rnetus
449 2872 505 2925 est.
528 2865 588 2925 ianr
603 2882 684 2927 nuno
699 2867 886 2942 conlundor,
906 2874 937 2927 et
951 2882 1058 2928 ornnes

194 2950 229 3012 'n
244 2949 359 3011 nostris
374 2949 482 3010 oeulos
499 2947 632 3012 vultibus
647 2966 720 3011 esse
733 2966 813 3011 reor.
887 3006 896 3025 ,

150 3034 216 3094 Nee
231 3050 301 3095 reor
317 3033 378 3094 hoo
395 3034 485 3095 ialso.
507 3034 592 3095 sensi
610 3035 689 3095 rrrala
705 3052 858 3096 murmura
875 3035 966 3111 vulgi,

44 3186 48 3193 ,
91 3130 139 3180 1511
191 3116 230 3177 Et
245 3118 396 3193 quasdam
411 3115 749 3180 voeesrettulitAethra
764 3118 846 3179 mihi.

153 3204 192 3262 llt
211 3208 242 3261 tu
259 3200 434 3276 dissimula,
457 3201 515 3263 nisi
534 3201 561 3261 si
577 3201 729 3263 desistere
743 3204 851 3265 mavis.
871 3256 874 3261 ,

195 3284 260 3345 Sed
275 3302 329 3346 aur
343 3286 500 3346 desistas?
521 3284 716 3347 dissimulare
732 3293 830 3362 potes.

153 3369 254 3442 Lude,
278 3370 333 3431 sed
350 3371 478 3430 occulte.
503 3369 612 3445 maior,
637 3386 698 3431 non
714 3371 861 3445 maxima,
885 3372 974 3433 nobis

194 3453 250 3514 Est
266 3454 336 3514 data
351 3451 491 3528 libertas,
515 3454 599 3529 quod
614 3453 771 3514 Menelaus
789 3455 884 3516 abest.

91 3538 204 3601 155111ε
220 3536 344 3614 quidem
358 3537 466 3610 procul
482 3543 544 3603 est.
567 3534 607 3598 ita
621 3553 655 3596 re
669 3545 813 3613 cogente,
835 3538 1005 3615 proiectuss
