2467 4042
172 282 233 349 198
531 284 672 347 ARTIS
694 285 831 347 ΑΜΑΤ.

296 437 479 516 Phylacides
494 436 612 509 aberat,
634 438 811 511 Laodamia,
835 446 914 499 tuus.

253 520 317 583 Sed
331 537 416 582 nrora
429 526 493 581 tuta
506 520 621 582 brevis.
640 522 810 582 lentescunt
823 530 962 599 tempore
975 541 1082 599 curae,

294 605 503 682 Vanescitque
517 605 632 667 absens
647 612 677 665 et
691 622 792 668 novus
807 608 897 668 intrat
911 624 1007 669 amor.

253 692 330 752 Ilum
346 690 503 751 Menelaus
517 690 619 761 abest,
642 690 772 765 Helene,
793 707 834 752 ne
848 693 916 752 sola
930 693 1055 768 iaceret,

189 786 241 839 'cdo
294 774 432 850 Hospitis
446 780 495 835 est
508 774 612 849 tepido
629 781 719 834 nocta
733 783 859 850 recepta
872 776 951 836 sinu.

252 859 325 934 Quis
339 866 447 933 stupor
460 857 525 932 hic,
543 858 699 931 Menetae,
721 858 796 918 luite
817 866 847 919 tu
862 862 949 920 solus
964 860 1088 936 abibas,

294 942 396 1004 Isdem
411 942 470 1001 sub
484 946 571 1002 tectis
587 942 704 1016 hospes
719 951 750 1003 et
763 960 843 1003 uxor
858 951 963 1004 erant?

249 1026 398 1100 Accipitri
414 1025 535 1086 timidas
551 1026 668 1099 eredis,
691 1024 821 1090 luriose,
844 1027 1019 1089 columbas!

291 1110 417 1170 Plenum
433 1118 577 1171 mantano
592 1109 694 1171 credis
709 1111 790 1170 ovile
804 1111 893 1185 lupot

186 1203 238 1260 ³65
248 1194 293 1255 Nil
309 1195 425 1255 Helene
438 1205 562 1271 peceat,
583 1193 656 1253 nihil
670 1194 720 1253 liic
733 1195 890 1255 committit
903 1196 1031 1256 adulter.

293 1278 381 1353 Quod
395 1286 443 1351 tu,
467 1279 550 1353 quod
565 1279 680 1339 laceret
695 1277 834 1354 quilibet,
854 1280 904 1338 ille
919 1280 999 1340 lacit

251 1362 342 1437 Cogis
356 1362 536 1424 adulterium
551 1361 655 1421 dando
669 1369 853 1439 tempusque
867 1364 1040 1439 locumque.

293 1446 370 1521 Quid
383 1447 443 1507 nisi
458 1446 587 1506 consilio
602 1451 650 1505 est
663 1463 721 1506 usa
735 1446 837 1523 puella
850 1454 924 1507 tuor

250 1531 327 1606 Quid
343 1531 454 1591 laciat‘i
475 1531 521 1590 vir
534 1530 637 1601 abest,
658 1537 689 1590 ot
703 1531 793 1591 adest
806 1547 867 1592 non
881 1531 1013 1592 rusticus
1029 1532 1167 1610 hospes,

185 1622 238 1679 370
289 1616 326 1675 Ει
338 1615 422 1675 timet
436 1613 465 1673 in
481 1628 580 1674 vacuo
598 1614 665 1673 sola
680 1615 794 1675 cubare
808 1622 886 1675 toro.

248 1700 367 1760 Viderit
383 1698 523 1759 Atridesz
543 1698 678 1758 Helenen
695 1714 753 1773 ego
770 1698 896 1759 crimine
910 1700 1014 1759 solvor

291 1784 355 1844 Usa
367 1790 416 1844 est
429 1781 553 1844 humani
568 1781 783 1842 commoditate
798 1782 863 1841 viri.

249 1867 311 1928 Sed
326 1882 428 1942 neque
443 1866 544 1927 lulvus
559 1881 635 1941 aper
648 1866 749 1928 media
762 1873 823 1925 tarn
839 1882 950 1927 saevus
965 1866 994 1926 in
1011 1866 1058 1928 ira
1072 1878 1133 1941 est,

289 1951 445 2013 mammen
461 1949 586 2010 rabidos
601 1965 670 2011 cum
683 1957 764 2009 rotat
777 1965 832 2010 ore
847 1965 950 2021 canes,

166 2042 234 2100 -375
244 2035 307 2096 Nec
321 2037 384 2110 lea,
407 2051 475 2095 curn
490 2034 598 2095 catulis
615 2034 797 2095 lactantibus
813 2035 907 2094 ubera
923 2032 1059 2109 praebet,

163 2192 165 2196 ¹
287 2119 350 2180 Nec
365 2120 466 2179 brevis
483 2118 588 2193 ignaro
606 2118 712 2192 vipera
729 2118 814 2179 laesa
827 2119 918 2193 pede,

245 2203 369 2264 Femina
385 2220 476 2279 quam
490 2202 567 2262 socii
582 2202 737 2276 deprensa
753 2202 852 2278 pelice
868 2202 937 2262 lecti

287 2288 396 2361 Ardet,
416 2287 489 2348 etin
504 2287 590 2347 vultu
604 2286 733 2361 pignora
747 2286 856 2346 mentis
871 2285 970 2345 babet.

247 2372 277 2433 ln
293 2374 404 2432 terrum
420 2369 623 2444 flammasque
638 2371 711 2443 ruit,
733 2368 897 2445 positoque
912 2371 1025 2430 decore

180 2465 234 2520 38⁰
284 2456 404 2531 Fertur,
428 2461 459 2515 ut
473 2454 566 2514 Aonii
580 2453 724 2514 cornibus
739 2454 799 2514 icta
811 2454 872 2514 dei.

193 2575 230 2583 --
245 2538 389 2615 Coniugis
404 2538 573 2599 admissum
587 2537 763 2613 violataque
777 2539 843 2597 iura
857 2537 981 2597 maritae

190 2661 231 2670 —-
285 2624 421 2684 Barbara
435 2638 491 2700 per
504 2630 594 2683 natos
609 2621 738 2682 Phasias
753 2623 816 2682 ulta
830 2637 916 2682 suos.

203 2745 233 2755 -
244 2710 348 2770 Altera
363 2708 428 2768 dira
441 2723 555 2783 parens
570 2705 648 2765 haec
662 2713 724 2780 est,
746 2722 838 2781 qnam
854 2705 969 2777 cernis,
990 2703 1143 2767 hirundoz

189 2830 231 2840 «-
281 2792 413 2868 Aspice,
437 2793 588 2867 signatum
603 2791 753 2865 sanguine
768 2797 875 2866 pectus
889 2788 990 2849 habet.

178 2886 230 2943 385
240 2879 307 2938 Hoc
322 2877 402 2937 bene
416 2875 621 2951 compositos,
643 2875 703 2935 lroc
717 2874 822 2934 firmos
838 2874 929 2935 solvit
943 2888 1074 2934 amores.

285 2961 416 3022 Crimina
431 2966 502 3021 sunt
516 2960 613 3021 cautis
629 2960 689 3019 ista
703 2958 838 3019 timenda
852 2958 935 3017 viris.

240 3046 303 3107 Nec
317 3060 387 3106 mea
402 3062 459 3106 vos
474 3044 526 3105 nni
541 3044 665 3105 damnat
682 3059 812 3104 censura
827 3043 955 3119 puellae.

281 3130 319 3190 Di
335 3129 459 3190 meliust
481 3128 532 3189 vix
548 3128 609 3188 boc
622 3135 717 3203 nupta
731 3135 835 3188 tenere
852 3133 961 3203 potest.

240 3214 363 3289 Ludite,
386 3213 443 3274 sed
458 3214 537 3274 lurto
554 3213 669 3273 celetur
683 3214 774 3288 culpa
787 3212 944 3273 modesto=

178 3304 229 3361 390
282 3297 385 3359 Gloria
400 3298 518 3373 peccati
533 3298 616 3357 nulla
631 3297 763 3371 petenda
777 3297 825 3357 sui
841 3304 898 3357 est.

241 3382 302 3443 Nec
316 3381 440 3443 dederis
453 3398 580 3456 munus,
601 3396 757 3455 cognosse
772 3380 856 3457 quod
871 3380 965 3441 altera
980 3382 1090 3455 possit,

281 3467 343 3526 Nec
358 3466 418 3526 sint
432 3467 585 3541 nequitiae
600 3472 741 3541 tempora
754 3473 837 3525 certa
851 3473 928 3525 tuae.
1044 3459 1047 3466 '

237 3549 289 3623 Et,
311 3565 351 3609 ne
366 3558 395 3610 te
410 3550 510 3625 capiat
525 3548 649 3609 latebris
666 3549 724 3609 sibi
739 3549 852 3609 lemina
866 3549 956 3620 notis,
