2467 4042
445 215 476 267 V.
497 217 646 268 ora-304.
982 215 1050 280 319

129 375 199 437 Vina
224 394 343 455 quoque
366 380 396 438 in
421 380 534 456 magnis
558 396 683 456 operose
706 378 824 440 condita
846 379 931 441 cellis

64 475 114 524 aro
172 463 318 545 Florem,
340 473 370 526 et
393 465 518 527 nebulae
542 466 619 527 dolia
643 484 757 528 summa
781 475 902 547 tegunt.

127 550 212 613 Mella
235 569 334 614 merim
358 570 491 619 munus:
524 554 660 616 volucres
683 573 738 634 ego
762 556 847 616 mella
870 555 990 618 daturas

170 639 215 700 ld
238 640 343 701 violam
367 650 398 702 et
420 644 530 720 cytisos
553 650 584 703 et
606 643 706 722 thyma
729 661 801 705 caua
824 662 914 705 roco.

128 726 201 805 [Nos
225 746 344 807 quoque
367 729 444 790 idem
469 730 593 791 iacimus
617 738 711 812 tunc,
734 749 803 792 oum
825 731 1012 794 iuvenalibus

677 837 762 880 annu

171 902 337 967 Luxuriant
359 907 471 986 animi,
494 924 680 987 corporaque
702 910 766 986 ipsa
789 903 940 986 rigent,']

32 1003 113 1053 ‘aro
129 990 209 1054 Talia
233 993 381 1055 dicentem
404 997 512 1056 tacitus
535 994 685 1056 mirabar.
726 1004 757 1056 at
779 995 827 1056 illa
986 992 987 995 ’

21 1076 22 1099 ’
172 1077 237 1144 ‘lus
260 1082 316 1143 tibi
338 1082 494 1163 discendi,
517 1084 601 1162 siqua
624 1079 770 1162 requiris'
794 1086 852 1146 ait.

127 1164 196 1231 ‘Dio
220 1169 274 1232 dea
287 1164 477 1251 ,'·respondi
502 1167 656 1234 ‘ludorum
680 1190 754 1251 quae
778 1174 818 1233 sit
841 1168 958 1252 origo?

21 1250 22 1263 ¹
170 1257 224 1319 Vir
248 1258 324 1319 bene
348 1259 518 1339 desieram,
541 1259 656 1321 rettulit
678 1259 726 1320 illa
749 1260 840 1321 mibi:

21 1408 22 1411 ,
127 1339 249 1406 ‘Cetera
272 1345 406 1408 luxuriae
429 1347 561 1408 nondum
585 1349 783 1409 instrumenta
805 1347 959 1428 vigebant,

60 1443 113 1493 280
171 1432 230 1493 dut
252 1451 368 1514 pecus,
391 1441 442 1495 aut
464 1434 551 1495 latarn
575 1434 657 1495 dives
679 1434 806 1496 babebat
828 1436 970 1516 humum3

21 1520 23 1557 ¹
125 1519 202 1582 Hinc
226 1522 314 1582 etiam
337 1521 492 1602 locuples,
514 1522 583 1583 binc
607 1524 671 1602 ipsa
694 1525 819 1601 pecunia
843 1524 920 1585 dicta
944 1533 1006 1585 est:

172 1607 229 1669 Sed
253 1611 311 1669 iam
335 1609 372 1670 de
394 1612 484 1671 uetito
509 1612 635 1690 quisque
658 1610 779 1688 parabat
802 1628 891 1690 opes.

21 1702 22 1711 ’
127 1696 254 1763 Venerat
277 1699 308 1757 in
330 1714 444 1760 morem
467 1697 569 1777 populi
592 1697 752 1777 depascere
775 1699 884 1778 saltus,
990 1711 1047 1765 (1⁷01

170 1785 261 1865 ldque
285 1784 336 1845 diu
359 1785 463 1866 licuit,
488 1804 642 1866 poenaque
666 1785 746 1847 nulla
769 1788 842 1848 luit.

21 1908 22 1915 κ
55 1884 110 1933 285
125 1873 246 1935 Vindice
270 1873 405 1934 servabat
427 1873 510 1934 nullo
532 1892 585 1935 sua
608 1873 727 1953 publica
749 1874 871 1956 volgus3

170 1961 289 2041 lamque
312 1964 343 2022 in
366 1963 480 2042 privato
503 1979 625 2040 pascere
648 1965 754 2024 inertis
778 1970 859 2023 erat.

125 2050 225 2111 Plebis
248 2051 285 2111 ad
307 2049 417 2111 aediles
439 2050 582 2130 perducta
604 2050 723 2112 licentia
746 2050 811 2110 talis
880 2074 884 2083 ⁴

170 2137 343 2219 Publicios3
366 2141 482 2200 animus
506 2137 600 2199 deluit
623 2146 691 2199 aute
714 2139 802 2199 viris,

126 2225 200 2287 Rem
223 2227 350 2307 populus
373 2227 501 2307 recipit,
524 2225 646 2287 multam
670 2224 788 2287 subiere
812 2234 971 2287 nocentes:

53 2325 111 2376 290
171 2313 343 2376 vindicibus
366 2313 446 2375 laudi
468 2313 585 2393 publica
609 2331 680 2375 cura
703 2314 776 2375 luit.

126 2402 217 2464 Multa
240 2402 306 2463 data
329 2411 376 2462 est
398 2419 434 2462 er
457 2410 541 2479 parte
563 2401 659 2481 mihi,
682 2420 847 2481 magnoque
870 2403 969 2463 lavore

172 2489 306 2551 Victores
329 2489 416 2550 ludos
437 2491 594 2551 instituere
618 2508 728 2551 noros.

125 2578 214 2639 Parte
237 2578 335 2638 locant
357 2577 488 2657 olium,
511 2580 562 2657 qui
584 2586 657 2639 tunc
681 2585 744 2638 erat
767 2577 858 2639 ardua
880 2595 989 2656 rupes:

171 2665 248 2726 Utile
272 2684 351 2727 nunc
373 2668 431 2726 iter
455 2672 501 2727 est
513 2712 522 2745 ‚
544 2665 771 2746 Publiciumque
795 2661 934 2728 vocant'

51 2765 111 2819 295
126 2753 232 2815 Annua
255 2753 438 2815 credideram
463 2753 629 2833 spectacula
653 2755 750 2815 lacta,
791 2757 925 2835 negarit,

170 2840 289 2904 Addidit
312 2850 343 2904 et
365 2842 452 2904 dictis
475 2841 566 2903 altera
589 2840 679 2904 rerba
702 2845 782 2905 suis:

127 2925 203 2992 ‘Nos
227 2949 344 3011 quoque
369 2933 463 3009 tangit
481 2930 596 2992 honor.
635 2932 718 2993 lestis
737 2931 899 3010 gaudemus
923 2938 953 2991 et
971 2932 1047 3010 aris,

170 3018 329 3098 Turbaque
352 3020 494 3082 caelestes
512 3019 671 3081 'ambitiosa
695 3038 815 3081 sumus.

126 3106 220 3188 Saepe
244 3108 315 3169 deos
338 3107 444 3188 aliquis
467 3107 617 3186 peccando
641 3107 712 3168 lecit
733 3109 870 3187 iniquos,

44 3209 111 3262 300
169 3195 208 3256 Et
230 3213 285 3275 pro
310 3196 425 3257 delictis
447 3196 544 3256 hostia
567 3194 673 3256 blanda
695 3195 769 3271 luit.

127 3282 221 3363 Saepe
244 3283 343 3344 lovem
364 3283 446 3364 ridi,
470 3302 537 3346 oum
561 3286 619 3344 iam
643 3300 696 3344 sua
720 3284 838 3343 mittere
861 3281 948 3343 vellet

170 3370 327 3452 Fulmina,
350 3379 419 3433 ture
442 3372 509 3433 dato
533 3373 711 3433 sustinuisse
733 3388 872 3432 manum.

123 3459 163 3522 dt
184 3462 211 3521 sl
234 3459 439 3541 neglegimur,
461 3462 575 3538 magnis
598 3461 705 3520 iniuria
729 3461 833 3538 poeuis

170 3547 322 3629 Solvitur,
346 3556 376 3610 et
398 3551 510 3610 iustum
534 3549 677 3627 praeterit
698 3550 741 3608 ira
765 3547 901 3609 modum.
