2467 4042
160 193 224 257 182
568 173 771 245 exrouro*

199 358 314 439 etipse
338 375 392 440 ego
416 356 495 437 quod
518 358 614 435 primo
638 359 746 436 scripsi
768 358 833 418 sine
856 358 975 419 nomine
999 357 1133 441 vohis,>

292 444 347 507 Vix
371 447 507 507 excusari
530 463 617 525 pesse
640 445 713 506 mihi
737 446 859 507 videor.

250 535 309 596 Sed
333 552 424 615 pavor
447 537 572 595 attonito
595 535 720 595 rationis
743 533 894 595 ademerat
916 552 1023 613 usum,

294 622 431 684 Cesserat
453 640 540 684 omne
563 623 648 683 novis
670 621 888 701 consiliumque
911 622 1013 684 maiis.

248 711 469 789 Fortunamque
489 727 584 772 meam
603 717 762 790 metuens,
785 728 847 771 non
869 710 992 772 vindicis
1017 712 1121 794 iram,
1135 726 1181 781 (ar)

201 812 235 861 50
294 798 443 860 'i'errebar
466 798 552 860 titulo
575 799 704 858 nominis
726 800 791 880 ipse
814 801 890 860 mei.

248 887 399 949 Hactenus
423 885 590 948 admonitus
613 888 740 948 memori
763 886 893 948 concede
916 893 1041 970 poetae,

292 975 387 1036 Ponat
408 984 442 1037 ut
463 977 496 1036 in
519 974 630 1035 chartis
651 977 771 1037 nomina
794 992 862 1035 cara
885 977 965 1037 suis.

248 1064 348 1143 Turpe
373 1065 430 1124 erit
453 1061 597 1123 ambobus
609 1110 620 1144 ,
641 1062 729 1142 longe
755 1063 826 1124 mihi
847 1066 1001 1143 proximus
1024 1082 1088 1126 usu

293 1151 325 1212 Si
348 1150 428 1212 nulia
451 1150 519 1212 iibri
542 1159 626 1230 parte
651 1150 750 1231 legere
773 1153 850 1212 mei.

201 1252 234 1302 tt
249 1241 292 1302 Ne
316 1249 415 1300 tamen
437 1241 493 1301 iste
516 1248 615 1301 metus
638 1257 758 1300 somnos
781 1238 837 1300 tibi
859 1257 997 1320 rumpere
1021 1245 1144 1323 possit,

292 1327 358 1388 Non
381 1326 482 1409 ultra,
504 1345 593 1408 quam
616 1330 683 1411 vis,
706 1328 857 1388 officiosus
881 1346 956 1408 erc;

248 1416 350 1496 Teque
374 1423 493 1498 tegam,
517 1418 569 1495 qui
591 1418 656 1477 sis.
696 1417 755 1477 nisi
778 1434 846 1477 cum
869 1418 1041 1495 permiserit
1065 1420 1160 1503 ipse,

293 1504 423 1584 (legetur
445 1522 532 1565 nemo
555 1522 665 1566 munus
687 1504 798 1565 habere
821 1523 938 1565 meum,

248 1592 294 1654 Tu
317 1592 427 1673 modo,
451 1610 540 1671 quem
562 1602 682 1671 poteras
706 1592 752 1653 vei
775 1603 877 1672 aperte
901 1601 983 1654 tutus
1007 1611 1134 1678 amare,

200 1693 233 1744 60
293 1680 397 1743 Sires
420 1688 467 1741 est
489 1699 598 1766 anceps
622 1685 678 1743 ista
690 1728 700 1763 ,
722 1680 849 1744 latenter
872 1699 954 1744 ama.

576 1903 580 1908 ’
624 1874 704 1949 VII.

248 2034 344 2097 Verba
366 2035 439 2097 mihi
462 2035 571 2097 desunt
594 2034 697 2096 eadem
720 2041 779 2095 tam
803 2051 890 2114 saepe
913 2036 1049 2115 roganti,

293 2124 414 2204 iamque
437 2123 531 2204 pudet
553 2142 642 2185 vanas
665 2124 723 2183 iine
747 2140 850 2184 carere
872 2139 995 2203 preces.

249 2212 358 2274 Taedia
381 2212 527 2273 consimili
550 2211 616 2273 fieri
639 2211 676 2272 de
700 2213 830 2272 carmine
853 2209 956 2290 vobis,

294 2300 432 2380 Quidque
455 2309 576 2381 petam,
600 2308 724 2362 cunctos
748 2298 904 2361 edidicisse
927 2314 1014 2360 reor.

219 2388 417 2469 thstraquc
446 2388 517 2468 quid
541 2396 641 2468 portet
668 2389 726 2449 iam
750 2388 843 2448 nostis
867 2385 1014 2469 epistula,
1038 2394 1188 2468 quamvis

295 2476 403 2539 Charta
426 2480 466 2538 sit
488 2496 505 2538 a
527 2475 632 2538 vinciis
655 2494 715 2537 non
737 2475 880 2536 iabeiaeta
904 2476 983 2536 suis.

250 2566 329 2645 Ergo
352 2573 485 2628 mutetur
509 2567 614 2644 scripti
637 2566 783 2626 sententia
806 2564 920 2644 nostri,

294 2652 337 2714 Ne
362 2655 471 2716 totiens
494 2662 598 2714 contra
610 2699 621 2735 ,
644 2654 834 2732 quam-rapit
855 2653 972 2732 amnis,
995 2667 1083 2715 eam.

251 2742 336 2814 Quod
360 2742 436 2802 bene
460 2741 496 2803 de
520 2741 603 2802 vobis
627 2742 764 2822 speravi,
787 2742 954 2820 ignoscIte,
978 2742 1089 2804 amici:

204 2843 237 2893 10
296 2829 377 2890 Talia
399 2828 542 2910 peccandi
564 2832 623 2891 iam
646 2829 719 2890 mihi
741 2829 808 2889 finis
832 2829 908 2889 erit.

251 2917 312 2979 Nec
335 2920 433 2998 gravis
456 2921 543 2979 uxori
566 2918 670 2981 dicar.
712 2935 787 2996 quae
811 2916 924 2978 scilieet
946 2917 978 2976 in
1000 2933 1049 2977 me
1125 2932 1191 2985 (rm)

296 3007 392 3079 Quam
419 3005 513 3087 proba
525 3054 534 3088 ,
562 3013 623 3068 tam
646 3005 748 3067 timida
771 3013 839 3085 est,
867 3006 1090 3084 experiensque

820 3110 923 3153 arum.

251 3181 315 3244 Hoc
339 3201 480 3263 quoque,
503 3182 602 3264 Naso,
626 3183 728 3264 ieres3
751 3188 782 3242 et
799 3112 884 3242 1dirim
906 3180 1008 3261 peiora
1031 3181 1162 3248 tulisti.

297 3271 356 3333 iam
382 3271 436 3334 tibi
459 3274 564 3334 sentiri
587 3272 703 3333 sarcina
727 3268 807 3331 nulia
829 3276 947 3349 petest.

206 3370 238 3417 15
253 3358 366 3420 Ductus
389 3360 425 3421 ab
448 3370 582 3422 armento
605 3369 711 3420 taurus
733 3357 881 3419 detrectat
903 3364 1053 3438 aratrum,

299 3445 452 3508 subtrahit
475 3457 506 3509 et
528 3448 603 3508 duro
628 3445 703 3507 colia
725 3445 840 3507 novella
862 3447 950 3525 iugo.

252 3532 335 3613 Nos,
358 3533 468 3612 quibus
491 3534 627 3596 adsuevit
649 3534 742 3595 iatum
765 3532 928 3596 crudeiiter
951 3533 1013 3620 uti,
