2467 4042
454 199 500 250 lV.
520 201 678 251 134-106.

152 362 263 441 Aspera
286 360 407 421 militiae
430 362 545 422 iuvenis
564 362 726 421 certamina
748 361 830 438 lugi,

152 449 213 509 Nec
236 451 295 510 nisi
317 448 418 510 lusura
442 450 587 509 movimus
610 466 691 509 arma
715 465 821 528 manu3

152 537 238 598 Nunc
261 539 361 598 senior
383 536 540 615 gladioque
559 536 637 597 latus
660 543 805 615 scutoque
829 537 996 617 sinistram,

153 625 298 686 Canitiem
320 624 419 703 galeae
443 623 616 704 subicioque
640 641 755 685 meam.

106 726 139 777 'to
153 713 227 774 Nam
251 712 372 773 dedite
395 712 515 792 specula
538 721 640 774 custos
664 711 716 773 ubi
739 713 822 791 signa
845 712 1009 793 tumultus,

154 800 308 862 induimus
331 802 445 879 trepida
468 803 606 880 protinus
629 818 710 861 arma
733 818 840 862 manu.

155 889 273 970 Hostis,
296 887 408 949 hahens
432 908 519 950 arcus
542 889 715 968 imbutaque
739 888 796 950 tela
819 891 961 971 venenis,

155 976 266 1038 Saevus
289 976 437 1037 anhelanti
460 979 576 1037 moenia
599 976 707 1038 lustrat
730 994 825 1057 equo;

155 1064 251 1143 thue
274 1083 365 1144 rapax
387 1066 550 1145 pecudem,
574 1083 649 1144 quae
673 1082 706 1125 se
729 1082 789 1125 non
812 1068 886 1126 texit
909 1065 996 1146 ovili,

106 1166 140 1216 80
154 1152 212 1213 Per
236 1161 298 1214 sata
310 1199 319 1233 ,
343 1171 396 1233 per
420 1152 507 1213 silvas
531 1154 648 1232 lertque
672 1145 822 1232 trahitque
846 1153 952 1232 lupus:

155 1240 227 1322 Sic,
250 1242 366 1320 siquem
389 1242 520 1302 nondum
543 1250 697 1321 portarum
720 1259 808 1321 saepe
834 1250 989 1322 receptum

154 1328 303 1390 Barbarus
325 1331 357 1389 in
380 1331 492 1409 campis
515 1331 649 1409 repperit
671 1330 766 1390 hostis
778 1374 788 1409 ,
811 1329 918 1393 habet:

156 1417 216 1478 dut
239 1418 376 1497 sequitur
399 1426 503 1496 captus
527 1420 719 1497 coniectaque
743 1417 858 1479 vincula
882 1417 958 1480 collo

157 1506 295 1587 decipit,
318 1512 369 1567 aut
391 1505 450 1566 telo
474 1507 555 1567 virus
577 1504 705 1567 habente
728 1508 825 1585 perit.

108 1606 142 1656 85
159 1593 212 1655 llic
236 1612 290 1673 ego
314 1593 456 1655 sollicitae
479 1592 556 1654 lateo
579 1611 674 1655 novus
696 1593 792 1654 incola
816 1594 913 1656 sedis:

157 1681 222 1743 lleu
245 1683 370 1743 nimium
393 1683 444 1743 lati
468 1690 601 1762 tempora
623 1681 703 1743 lenta
725 1680 801 1743 meil

157 1770 195 1832 Et
219 1779 316 1832 tamen
339 1770 375 1831 ad
398 1788 539 1833 numeros
562 1772 743 1849 antiquaque
766 1789 850 1832 sacra
872 1771 985 1832 reverti

158 1857 293 1920 Sustinet
315 1860 347 1918 in
371 1861 460 1921 tantis
484 1858 600 1939 hospita
623 1857 706 1920 Musa
729 1858 831 1919 malis!

158 1947 216 2008 Sed
235 1965 332 2027 neque
341 1993 351 2029 ,
369 1948 419 2009 cui
437 1948 578 2028 recitem,
597 1949 755 2027 quisquam
773 1955 836 2028 est,
850 1965 915 2008 mea
934 1947 1079 2027 carmina,

574 2053 631 2097 nec
655 2037 707 2115 qui

109 2136 144 2185 90
158 2124 288 2185 duribus
312 2125 438 2203 accipiat
461 2123 549 2184 rerba
571 2122 675 2185 Latina
698 2126 778 2186 suis.

160 2211 224 2291 lpse
238 2212 312 2273 mihi
323 2245 361 2255 —
383 2213 454 2292 quid
469 2214 548 2273 enirn
563 2214 667 2273 laciam
677 2208 693 2273 ‘l
704 2245 745 2255 -
765 2211 924 2292 scriboque
939 2211 1079 2293 legeque,

159 2300 295 2381 Tutaque
319 2300 428 2362 iudicio
452 2300 550 2362 littera
569 2308 671 2361 nostra
694 2319 749 2362 suo
773 2309 835 2365 est.

159 2388 253 2469 Saepe
276 2398 374 2450 tamen
398 2390 459 2450 dixi
481 2383 548 2451 ‘Cui
571 2406 651 2450 nunc
674 2388 747 2449 haec
767 2408 838 2451 cura
861 2385 998 2450 laborat?

158 2477 203 2537 An
225 2495 290 2538 mea
314 2476 504 2538 Sauromatae
528 2479 639 2556 scripta
662 2476 812 2556 Getaeque
835 2473 970 2557 legent‘?'

111 2578 144 2626 95
160 2565 253 2645 Saepe
277 2568 366 2627 etiam
388 2565 525 2627 lacrimae
548 2584 595 2626 me
615 2573 686 2627 sunt
708 2566 859 2628 scribente
881 2567 1042 2645 profusae,

160 2653 323 2734 Umidaque
347 2662 393 2715 est
414 2654 486 2715 lietu
508 2654 608 2715 littera
632 2655 708 2715 lacta
731 2672 817 2715 meo.

160 2741 277 2822 Corque
294 2751 408 2804 vetusta
426 2760 543 2824 meum,
566 2750 716 2822 tamquam
731 2761 804 2803 nova
814 2789 823 2823 ,
842 2741 964 2803 vulnera
982 2742 1081 2821 novit,

161 2829 253 2909 lnque
276 2832 376 2892 sinum
398 2841 527 2893 maestae
550 2830 661 2893 labitur
683 2830 779 2892 imber
802 2849 913 2911 aquae,

161 2917 235 2980 Cum
258 2922 321 2981 vice
346 2928 456 2982 mutata
480 2921 532 2999 qui
554 2921 610 2980 sim
634 2919 821 3000 fuerimque,
845 2918 1004 2999 recordor,

96 3019 145 3068 100
161 3005 198 3069 Et
211 3055 220 3088 ,
243 3006 346 3069 tulerit
369 3026 428 3087 quo
451 3026 498 3069 me
522 3026 609 3069 casus
633 3016 663 3069 et
687 3008 765 3069 unde
778 3054 787 3088 ,
811 3006 909 3071 subit.

161 3096 254 3175 Saepe
279 3114 383 3157 manus
407 3096 552 3177 demens,
575 3097 681 3158 studiis
704 3098 779 3157 irata
802 3095 939 3175 sibique,

161 3184 240 3246 blislt
262 3186 295 3245 in
318 3203 438 3246 arsuros
463 3187 593 3246 carmina
617 3193 719 3255 nostra
741 3203 847 3265 rogos.

160 3273 257 3351 Atque
280 3276 343 3354 ita,
367 3273 403 3334 de
422 3273 522 3335 multis
542 3276 682 3353 quoniam
705 3292 764 3334 non
788 3272 879 3334 multa
903 3277 1083 3350 supersunt,

161 3362 235 3422 Cum
260 3363 344 3422 venia
368 3363 479 3442 facito,
505 3364 640 3442 quisquis
665 3381 697 3423 es
710 3409 719 3443 ,
742 3364 799 3423 ista
822 3358 919 3440 legas!

96 3461 146 3510 105
160 3449 207 3510 Tu
217 3468 336 3530 quoqne
346 3469 406 3511 non
417 3450 536 3531 melius,
547 3469 635 3529 quarn
646 3458 717 3512 sunt
727 3469 791 3511 mea
801 3458 944 3530 tempora,
953 3464 1082 3522 carmen,

160 3533 321 3601 Interdicta
344 3539 438 3620 mihi,
462 3538 606 3619 consule,
630 3538 745 3621 Roma,
768 3536 856 3600 honi!
