2467 4042
281 184 416 252 242
668 201 870 240 crenus
1117 181 1447 239 METAMM
1464 223 1479 238 .

461 348 631 411 Haud
678 349 814 411 tulit
856 348 1110 410 ulterius
1135 396 1154 430 ,
1199 348 1511 429 clipeoque
1556 348 1803 410 adversa
1848 356 2105 429 recepto

461 438 582 499 Ter
628 444 837 516 quater
883 454 987 498 ora
1031 438 1144 498 viri
1189 446 1252 499 et
1295 437 1504 516 capulo
1552 455 1689 498 cava
1729 444 2009 519 tempora
2054 436 2342 518 pulsat3

463 525 828 604 cedentique
873 542 1132 604 sequens
1176 527 1363 587 instat
1383 572 1403 606 ‚
1448 523 1767 605 turbatque
1792 573 1812 607 ,
1856 528 2112 604 ruitque
2129 573 2152 606 ,

334 624 435 676 135
464 614 846 693 Attonitoque
892 620 1069 693 negat
1113 614 1385 692 requiem
1414 659 1428 675 .
1482 631 1665 694 pavor
1708 622 1963 694 occupet
2011 613 2203 674 illum
2224 662 2253 693 ‚

462 703 614 764 Ante
660 701 986 781 oculosque
1031 708 1239 763 natant
1283 700 1609 764 tenebrae:
1654 709 1941 781 retroque
1987 702 2242 763 ferenti

462 791 718 852 Aversos
761 807 973 870 passus
1017 789 1214 852 medio
1259 788 1409 870 lapis
1454 788 1686 852 obstitit
1728 807 1874 850 arvo
1888 837 1903 852 .

464 880 657 952 Quem
701 896 885 959 super
929 877 1233 958 inpulsum
1277 880 1562 958 resupino
1607 886 1852 958 pectore
1900 877 2193 957 Cygnum

463 967 536 1029 Vi
577 967 763 1030 multa
806 968 986 1028 vertit
1009 1014 1029 1048 ‚
1072 973 1392 1046 terraeque
1440 965 1666 1028 adflixi-t
1706 965 1961 1035 Achilles
1980 1011 1998 1026 .

334 1067 436 1118 140
463 1057 617 1118 Tum
662 1055 853 1136 clipeo
899 1053 1269 1134 genibusque
1313 1050 1594 1135 premens
1636 1053 1983 1135 praecordia
2035 1053 2231 1115 duris

464 1144 668 1207 Vincla
711 1142 895 1205 trahit
937 1142 1135 1224 galeae
1163 1162 1181 1204 ε
1228 1160 1381 1222 quae
1423 1161 1634 1223 presso
1680 1141 1915 1204 subdita
1958 1149 2184 1204 mento

463 1232 710 1294 Elidunt
753 1233 955 1295 fauces
980 1278 1000 1312 ‚
1044 1239 1108 1293 et
1150 1233 1521 1311 respiramen
1563 1232 1800 1311 iterque

464 1320 744 1401 Eripiunt
788 1322 1014 1381 animae
1042 1364 1058 1382 .
1111 1321 1338 1382 victum
1360 1320 1636 1400 spoliare
1680 1318 1959 1400 parabat:

465 1409 642 1470 Arina
667 1408 876 1471 relicta
902 1406 1090 1469 videt.
1124 1425 1344 1488 corpus
1372 1407 1520 1469 deus
1549 1409 1825 1487 aequoris
1852 1406 2053 1468 albam
2070 1419 2116 1461 t·
2139 1420 2367 1464 ⁰1:22¹ss-

337 1507 438 1559 ιω
468 1496 731 1559 Contulit
774 1499 839 1559 in
883 1495 1187 1558 volucrem
1211 1543 1231 1577 ‚
1278 1498 1451 1557 cuius
1496 1494 1672 1556 modo
1719 1513 1936 1557 nomen
1982 1494 2277 1565 habebat
2300 1543 2318 1558 .

553 1584 664 1647 Hic
709 1583 916 1665 labor„
960 1583 1106 1646 haec
1150 1585 1423 1664 requiem
1467 1582 1794 1647 multorum
1836 1601 2040 1664 pugna
2092 1584 2370 1648 dierum

465 1672 678 1736 Attulit
722 1681 785 1735 et
825 1675 1037 1753 positis
1079 1690 1221 1752 pars
1266 1680 1520 1753 utraque
1566 1671 1835 1734 substitit
1878 1673 2067 1734 armis
2088 1718 2105 1734 .

466 1761 739 1842 Dumque
784 1761 925 1842 vigil
969 1760 1261 1841 Phrygios
1306 1769 1504 1823 servat
1546 1759 1817 1823 custodia
1859 1777 2073 1822 muros
2090 1807 2115 1844 ‚

466 1850 546 1913 Et
586 1850 727 1931 vigil
770 1849 1072 1929 Argolicas
1117 1857 1316 1911 servat
1359 1848 1628 1911 custodia
1672 1849 1862 1910 fossas
1877 1896 1897 1930 ,

335 1950 439 2003 160
465 1939 642 2001 Festa
688 1938 814 2000 dies
861 1937 1064 2000 aderat
1087 1984 1106 2019 ,
1152 1955 1272 2017 qua
1318 1936 1502 2018 Cygni
1545 1939 1735 1999 victor
1778 1935 2035 1999 Achilles

465 2026 699 2090 Pallada
744 2033 1029 2089 mactatae
1075 2025 1345 2106 placabat
1389 2027 1676 2104 sanguine
1721 2042 1931 2086 vaccae
1950 2072 1966 2085 .

468 2116 651 2179 Cuius
698 2123 767 2177 ut
808 2115 1075 2195 inposuit
1116 2122 1394 2194 prosecta
1437 2113 1766 2192 calentibus
1813 2115 1931 2174 aris
1949 2160 1969 2194 ‚

465 2204 544 2267 Et
589 2204 680 2266 dis
726 2211 1007 2284 acceptus
1051 2204 1387 2282 penetravit
1428 2204 1492 2263 in
1536 2201 1778 2263 aethera
1821 2200 1994 2263 nidor
2011 2248 2030 2282 ,

468 2292 651 2354 Sacra
693 2290 886 2355 tulere
931 2308 1101 2354 suam
1124 2336 1144 2371 ‚
1186 2308 1329 2370 pars
1373 2297 1468 2352 est
1511 2289 1645 2351 data
1690 2298 1889 2352 cetera
1933 2291 2169 2352 mensis
2186 2337 2200 2351 .

338 2392 439 2444 155
466 2378 836 2442 Discubuere
881 2380 1031 2440 toris
1074 2396 1359 2459 proceres
1404 2387 1468 2441 et
1511 2395 1762 2458 corpora
1804 2385 1964 2439 tosta

469 2469 661 2530 Carne
705 2467 941 2549 replent
962 2515 983 2549 ,
1028 2469 1284 2546 vinoque
1330 2466 1528 2528 levant
1571 2484 1864 2546 curasque
1911 2467 2201 2546 sitimque
2221 2513 2237 2527 .

473 2558 601 2618 Nun
645 2555 778 2618 illos
825 2554 1085 2618 citharae
1109 2603 1129 2637 ,
1173 2571 1297 2617 non
1339 2555 1474 2617 illos
1519 2557 1780 2616 carmina
1822 2571 2037 2616 vocum

473 2646 740 2726 Leugave
784 2644 1074 2706 multifori
1119 2642 1376 2705 delectat
1417 2642 1563 2705 tibia
1606 2642 1788 2724 buxi,

473 2734 585 2794 Sed
637 2740 871 2795 noctem
914 2749 1190 2794 sermone
1234 2731 1481 2794 trahunt
1503 2779 1524 2815 ‚
1568 2733 1876 2811 virtusque
1920 2731 2212 2810 loquendi

345 2838 441 2882 ico
473 2826 713 2884 filatur-ia
756 2828 852 2883 est
876 2867 892 2883 .
946 2839 1206 2902 pugnam
1251 2821 1525 2883 referunt
1567 2819 1877 2899 hostisque
1922 2837 2217 2900 suamque
2235 2867 2257 2901 ,

477 2914 657 2990 [nque
701 2912 862 2973 vices
907 2909 1064 2971 adita
1108 2917 1287 2988 atque
1333 2908 1619 2970 exhausta
1659 2907 1923 2989 pericula
1968 2925 2152 2987 saepe

473 3002 613 3062 Com
621 3015 948 3060 memorare
993 3000 1195 3060 iuvat.
1253 2995 1396 3076 quid
1442 2999 1603 3059 enim
1644 2996 1992 3077 loqueretur
2026 2995 2305 3058 Achilles
2319 3044 2342 3079 ,

473 3090 589 3150 Λιιῑ.
633 3085 775 3167 quid
813 3086 968 3167 apud
1005 3103 1284 3166 magnum
1328 3087 1528 3166 potius
1563 3085 1953 3165 loquerentur
1978 3083 2281 3146 Achillem
2301 3084 2345 3147 ⁴?

477 3178 585 3238 Pru
593 3178 745 3238 xima
787 3177 1108 3256 praecipue
1153 3174 1376 3236 domito
1422 3175 1669 3235 victoria
1713 3173 1912 3253 Cygno

345 3278 441 3326 υἱώ
477 3266 537 3322 [11
589 3281 860 3326 sermone
905 3265 1022 3325 suit
1045 3309 1062 3325 .
1118 3265 1311 3325 visum
1353 3261 1622 3324 mirabile
1668 3264 1901 3324 cunctis
1916 3308 1939 3343 ,

477 3354 565 3422 Qu
573 3354 645 3412 cd
689 3353 890 3413 iuveni
934 3369 1156 3433 corpus
1201 3351 1362 3413 nullo
1408 3348 1775 3431 penetrabile
1816 3349 1939 3412 telo

477 3442 880 3520 invictumque
925 3457 960 3500 a
995 3440 1249 3509 ⁷vulnere
1295 3446 1426 3502 erat
1448 3486 1467 3520 ,
1512 3439 1858 3518 ferrumque
1901 3438 2142 3502 terebat
2160 3488 2176 3505 .

473 3530 597 3586 Hor,
645 3530 771 3608 ipse
816 3528 1098 3590 Aeacides
1123 3574 1144 3610 ,
1187 3527 1305 3589 hoc
1348 3526 1717 3590 mirabantur
1759 3527 1967 3589 Achivi
1988 3575 2002 3589 .
