2467 4042
16 3 1220 57 ——ss—-—-q

428 264 459 316 v.
479 266 627 317 oro-445.
967 257 1032 322 323

380 424 410 487 4.
434 421 522 504 [no]
569 423 599 487 5.
621 421 682 488 no

36 561 96 609 415
112 547 202 609 Hunc
221 548 296 628 Lyra
321 568 409 610 curva
428 551 513 627 sequi
532 558 678 630 cuperet,
701 548 751 609 sed
775 548 881 609 idonee
900 547 1032 608 nondum

160 636 214 697 list
237 638 304 699 vie.
345 655 403 697 nox
426 646 526 716 aptum
549 639 638 698 tertia
661 646 778 718 tempus
801 639 876 698 erit.

477 793 505 856 6.
527 790 586 857 Fu

114 925 259 1006 Scorpius
281 927 313 986 in
336 925 439 1006 coelo,
462 944 531 988 cum
553 945 620 989 cras
642 926 793 988 lucescere
817 926 915 987 Nonas

160 1013 313 1095 Dicimus,
334 1032 352 1083 ,a
375 1014 470 1075 medio
493 1024 578 1094 parte
601 1023 720 1076 notetus
743 1017 817 1076 erit.

180 1167 433 1236 solioum
478 1170 507 1235 8.
531 1162 594 1234 HF
640 1168 895 1235 eruunt-N

114 1304 191 1365 llinc
215 1305 266 1365 ubi
288 1305 445 1384 protulerit
468 1305 596 1366 formoso
619 1313 666 1366 ter
688 1304 840 1384 Hesperus
862 1322 931 1384 oro,

47 1404 101 1453 420
163 1391 222 1451 'ler
246 1391 383 1453 dederint
404 1391 524 1453 Phoebo
548 1393 645 1454 sidero
668 1394 744 1453 vieto
765 1392 882 1472 locum,

115 1478 203 1540 Ritus
226 1482 283 1542 erit
306 1482 436 1560 veteris,
458 1487 603 1541 nocturno
627 1479 765 1541 Lemuria
777 1527 786 1560 ,
809 1482 902 1541 socri:

162 1567 286 1628 lnlerios
308 1569 406 1631 tacitis
428 1567 564 1629 monibus
586 1567 635 1629 ille
658 1566 786 1629 dobunt.

117 1657 220 1717 Annus
243 1665 307 1718 eret
329 1655 469 1736 brevior,
492 1674 548 1718 nee
571 1656 667 1718 adhuc
690 1658 737 1736 pio
759 1654 864 1717 februo
886 1666 1008 1736 norunt,

161 1742 222 1805 Nec
245 1753 278 1806 tu
301 1743 359 1805 dux
383 1761 541 1825 mensum,
563 1744 633 1807 lone
655 1743 811 1824 biformis,
835 1761 918 1806 eras:

47 1843 103 1895 425
117 1833 177 1894 lam
196 1840 299 1894 temen
322 1834 452 1894 extincto
475 1835 570 1894 cineri
592 1851 644 1894 suo
668 1832 743 1893 dono
766 1831 918 1912 serebant,

162 1920 381 2000 Composithue
404 1938 497 2001 nepos
519 1920 606 1983 husto
628 1920 726 2001 plebat
748 1921 811 1982 evi.

117 2007 228 2070 Mensis
251 2017 315 2070 erat
336 2008 431 2070 Maius
443 2055 452 2090 ‚
475 2012 619 2072 maiorum
642 2011 761 2070 nomine
784 2007 899 2089 dictus,

162 2095 220 2167 Qui
242 2107 356 2177 partem
378 2099 471 2176 prisci
494 2116 573 2160 nunc
596 2115 714 2178 quoquc
737 2099 829 2158 moris
851 2096 956 2159 hebet.

118 2183 179 2245 Nor
205 2184 255 2247 ubi
279 2188 335 2247 iam
359 2186 455 2247 media
478 2194 552 2268 est,·
568 2203 731 2265 somnoque
754 2185 869 2247 silentio
891 2185 1014 2265 praebet

51 2285 105 2335 430
162 2272 201 2335 Et
223 2276 304 2335 conis
327 2275 475 2335 etruriae
499 2276 684 2336 conticuistis
706 2291 791 2353 oves,

119 2361 169 2423 llle
193 2380 306 2423 mernor
327 2363 438 2424 veteris
461 2365 536 2423 ritus
559 2362 740 2441 timidusque
763 2360 886 2423 deorum
911 2355 914 2361 ’

163 2449 286 2531 Surgit3
307 2449 418 2512 hubent
439 2453 548 2530 gemini
570 2449 685 2511 vinculo
709 2448 788 2510 nullo
811 2449 919 2528 pedesr

120 2539 267 2618 Signaque
290 2537 339 2599 dot
362 2539 462 2618 digitis
484 2538 581 2600 medio
604 2556 673 2599 cum
694 2537 800 2618 pollice
823 2539 950 2617 iunctis,

163 2626 308 2688 Occurrat
330 2629 420 2689 tacito
443 2644 480 2687 ne
503 2626 576 2688 levis
598 2625 702 2687 umbro
725 2625 797 2686 sibi.

52 2715 252 2794 tescumque
275 2732 379 2776 manus
401 2733 492 2795 puros
514 2716 633 2777 lontano
655 2713 765 2794 perluit
787 2714 882 2796 undo,

163 2801 315 2884 Vertitur,
338 2812 369 2864 et
391 2806 491 2883 nigros
514 2805 621 2883 occipit
643 2811 710 2864 onte
733 2802 831 2884 lobes,

119 2892 306 2970 Aversusque
329 2894 420 2954 iecit.
461 2891 513 2953 sed
536 2891 607 2954 dum
630 2893 720 2972 iecit,
740 2886 828 2953 ‘hoec
852 2909 906 2970 ego
930 2893 1032 2970 mitto,

161 2975 230 3042 llis'
253 2983 350 3060 inquit
373 2975 502 3042 ‘redimo
525 2998 632 3059 meque
655 2997 797 3059 meosque
820 2973 928 3040 labisl'

120 3068 180 3128 lloc
202 3071 304 3128 novies
326 3069 420 3149 dicit,
442 3086 498 3130 nec
520 3070 660 3149 respicit.
700 3067 806 3129 umbra
828 3073 949 3147 putator

57 3167 108 3216 tto
163 3154 306 3235 Colligere
329 3165 360 3218 et
381 3156 463 3218 nullo
485 3166 568 3235 tergo
590 3156 709 3217 vidente
732 3156 834 3234 sequi.

121 3241 234 3304 liursus
257 3262 362 3323 aquam
385 3247 477 3323 tangit
490 3292 498 3324 ‚
521 3245 740 3322 Temesacaque
768 3249 927 3322 concrepet
949 3259 1033 3323 aero,

162 3330 200 3393 lit
222 3339 328 3411 rogat,
350 3340 384 3393 ut
406 3334 494 3394 tectis
516 3342 601 3394 excat
625 3330 729 3393 umbra
752 3334 830 3393 suis.

121 3420 191 3482 Cum
215 3419 288 3480 dixit
310 3422 412 3481 novies
435 3415 553 3482 ‘mones
576 3422 654 3482 exite
677 3421 793 3499 paterni
801 3414 826 3501 ‚'

162 3508 314 3589 Respicit,
337 3518 368 3570 et
389 3527 465 3588 pure
487 3527 571 3571 sacro
592 3516 712 3589 pernota
734 3515 835 3587 putot.

59 3596 199 3659 ttollicta
223 3599 262 3659 sit
284 3597 364 3659 unde
387 3597 473 3677 dies,
496 3615 571 3677 quoe
594 3597 722 3658 nominis
745 3604 825 3657 extet
847 3598 946 3674 origo,

821 3691 875 3749 nt*
