2467 4042
195 210 262 274 350
603 208 796 263 pasionum
812 243 818 257 .

283 373 355 434 Post
378 382 475 434 tamen
498 372 556 434 boc
578 390 651 434 ausa
672 383 720 435 est
741 374 902 454 templum,
925 378 1123 439 monimenta

829 465 982 544 parentis,

327 547 483 626 Tangere.
523 550 598 609 mira
622 549 741 628 quidem
753 595 764 630 ,
789 549 844 611 aed
865 557 966 612 lamen
997 560 1070 612 acta
1084 551 1196 632 dopna.

285 635 408 714 Signum
431 644 495 697 erat
517 638 549 698 in
571 635 645 697 solio
668 637 803 698 residens
826 637 882 699 sub
904 640 1040 718 imagine
1067 640 1162 720 Tulli3

327 723 442 785 Dicitur
464 724 520 784 hoc
543 724 638 785 oculis
660 727 835 805 opposuisse
857 743 1003 807 manum,

218 823 269 873 616
283 811 322 872 Et
343 829 400 872 vox
422 811 521 873 audita
544 820 592 873 est
614 807 726 875 ‘voltus
749 813 919 875 abscondite
942 824 1095 897 nostros,

326 898 370 960 Ne
393 907 478 961 natae
500 899 619 962 videant
641 919 693 962 ora
716 901 842 963 nefanda
864 897 984 962 meael'

283 986 370 1048 Veste
393 987 460 1049 data
483 990 616 1066 tegitur.
656 996 735 1050 vetat
756 987 833 1050 hanc
855 989 990 1051 Fortuna
1013 994 1150 1071 moveri,

326 1073 364 1135 Et
387 1077 431 1136 sio
453 1093 470 1135 ε
493 1075 603 1154 templo
628 1084 675 1137 est
695 1079 759 1156 ipsa
781 1076 879 1138 locuta
901 1095 978 1139 suo:

283 1156 360 1224 ‘Ore
383 1162 512 1224 revelato
536 1180 594 1242 qua
616 1165 747 1243 primum
767 1163 835 1225 luce
857 1163 971 1243 patebit

218 1262 269 1313 620
328 1250 471 1331 Servius,
493 1250 565 1312 haec
588 1254 678 1331 positi
700 1253 795 1331 prima
818 1252 940 1331 pudoris
962 1248 1064 1314 erit.'

282 1337 422 1419 Parcite,
444 1346 619 1418 matronae,
641 1342 746 1400 vetitae
769 1342 915 1420 attingere
937 1348 1061 1421 restes3

328 1425 469 1487 Sollemni
492 1429 563 1488 satis
586 1434 633 1488 est
656 1445 727 1488 voce
750 1444 868 1489 morere
891 1445 1019 1507 preces.

284 1513 388 1592 Sitque
411 1520 501 1592 capnt
523 1532 641 1594 semper
663 1515 794 1576 Romano
817 1523 914 1577 tectus
938 1518 1077 1597 emolu,

328 1601 386 1672 Qui
408 1619 462 1661 rex
483 1604 515 1663 in
538 1611 641 1664 nostra
664 1605 807 1682 septimus
829 1601 908 1664 Urbe
932 1603 1007 1664 luit.

218 1701 269 1751 666
283 1688 405 1751 Arserat
426 1689 484 1750 hoc
506 1689 672 1769 templum.
712 1692 797 1769 signo
819 1699 917 1752 tamen
939 1689 993 1752 ille
1015 1695 1155 1773 pepercit

326 1775 429 1855 lgnis3
453 1794 540 1856 opem
562 1786 632 1839 nato
654 1778 799 1839 Mulciber
819 1780 884 1859 ipse
906 1777 993 1840 tulit.

282 1863 416 1943 Namque
437 1872 522 1944 pater
545 1865 623 1927 'lulli
647 1863 813 1946 Volcanus,
837 1865 958 1928 Ocresia
981 1875 1085 1929 mater

326 1951 495 2031 Praesignis
517 1954 592 2014 lacie
615 1952 810 2015 Corniculana
832 1954 905 2015 luit.

282 2039 365 2101 lianc
388 2057 490 2100 secum
513 2039 679 2122 Tanaquil,
701 2044 794 2102 sacris
817 2041 854 2102 de
877 2058 959 2102 more
982 2046 1121 2122 peractis
1128 2092 1137 2125 ,

217 2139 268 2191 666
326 2127 470 2213 lussitln
494 2136 631 2190 ornatum
653 2128 779 2190 sundere
801 2131 867 2190 vina
890 2131 1009 2191 locum.

281 2213 336 2277 Hic
359 2217 437 2276 inter
460 2217 576 2277 cineres
599 2215 721 2279 obsceni
743 2218 837 2278 lorma
859 2216 951 2278 virilis

325 2302 384 2365 but
406 2304 484 2385 luit,
506 2313 559 2365 aut
581 2306 642 2366 visa
665 2312 732 2366 est:
765 2304 817 2366 sed
840 2306 897 2367 luit
917 2304 966 2366 illa
989 2309 1107 2385 magis.
1209 2360 1210 2377 ,

281 2390 366 2452 losse
387 2390 452 2453 loco
475 2393 589 2471 captiva
611 2392 717 2454 sedet.
757 2400 919 2473 conceptus
942 2391 977 2453 ab
1002 2393 1057 2454 illa

327 2478 448 2540 Servius
471 2498 488 2541 a
510 2478 591 2540 caelo
614 2482 727 2541 semina
749 2482 847 2559 gentis
868 2478 972 2541 babet.

216 2579 268 2629 666
282 2566 372 2646 Signa
394 2566 476 2628 dedit
499 2569 615 2646 genitor
637 2575 710 2629 tunc
722 2614 732 2649 ,
754 2586 824 2629 cnm
846 2576 935 2648 caput
954 2570 1026 2646 igne
1049 2587 1175 2633 corusco

327 2654 478 2736 Contigit,
500 2657 591 2735 inque
614 2658 707 2717 comis
729 2655 978 2718 flammeus-arsit
1001 2674 1099 2737 apex.

281 2742 323 2805 'l'e
347 2760 466 2822 quoque
488 2744 642 2822 magnilica
654 2790 664 2824 ,
687 2743 872 2824 Concordia,
894 2742 1014 2823 dedicat
1036 2746 1114 2808 aede

325 2829 428 2910 Livia,
451 2848 540 2910 quam
563 2849 631 2892 caro
654 2834 802 2911 praestitit
824 2834 888 2910 ipsa
909 2833 991 2892 viro.

283 2917 370 2979 Disce
392 2926 492 2979 tamen
504 2964 514 2999 ,
536 2921 658 2983 veniens
681 2926 762 2982 aetas
774 2966 784 2999 ,
806 2919 859 2981 ubi
880 2918 962 2980 Liria
984 2937 1071 2982 nnnc
1095 2931 1141 2984 est
1209 2960 1210 2973 2

217 3017 268 3068 646
326 3005 487 3087 Porticus,
509 3007 671 3069 immensae
694 3015 772 3069 tecta
794 3007 885 3069 luisse
907 3006 1034 3068 domus.

282 3092 371 3155 Urbis
394 3111 469 3173 opus
492 3094 597 3157 domus
620 3112 680 3157 una
702 3096 780 3176 luit,
803 3097 988 3174 spatiumque
1013 3095 1155 3179 tenebat,
1209 3172 1210 3181 ἵ

328 3181 392 3253 Quo
415 3181 536 3243 brevius
558 3185 653 3245 muris
676 3182 784 3264 oppida
806 3182 898 3245 multa
919 3189 1043 3244 tenent.
1209 3188 1210 3265 j

282 3268 362 3331 Haec
383 3277 507 3349 aequata
531 3270 594 3331 solo
618 3278 686 3352 est,
708 3269 789 3335 nullo
812 3268 869 3332 sub
891 3271 1017 3332 crimine
1039 3274 1148 3353 regni,
1209 3278 1210 3347 l

328 3355 386 3418 Sed
410 3359 479 3438 quia
500 3358 618 3420 luxuria
640 3359 702 3419 risa
724 3375 832 3420 nocere
854 3376 925 3419 sua.

217 3457 268 3507 646
284 3445 433 3507 Sustinuit
455 3454 552 3507 motas
574 3464 699 3526 opernm
721 3445 895 3508 subvertere
917 3443 1030 3527 moles,

327 3532 443 3611 'l'otque
467 3550 535 3593 suas
558 3533 647 3595 heres
669 3533 794 3613 perdere
817 3532 925 3595 Caesar
946 3550 1038 3613 opes.
