2467 4042
98 280 163 336 XIV

100 446 252 523 superiore
264 448 414 506 exoletum
427 447 490 507 vidi
499 448 685 525 -singulos
699 447 811 524 passim
826 452 879 509 aut
892 449 993 524 plures
1003 468 1114 510 versus

99 535 288 595 oblitteratos
311 535 447 610 baberet,
477 536 637 595 transcribi
658 536 691 594 in
712 536 773 595 alia
799 537 979 612 exemplaria
1000 537 1111 612 potuit,

98 623 147 683 vel
175 622 279 682 eodem
304 624 355 682 vel
381 623 525 698 ampliato
552 624 730 700 paginarum
751 622 852 697 modo,
879 628 998 700 notato,
1025 628 1112 701 puto,

98 711 274 787 plerumque
305 730 459 786 versuum,
495 712 546 788 qui
579 711 642 787 legi
672 729 732 771 non
761 715 935 789 potuerant,
970 731 1108 789 numero,

99 817 173 874 quas
201 800 322 859 lacunas
349 817 409 857 non
431 799 535 858 eodem
557 802 691 875 tempore
720 818 836 875 omnes,
863 802 934 860 ante
957 801 1108 860 saeculum

98 889 201 946 tamen
218 905 263 946 x11
279 887 493 962 propemodum
513 888 615 947 sedulo
635 905 736 947 omnes
751 888 885 962 expletas
898 888 1039 947 credibile
1054 892 1107 949 est

187 973 263 1033 Sunt
294 975 366 1034 baec
398 976 487 1050 paulo
519 975 695 1051 explicatius
728 975 912 1035 declaranda.
964 994 1029 1035 rem
1060 981 1106 1036 ta·

99 1081 168 1121 men
190 1062 294 1138 ipsam,
317 1062 354 1122 de
377 1081 436 1138 qua
458 1062 567 1138 agitur,
590 1063 664 1123 satis
683 1063 744 1123 iam
761 1081 830 1122 reor
846 1067 1010 1139 patescere,
1032 1083 1110 1139 quae

98 1151 131 1209 in
161 1151 291 1209 carmine
323 1151 442 1211 tantulo
473 1152 593 1226 plenam
625 1151 852 1227 explicationem
883 1170 944 1211 non
975 1152 1109 1212 habebit.

98 1238 277 1314 paginarum
299 1238 455 1314 archetypi
478 1239 715 1299 dinumeratione
742 1238 852 1315 triplex
874 1239 951 1298 illud
973 1240 1104 1315 interpo-

99 1326 219 1385 lationis
249 1345 344 1403 genus
374 1327 564 1404 proponitur:
597 1346 703 1405 unum,
736 1346 794 1404 quo
827 1327 1007 1387 detrimenta
1040 1347 1110 1404 sup·

99 1415 232 1490 plentur,
256 1416 397 1490 alterum,
421 1414 519 1490 siquid
541 1415 574 1474 in
594 1415 712 1491 paginis
736 1434 828 1491 supra
850 1416 1018 1491 legitimum
1040 1434 1107 1475 ver·
1230 1450 1233 1454 Α

99 1521 187 1561 suum
212 1521 370 1562 numerum
396 1503 553 1579 infertum,
580 1504 666 1563 velut
692 1503 729 1562 de
752 1495 825 1582 (23)
848 1506 879 1562 et
901 1495 974 1583 (25)
997 1503 1107 1562 indica-

98 1591 217 1666 bamus3
253 1591 389 1664 tertium,
421 1589 518 1650 minus
549 1609 604 1666 per
631 1591 750 1667 singula
781 1590 983 1667 conspicuum,
1021 1591 1109 1667 quod,

99 1678 224 1756 integris
243 1679 398 1755 archetypi
415 1678 533 1756 paginis
546 1679 801 1757 comprehensum,
824 1679 933 1739 aetatis
947 1679 1108 1755 superioris

100 1785 165 1826 esse
188 1767 346 1843 oportebit.

187 1852 283 1913 Primi
313 1855 429 1932 generis
460 1855 492 1913 in
523 1855 663 1914 extremis
695 1856 813 1931 paginis
840 1855 986 1932 quaedam
1012 1856 1109 1914 latere

99 1947 232 2019 possunt.
285 1943 317 2000 in
340 1942 415 2002 serie
438 1942 492 2001 illa
513 1943 655 2002 continua
677 1944 855 2020 paginarum
877 1944 1010 2020 priorum
1032 1956 1108 2002 xvn

100 2031 233 2091 offendor
259 2031 385 2090 disticho
415 2033 477 2091 197
511 2034 582 2093 198.
636 2032 712 2090 Iade
733 2032 813 2107 quod
834 2031 975 2108 legimus,
1002 2031 1110 2089 referri

99 2137 159 2178 non
180 2122 282 2194 potest
304 2118 342 2178 ad
365 2123 447 2177 touta
467 2120 548 2178 malo
570 2137 646 2194 quae
669 2118 808 2178 dicuntur
829 2139 857 2180 v.
883 2122 944 2180 196
969 2122 1000 2177 et
1022 2138 1108 2178 enar-

100 2210 206 2265 rantur
224 2205 292 2265 inde
311 2225 330 2266 a
347 2226 375 2267 v.
397 2209 473 2266 161:
492 2225 552 2265 non
570 2211 641 2266 sunt
659 2225 694 2266 ea
713 2212 823 2283 modu,
846 2225 921 2283 quae
939 2206 1111 2266 indicantur

98 2315 135 2367 v,
152 2296 229 2368 203,
260 2295 339 2353 unde
366 2297 483 2370 partem
509 2295 740 2370 deprompturus
767 2299 814 2355 est
841 2298 940 2370 poeta.
995 2295 1110 2354 accedit

100 2382 179 2459 quod
200 2401 301 2456 pauco
329 2400 361 2442 se
390 2385 580 2442 cantaturum
610 2383 696 2458 dicit,
726 2402 774 2443 vv.
800 2384 863 2442 247
889 2384 958 2459 ,248
991 2383 1110 2457 plenius

100 2470 274 2531 vaticinium
291 2470 406 2546 pridem
425 2470 483 2528 sibi
500 2470 713 2530 demandatum
730 2470 777 2529 dis
794 2470 966 2530 iuvantibus
985 2470 1109 2530 orditur.

99 2558 187 2617 credo
220 2558 367 2618 distichon
404 2558 475 2617 olim
507 2558 638 2618 adfuisse
669 2559 702 2617 in
732 2561 808 2619 hano
839 2559 903 2617 fere
918 2559 1107 2635 sententiam,

100 2640 210 2705 ‘nescio
233 2645 310 2705 unde
334 2646 453 2705 initium
475 2647 590 2722 capiam
611 2647 722 2722 uberis,
746 2647 825 2723 quod
846 2646 996 2724 proposui,
1019 2666 1108 2723 argu·

99 2728 213 2794 menti’.
259 2734 409 2811 levigatur
445 2734 489 2793 ita
524 2735 669 2794 transitus
705 2736 757 2794 ille
793 2735 832 2795 ad
867 2734 960 2795 Ibidis
993 2736 1109 2794 natales

98 2842 127 2883 v.
151 2824 224 2883 207.
255 2847 313 2865 -·
341 2822 488 2882 distichon
511 2823 590 2899 quod
613 2827 659 2883 est
685 2824 717 2882 in
744 2827 878 2883 extrema
904 2843 932 2899 p.
957 2816 1023 2903 (3),
1049 2841 1109 2881 non

98 2910 268 2987 putaverim
292 2910 390 2971 Ovidii
417 2929 490 2972 esse.
545 2912 694 2971 sententia
721 2911 854 2988 vulgaris
881 2915 913 2971 et
934 2911 1055 2970 debilis:
1084 2910 1110 2969 si

99 2999 175 3074 Ibis,
198 2998 277 3075 quod
299 3001 386 3075 puto,
409 2998 541 3059 tumidus
563 3004 654 3075 poeta
675 2999 747 3076 fuit,
774 3000 926 3059 involucra
948 2999 1003 3058 illa
1025 2997 1109 3057 fabu-

99 3089 196 3147 larum
222 3106 282 3147 non
309 3086 348 3146 ad
375 3087 573 3164 obtegendam
599 3088 732 3146 dirarum
759 3087 964 3163 acrimoniam,
991 3087 1045 3146 sed
1071 3086 1110 3144 ad

100 3176 299 3235 exacuendam
318 3176 507 3252 spectabant,
530 3175 562 3234 id
580 3177 660 3252 quod
677 3175 813 3235 versibus
838 3177 878 3236 58
903 3177 944 3236 59
971 3176 1012 3234 60
1035 3174 1110 3233 adeo

100 3265 254 3340 perspicue
283 3262 435 3340 proditum
462 3262 594 3338 videtur,
625 3268 660 3323 ut
683 3263 708 3322 si
731 3264 917 3323 dissimulare
940 3265 1029 3338 poeta
1051 3264 1111 3321 ista

100 3352 277 3427 figuratione
300 3351 458 3428 voluisset,
485 3351 599 3410 frustra
626 3352 741 3411 fuisset.
795 3359 897 3412 tamen
922 3352 1045 3410 lacunae
1067 3351 1109 3409 lo-

101 3460 168 3499 cum
203 3458 263 3498 non
290 3439 426 3516 dispici03
462 3438 638 3499 crediderim
669 3438 893 3515 interpolatoris
921 3438 1031 3499 veteris
1058 3456 1105 3513 ap·

100 3526 286 3602 pendiculum
317 3527 377 3586 iam
406 3528 438 3587 in
471 3529 634 3603 archetypo
665 3527 826 3588 inventam.
856 3558 894 3568 -
925 3544 1027 3587 versus
1058 3526 1110 3601 qui

102 3613 265 3673 edebantur
292 3617 333 3673 41
364 3617 421 3692 42,
450 3616 566 3692 primus
594 3615 751 3675 sustulisse
778 3613 897 3676 videor:
928 3614 1114 3674 Schraderus
