2467 4042
498 276 582 346 xm,
601 281 759 332 ‘tte-815.
858 293 970 334 0000000
1068 274 1133 339 2¹17

206 445 323 525 Collis3
350 453 512 522 utrumque
535 442 612 504 latus
636 441 816 503 circumfluit
838 442 976 520 aequoris
998 441 1094 503 unda.

119 545 191 598 '280
205 533 276 595 Huc
299 533 382 594 ferus
404 530 539 592 ascendit
561 529 709 610 Cyclops,
731 530 906 608 mediusque
929 528 1063 609 resedit;

205 621 372 701 Lanigerao
395 619 526 699 pecudes
549 618 631 679 nullo
655 619 784 679 ducente
806 626 944 679 secutae.

206 708 268 772 Cui
288 717 446 789 postquam
468 709 580 788 pinus,
603 706 701 767 baculi
724 724 800 784 quae
822 705 961 786 praebuit
979 723 1084 786 usum,

205 800 287 859 Ante
309 796 401 877 pedes
424 798 520 875 posita
543 803 611 875 est,
635 796 781 856 antemnis
804 803 872 874 apta
894 793 1043 873 ferendis,

208 885 396 965 Sumptaque
418 882 635 945 harundinibus
653 891 806 962 compacta
824 890 871 943 est
886 881 984 944 ostona
998 889 1136 964 centum,

126 985 191 1037 ‘185
208 974 379 1035 Senserunt
402 974 457 1033 toti
479 974 609 1052 pastoria
633 969 718 1031 sibila
740 979 877 1052 montes,

208 1063 379 1124 Senserunt
401 1060 520 1122 undae.
548 1060 667 1120 latitans
690 1077 745 1138 ego
768 1077 844 1139 rupe
866 1060 985 1137 meique

206 1150 310 1212 Acidis
332 1152 364 1210 in
387 1150 500 1229 gremio
524 1147 660 1208 residens
682 1147 789 1227 procul
811 1147 933 1209 auribus
956 1146 1042 1208 bausf

208 1238 294 1299 Tabe
316 1237 394 1298 dicta
416 1239 491 1298 meis
515 1237 674 1314 auditaque
695 1234 786 1296 verba
808 1237 925 1297 notavi:

209 1322 395 1388 “Candidior
418 1323 488 1386 folio
511 1326 611 1405 nivei,
635 1322 775 1405 Galatea,
797 1322 934 1402 ligustri,

129 1427 193 1479 Ι100
208 1414 358 1476 Floridior
379 1415 496 1495 pratis,
517 1411 604 1491 longa
626 1414 781 1492 procerior
804 1412 889 1494 alno,

211 1500 402 1583 splendidior
423 1503 523 1582 vitro,
545 1510 651 1562 tenero
673 1500 810 1562 lascivior
832 1499 952 1583 baedo,

210 1590 320 1652 Levior
342 1589 462 1651 assiduo
486 1588 604 1651 detritis
628 1606 758 1668 aequore
781 1588 922 1671 conchis,

211 1678 333 1740 Solibus
354 1677 511 1759 hibernis,
534 1679 644 1739 aestiva
667 1677 780 1756 gratior
802 1676 926 1755 umbra,

211 1766 346 1828 Nobilior
369 1766 465 1827 forma
487 1783 521 1826 ac
543 1765 662 1846 platano
686 1766 874 1845 conspectior
896 1764 973 1847 alta,

135 1866 196 1919 '195
212 1853 352 1916 Lucidior
374 1853 490 1934 glacie,
511 1864 628 1914 matura
647 1851 763 1914 dulcior
785 1872 859 1935 ura,

213 1942 330 2005 llollior
353 1951 384 2004 et
406 1944 493 2021 cygni
514 1943 624 2022 plumis
648 1952 679 2003 et
700 1941 776 2003 lacte
799 1951 921 2023 coacto,

212 2030 274 2112 Et,
296 2032 322 2093 si
344 2048 405 2093 non
427 2030 523 2109 fugias
535 2079 546 2111 ,
568 2032 655 2110 riguo
678 2030 837 2091 formosior
859 2029 966 2094 hortor

215 2119 335 2180 Saevior
356 2118 508 2180 indomitis
531 2117 635 2180 eadem
658 2117 776 2179 Galatea
797 2120 951 2199 iuvencis,

213 2206 323 2269 Durior
345 2224 457 2268 annosa
478 2225 616 2288 quercu,
638 2206 769 2268 fallacior
793 2206 900 2287 undis,

138 2308 201 2359 000
213 2294 335 2356 Lentior
359 2305 390 2356 ot
411 2295 508 2357 salicis
530 2297 622 2374 virgis
644 2304 676 2356 00
697 2294 806 2357 vitibus
829 2293 922 2375 albis,

213 2382 268 2444 llis
290 2382 461 2445 inmobilior
482 2383 638 2465 scopulis,
659 2381 817 2444 violentior
840 2400 946 2464 amne,

214 2470 346 2533 Laudato
368 2490 482 2552 pavone
505 2470 687 2555 superbior,
710 2473 807 2533 acrior
829 2472 909 2552 igni,

214 2560 357 2640 Asperior
379 2559 520 2642 tribulis,
538 2561 598 2622 feta
621 2558 820 2621 truculentior
842 2577 931 2640 ursa,

216 2648 343 2710 Surdior
365 2647 568 2731 aequoribus,
591 2648 702 2710 calcato
725 2650 858 2709 inmitior
880 2647 993 2730 hydro,

139 2747 200 2802 80⁶
214 2735 275 2818 Et,
297 2736 377 2816 quod
400 2739 561 2817 praecipue
582 2736 689 2798 rebem
710 2735 767 2797 tibi
789 2735 908 2798 demere
931 2755 1069 2820 possem,

213 2824 281 2887 Non
304 2833 421 2887 tantum
443 2843 531 2886 cervo
554 2825 642 2887 claris
665 2824 820 2887 latratibus
843 2833 927 2909 acto,

214 2912 326 2975 Verum
348 2915 438 2975 etiam
459 2915 556 2976 ventis
578 2913 752 2993 volucrique
774 2914 908 2994 fugacior
931 2913 1020 2977 aurai

214 3002 255 3063 Aa
274 3000 351 3063 beno
374 3004 401 3063 si
422 3002 527 3084 noris,
548 3004 648 3083 pigeat
670 3002 804 3085 fugisse,
826 3020 984 3082 morasque

215 3089 282 3169 Ipsa
303 3097 370 3152 tuas
393 3090 514 3152 damnes
537 3100 569 3150 et
590 3108 638 3151 me
660 3093 794 3152 retinere
815 3090 950 3152 labores.

144 3190 202 3242 010
217 3178 295 3240 Sunt
316 3177 390 3240 mibi
402 3227 412 3260 ,
433 3196 503 3258 pars
526 3181 656 3260 montis,
678 3181 744 3239 vivo
766 3178 926 3259 pendentia
949 3196 1019 3240 saxo

213 3269 330 3349 Antra,
352 3266 461 3347 quibus
484 3285 540 3328 nec
563 3267 608 3328 sol
630 3267 727 3329 medio
751 3270 880 3329 sentitur
902 3269 935 3327 in
957 3275 1059 3347 aestu,

213 3355 277 3416 Nec
300 3359 429 3418 sentitur
450 3355 569 3418 hiems.
596 3365 667 3417 sunt
688 3374 777 3437 poma
798 3356 948 3434 gravantia
969 3372 1085 3435 ramos3

215 3442 293 3505 Sunt
316 3462 389 3505 auro
413 3444 526 3506 similes
549 3443 646 3522 longis
668 3447 700 3505 in
723 3443 833 3505 vitibus
856 3460 948 3524 uvae,

215 3533 293 3594 Sunt
317 3542 347 3594 et
367 3550 560 3614 purpureae:
582 3532 638 3592 tibi
661 3543 692 3594 et
713 3532 767 3591 bas
790 3548 942 3591 servamus
965 3541 996 3592 et
1017 3530 1098 3592 illas.

143 3631 200 3684 815
213 3619 282 3702 lpsa
304 3623 363 3684 tuis
386 3620 523 3684 manibus
547 3620 677 3683 silvestri
699 3630 767 3682 nata
789 3618 846 3680 sub
869 3617 975 3680 umbra
