2467 4042
470 209 518 258 111.
538 210 661 260 11-69,
1026 204 1068 269 39

147 374 330 453 Conspicuos
353 379 454 451 postes
477 377 614 449 tectaque
639 368 727 449 digna
750 368 823 430 deo.

98 476 132 524 35
148 459 198 524 ‘Et
228 462 305 522 lovis
337 454 421 521 haec'
454 457 516 519 dixi
548 455 666 518 ‘domus
702 451 788 518 est?'
826 457 905 537 quod
937 466 972 519 ut
1004 476 1070 519 esse

571 553 724 625 putarem,

147 639 313 718 Augurium
335 637 430 697 menti
452 652 564 713 querna
588 650 698 694 corona
722 632 826 694 dabat.

148 726 240 787 Cuius
264 733 298 786 ut
319 725 422 802 accepi
445 723 619 801 dominum,
644 717 720 782 ‘Non
743 716 899 802 fallimur’,
921 723 1043 800 inquam

149 811 198 875 ‘Et
220 815 320 893 magni
342 830 445 873 verum
469 819 515 872 est
536 811 612 871 hanc
635 809 713 870 Iovis
736 827 802 870 esse
826 809 964 875 domum.

149 902 209 963 Cur
232 910 330 962 tamen
354 901 490 978 opposita
513 898 628 959 velatur
650 900 737 959 ianua
760 898 861 978 lauro,

100 1002 134 1050 40
149 989 247 1069 Cingit
270 997 301 1050 et
323 996 463 1067 augustas
486 986 574 1047 arbor
598 1003 688 1064 opaca
712 982 836 1046 comas?

147 1078 225 1139 Num
249 1079 317 1156 quia
340 1084 502 1156 perpetuos
526 1076 636 1136 meruit
659 1074 764 1135 domus
787 1076 844 1136 ista
866 1073 1054 1155 triumphos,

148 1166 193 1227 An
216 1167 285 1245 quia
308 1163 456 1225 Leucadio
481 1181 598 1242 semper
622 1169 716 1223 amata
740 1162 795 1224 deo
819 1170 883 1244 est,

148 1254 253 1332 lpsane
277 1253 355 1333 quod
379 1254 454 1314 festa
478 1259 545 1332 est,
569 1269 605 1311 an
630 1250 710 1330 quod
733 1250 925 1316 iacit.omnia
948 1247 1049 1312 festa?

149 1341 243 1411 Quam
266 1340 374 1401 tribuit
396 1342 508 1420 terris,
532 1341 613 1417 pacis
638 1356 675 1399 an
697 1341 754 1400 ista
778 1348 847 1400 nota
870 1335 942 1400 est?

99 1441 133 1489 45
149 1428 246 1507 thue
269 1431 345 1489 viret
368 1447 486 1508 semper
509 1428 612 1488 laurus
635 1444 691 1487 nec
714 1425 819 1487 fronde
844 1426 954 1488 caduca

150 1517 309 1597 Carpitur,
333 1525 487 1578 aeternum
511 1518 554 1576 sic
577 1513 667 1576 habet
690 1513 739 1575 illa
761 1510 879 1576 decus?

148 1604 242 1666 Causa
266 1607 471 1683 superpositae
495 1606 606 1682 scripto
632 1610 736 1663 testata
760 1620 886 1663 coronae
910 1609 971 1665 ests

149 1693 287 1753 Servatos
310 1694 390 1753 cives
413 1692 524 1753 indicat
546 1692 636 1752 huius
660 1709 733 1769 ope.

148 1781 238 1842 Adice
262 1783 387 1841 servatis
411 1798 526 1860 unum,
549 1787 635 1859 pater
658 1781 792 1859 optime,
816 1780 948 1859 civem,‘

101 1881 134 1929 5ο
150 1869 208 1940 Qui
230 1868 336 1948 procul
360 1876 492 1929 extremo
515 1868 620 1948 pulsus
644 1870 674 1928 in
698 1867 770 1928 orbe
793 1866 882 1948 latet,

148 1957 181 2017 ln
206 1975 264 2037 quo
288 1974 473 2037 poenarum,
497 1974 571 2035 quas
594 1974 627 2017 se
649 1958 795 2017 meruisse
818 1955 946 2035 fatetur,

149 2045 213 2106 Non
237 2046 352 2106 facinus
376 2062 516 2125 causam,
540 2044 592 2105 sed
617 2063 690 2105 suus
714 2062 799 2105 error
821 2042 928 2103 habet.

149 2133 194 2194 Me
218 2132 378 2195 miserum!
404 2151 568 2212 vereorque
592 2132 691 2195 locum
713 2149 878 2210 vereorque
901 2136 1071 2212 potentem,

149 2221 187 2281 Et
209 2224 343 2301 quatitur
365 2221 483 2301 trepido
506 2221 606 2282 littera
629 2227 732 2282 nostra
754 2227 854 2281 metu.

101 2322 135 2371 55
150 2309 265 2388 Aspicis
289 2313 415 2389 exangui
438 2308 569 2370 chartam
592 2309 703 2389 pallere
727 2304 852 2369 colore?

149 2397 264 2476 Aspicis
287 2397 418 2459 alternos
440 2400 631 2460 intremuisse
654 2397 746 2477 pedes
755 2392 777 2456 '2‘

150 2484 425 2566 Quandocumque,
449 2503 579 2567 precor,
602 2493 707 2547 nostro
729 2484 847 2564 placere
870 2486 987 2563 parenti

149 2572 247 2634 isdem
270 2581 300 2637 et
322 2574 377 2635 sub
401 2574 529 2637 dominis
553 2576 697 2653 aspiciare
722 2572 828 2634 domus
838 2567 857 2633 1²

148 2660 220 2722 Inde
244 2671 348 2724 tenore
371 2664 436 2742 pari
458 2663 599 2744 gradibus
624 2661 760 2723 sublimia
785 2660 871 2722 celsis

105 2762 139 2812 on
153 2749 252 2812 Ducor
280 2752 316 2813 ad
339 2752 452 2813 intonsi
475 2751 599 2813 candida
622 2749 733 2828 templa
756 2748 823 2828 dei,

150 2838 238 2918 Signa
261 2842 429 2919 peregrinis
452 2840 505 2900 ubi
527 2845 598 2899 sunt
622 2837 734 2898 alterna
757 2835 918 2914 columnis,

149 2925 267 2987 Belides
291 2935 321 2988 et
345 2928 449 2988 stricto
472 2925 618 2987 barbarus
642 2944 713 2986 ense
735 2934 837 3004 pater,

150 3014 292 3093 Quaeque
315 3017 372 3075 viri
395 3014 482 3076 docto
506 3022 623 3075 veteres
646 3032 752 3093 cepere
775 3014 903 3091 novique

149 3101 297 3183 Pectore,
320 3102 443 3164 lecturis
465 3102 650 3182 inspicienda
672 3109 792 3181 patent.

101 3202 135 3251 55
151 3190 336 3260 Quaerebam
359 3192 467 3252 iratres
479 3238 489 3273 ‚
513 3193 644 3270 exceptis
667 3189 781 3251 scilicet
804 3188 879 3270 iilis,

150 3277 232 3348 Quos
256 3296 329 3340 suus
353 3287 470 3358 optaret
491 3298 551 3341 non
573 3280 711 3360 genuisse
734 3286 837 3356 pater.

151 3366 350 3437 Quaerentem
369 3368 481 3429 frustra
504 3377 604 3430 custos
627 3386 644 3428 e
668 3366 790 3428 sedibus
813 3365 871 3427 illis

151 3454 342 3534 Praepositus
366 3466 467 3519 sancto
491 3458 577 3519 iussit
599 3455 682 3516 abire
705 3455 790 3516 loco.

151 3544 250 3605 Altera
274 3545 382 3624 templa
406 3553 496 3625 peto,
518 3547 614 3606 vicino
639 3546 740 3606 iuncta
764 3543 900 3605 theatro:
