2467 4042
351 208 436 271 80
713 182 729 191 l
761 227 851 262 mo
1176 207 1502 260 METAMM
1517 252 1530 265 .

525 374 733 435 Omnia
777 376 920 436 trita
965 374 1141 435 simul
1166 422 1185 456 ‚
1232 392 1383 453 quae
1429 376 1715 453 sanguine
1760 378 1945 435 mixta
1990 379 2231 437 recenti

393 473 495 523 505
525 462 776 523 Coxerat
820 481 956 523 aere
1002 480 1144 523 cavo
1169 510 1189 543 ‚
1236 461 1408 522 viridi
1444 470 1672 523 versata
1718 465 1912 523 cicuta
1932 509 1947 525 .

522 550 792 630 Dumque
837 558 1052 630 pavent
1094 550 1181 611 illi
1204 598 1222 631 ,
1268 552 1459 629 vergit
1503 550 1714 612 furiale
1759 569 2058 611 venenum

526 639 745 700 Pectus
789 642 852 700 in
898 638 1205 700 amborum
1229 687 1249 719 ,
1296 638 1760 718 praecordiaque
1805 641 2015 700 intima
2064 641 2256 702 movit
2273 689 2287 702 .

524 728 677 789 Tum
722 728 848 788 face
893 730 1106 788 iactata
1149 745 1259 807 per
1304 726 1562 787 eundem
1607 729 1845 805 saepius
1891 728 2103 789 orbem

529 815 928 894 Consequitur
972 818 1151 876 motis
1194 815 1479 877 velociter
1522 814 1761 894 ignibus
1806 818 1977 895 ignes
1997 863 2012 877 .

397 917 501 965 ⁵10
531 905 629 965 Sic
674 906 886 964 victrix
931 906 1197 982 iussique
1242 912 1455 983 potens
1502 904 1573 963 ad
1610 905 1805 964 inania
1850 908 2050 983 magni

524 994 725 1072 Regna
770 991 925 1053 redit
969 991 1118 1052 Ditis
1144 1040 1162 1073 ‚
1217 1001 1639 1071 sumptumque
1694 994 2025 1071 recingitur
2082 1012 2366 1076 anguem.

609 1081 892 1142 Protinus
936 1080 1206 1142 Aeolides
1253 1081 1444 1141 media
1488 1079 1846 1142 furibundus
1891 1083 1955 1141 in
2002 1082 2138 1143 aula

525 1170 748 1231 Clamat
793 1166 872 1230 ‘io
897 1217 916 1251 ‚
961 1172 1209 1231 comites
1234 1217 1253 1250 ,
1298 1170 1391 1229 his
1438 1172 1587 1230 retia
1632 1168 1856 1230 tendite
1905 1169 2108 1232 silvis!

525 1259 635 1320 Hic
678 1257 853 1318 modo
899 1276 1036 1319 cum
1081 1260 1313 1338 gemina
1359 1258 1480 1318 visa
1526 1265 1620 1319 est
1663 1258 1808 1317 mihi
1852 1257 2023 1337 prole
2071 1259 2280 1321 leaena
2298 1257 2337 1344 ,'

393 1358 495 1408 515
525 1348 719 1425 thue
766 1348 925 1407 serae
971 1350 1244 1425 sequitur
1289 1349 1535 1425 vestigia
1580 1348 1849 1425 coniugis
1895 1365 2104 1408 amens
2120 1396 2139 1430 ‚

523 1436 725 1513 Deque
771 1437 907 1497 sinu
953 1438 1159 1496 matris
1206 1435 1500 1495 ridentem
1546 1441 1607 1495 et
1650 1452 1826 1514 parva
1873 1434 2215 1498 Learchum

520 1522 803 1584 Bracchia
848 1524 1191 1585 tendentem
1236 1526 1393 1602 rapit
1436 1531 1498 1584 et
1540 1523 1633 1584 bis
1680 1532 1891 1602 terque
1934 1542 2047 1603 per
2096 1544 2277 1587 auras

527 1613 690 1673 More
739 1620 894 1673 rotat
939 1613 1154 1674 fundae
1181 1660 1199 1693 ,
1247 1612 1557 1691 rigidoque
1602 1612 1846 1672 infantia
1892 1630 2034 1672 saxo

523 1702 778 1762 Discutit
823 1718 926 1761 ora
973 1701 1138 1761 ferox
1168 1747 1183 1761 .
1239 1708 1369 1761 tum
1414 1700 1671 1778 denique
1717 1701 1950 1761 concita
1994 1710 2190 1763 mater
2209 1750 2229 1785 ,

394 1800 496 1851 520
528 1790 647 1850 Seu
695 1789 864 1850 dolor
907 1789 1022 1850 hoc
1067 1790 1210 1850 fecit
1235 1836 1255 1870 ‚
1299 1808 1409 1850 seu
1455 1790 1647 1867 sparsi
1691 1806 1868 1850 causa
1912 1793 2166 1872 veneni,

521 1878 798 1940 Exululat
840 1881 1149 1957 passisque
1197 1879 1348 1956 sugit
1392 1877 1542 1937 male
1590 1895 1729 1938 sana
1775 1877 2005 1955 capillis
2020 1925 2040 1959 ‚

521 1967 726 2052 Teque
773 1968 971 2027 ferens
1016 1985 1263 2045 parvum
1310 1966 1485 2027 nudis
1511 2013 1530 2045 ,
1575 1965 1877 2026 Melicerta
1900 2016 1922 2049 ,
1964 1964 2209 2028 lacertis

522 2051 750 2117 ‘Euhoe
796 2050 1050 2116 Bacche'
1096 2063 1270 2115 sonat
1295 2101 1309 2116 .
1365 2053 1580 2115 Bacchi
1627 2053 1739 2115 sub
1785 2056 2025 2115 nomine
2072 2055 2225 2116 luno

525 2144 676 2204 Risit
720 2153 781 2207 et
825 2140 958 2204 ‘hos
1005 2162 1152 2204 usus
1197 2151 1462 2223 praestet
1506 2138 1636 2203 tibi’
1683 2141 1830 2203 dixit
1875 2138 2176 2205 ‘alumnus
2194 2141 2238 2206 .'

392 2244 492 2293 525
524 2232 798 2294 Imminet
843 2231 1199 2313 aequoribus
1248 2232 1528 2311 scopulus
1554 2279 1573 2311 ,
1618 2250 1756 2311 pars
1800 2233 1918 2291 ima
1963 2241 2209 2293 cavatur

525 2321 827 2383 Fluctibus
874 2330 937 2381 et
981 2329 1168 2382 tectas
1215 2320 1481 2381 defendit
1524 2318 1596 2379 ab
1642 2319 1932 2380 imbribus
1977 2320 2211 2403 undaS,

524 2410 763 2471 Summa
808 2412 964 2488 riget
1007 2411 1382 2487 frontemque
1429 2411 1490 2469 in
1520 2418 1791 2488 apertum
1817 2409 2071 2487 porrigit
2109 2427 2361 2490 aequor.

524 2497 791 2577 Occupat
833 2498 993 2558 hunc
1037 2532 1125 2541 —
1170 2500 1328 2558 vires
1372 2499 1599 2557 insania
1636 2498 1860 2558 fecerat
1903 2528 1989 2540 —
2038 2496 2183 2581 Ino,

527 2589 719 2665 Seque
767 2605 948 2667 super
992 2594 1244 2667 pontum
1290 2586 1450 2648 nullo
1496 2586 1723 2647 tardata
1769 2588 1981 2646 timore

394 2689 495 2737 5:11}
527 2677 699 2737 Ἠίῑιὲῑ
747 2694 1015 2754 unusque
1063 2693 1283 2756 suum3
1329 2693 1612 2755 percussa
1658 2674 1967 2736 recanduit
2011 2674 2206 2737 unda.

527 2771 592 2825 :tt
643 2765 835 2825 Venus
881 2768 1187 2825 inmeritae
1236 2767 1431 2843 neptis
1476 2767 1752 2825 miserata
1795 2762 2028 2823 labores

527 2857 623 2913 Sic
675 2865 879 2933 patruo
926 2852 1185 2914 blandita
1231 2871 1341 2913 suo
1389 2861 1525 2914 est:
1570 2847 1630 2912 ‘o
1676 2870 1895 2913 numen
1941 2869 2268 2931 aquarum,

527 2945 791 3001 Proxima
831 2945 929 3002 cui
975 2942 1136 3003 caelo
1185 2944 1366 3002 cessit
1389 2989 1407 3022 ,
1453 2940 1727 3020 Neptune
1753 2989 1771 3022 ‚
1815 2948 2118 3023 potestas,

527 3033 723 3109 Magna
775 3030 1012 3109 quidem
1056 3048 1239 3110 posco
1265 3078 1284 3112 ‚
1330 3030 1435 3090 sed
1482 3038 1548 3091 tu
1594 3032 1878 3091 miserere
1923 3046 2236 3113 meorum,

394 3133 491 3177 5235
527 3121 727 3177 Ianuari
779 3135 927 3198 quos
973 3121 1169 3180 cernis
1214 3121 1276 3180 in
1322 3117 1488 3179 Ionio
1534 3122 1841 3201 inmenso,

527 3209 596 3265 Er.
647 3209 735 3266 dis
783 3207 926 3269 adde
975 3211 1095 3269 tuis
1123 3254 1138 3270 .
1194 3208 1390 3286 aliqua
1435 3215 1497 3267 et
1542 3209 1686 3268 mihi
1730 3209 1915 3287 gratia
1961 3217 2148 3286 ponto
2200 3220 2324 3287 est,

527 3297 583 3353 Εἰ
635 3309 826 3358 tamen
872 3299 935 3358 in
982 3296 1078 3357 dio
1126 3297 1425 3375 quondam
1470 3305 1747 3357 concreta
1792 3296 2089 3376 profundo

527 3385 743 3461 Spuma
791 3385 921 3466 fui,
967 3385 1327 3464 Graiumque
1372 3392 1573 3446 manet
1626 3385 1769 3446 mihi
1825 3402 2041 3445 nomen
2091 3385 2167 3444 ab
2215 3381 2363 3447 illa.³

523 3477 743 3533 Annuit
791 3476 981 3534 oranti
1026 3473 1340 3553 Neptunus
1386 3481 1450 3534 et
1493 3473 1735 3535 abstulit
1778 3473 1892 3533 illis

390 3573 495 3617 Μή
523 3561 691 3625 Qum]
743 3561 986 3621 mortale
1032 3562 1145 3620 fuit
1171 3608 1188 3639 ‚
1234 3564 1721 3640 maiestatemque
1767 3560 2090 3622 verendam
