2467 4042
355 281 475 346 204
1014 278 1293 339 ARTIS
1334 278 1612 338 AMAT.

603 430 878 493 Partibus
911 431 1198 491 obscenis
1230 430 1606 505 obposuisse
1636 448 1873 493 manus.

396 528 495 583 585
518 518 630 577 Hic
659 515 882 591 aliquis
913 516 1122 575 ridens
1154 515 1241 574 ‘in
1270 530 1398 587 me,
1440 515 1771 575 fortissime
1800 517 2069 591 MavorS,

606 601 670 662 Si
699 599 806 660 tibi
838 606 977 660 sunt
1011 598 1212 671 oneri,
1260 599 1502 659 vincula
1530 600 1794 660 transfer
1808 604 1847 658 Ρ
1891 599 1995 661 ait.

519 688 640 746 Vix
673 684 990 761 precibus,
1036 683 1345 758 Neptune,
1386 682 1505 742 tuis
1536 683 1783 759 captiva
1809 686 2068 745 resolvit

607 770 897 844 Corpora.
971 767 1137 827 Mars
1166 768 1437 826 Threcen
1470 775 1759 843 occupat,
1806 768 1908 827 illa
1933 768 2249 845 Paphum.

130 840 232 980 γ’*
254 774 371 917 L*
397 860 431 895 ο
523 855 653 914 Hoc
688 852 794 913 tibi
826 849 1194 927 protecttrffi,
1241 851 1534 911 Vulcane.
1582 851 1750 926 quod
1780 859 1920 912 ante
1950 852 2274 927 tegebant,

395 949 497 1002 590
602 934 880 996 Liberius
911 935 1166 1009 faciunt,
1209 941 1277 995 ut
1306 935 1509 1010 pudor
1539 935 1736 996 omnis
1767 936 1958 996 abest.

522 1022 723 1096 Saepe
751 1025 951 1080 tamen
983 1020 1237 1079 demens
1270 1020 1449 1079 stulte
1480 1019 1705 1079 fecisse
1736 1020 1975 1101 fateriS,

604 1108 811 1179 Teque
847 1105 1044 1164 ferunt
1077 1102 1224 1163 artis
1253 1119 1295 1178 p
1337 1104 1631 1164 enituisse
1657 1110 1815 1164 tuae.

469 1161 509 1277 †
524 1193 654 1250 Hoc
684 1188 866 1248 vetui.
907 1204 1056 1259 vos,
1099 1119 1480 1330 ecce,{w;etat
1509 1188 1818 1262 deprensa
1845 1186 2042 1248 Dione

606 1271 870 1333 Insidias
902 1272 1068 1347 illas,
1110 1278 1320 1346 quast
1364 1272 1428 1330 lit
1457 1272 1624 1346 ipsa,
1668 1271 1832 1331 dare.

395 1366 493 1420 595
516 1358 640 1418 Nec
669 1373 786 1416 vos
815 1355 991 1416 rivali
1020 1356 1279 1429 laqueos
1311 1355 1649 1430 disponite,
1698 1371 1813 1415 nec
1848 1372 1959 1415 vos

602 1440 881 1516 Excipite
916 1455 1141 1499 arcana
1171 1440 1360 1499 verba
1391 1446 1597 1500 notata
1626 1456 1826 1499 manu.

525 1528 645 1587 Ista
671 1524 786 1584 viri
821 1530 1090 1599 captent,
1140 1523 1192 1583 si
1225 1523 1344 1585 iam
1376 1524 1679 1598 captanda
1711 1523 2023 1599 putabunt,

608 1609 773 1684 Quos
806 1609 987 1668 faciet
1016 1608 1213 1667 iustos
1243 1608 1403 1682 ignis
1434 1614 1493 1667 et
1520 1607 1686 1667 unda
1723 1606 1911 1667 viroS.

527 1695 642 1768 En,
687 1694 898 1753 iterum
937 1697 1146 1752 testor.
1191 1690 1338 1750 nihil
1368 1691 1495 1766 hic,
1534 1692 1652 1751 nisi
1683 1691 1817 1766 lege
1844 1692 2174 1752 remissum

399 1791 497 1839 sisu]
602 1776 873 1836 Luditur.
918 1775 978 1836 in
1007 1775 1234 1835 nostris
1266 1776 1469 1835 instita
1499 1776 1665 1835 nulla
1694 1774 1867 1834 iocis,

527 1862 670 1935 Quis
703 1861 936 1921 Cereris
967 1860 1115 1919 ritus
1147 1861 1307 1919 ausit
1336 1860 1586 1935 vulgare
1617 1860 1913 1934 profaniS,

605 1946 950 2020 Magnaque
978 1944 1256 2003 Threicia
1286 1935 1463 2006 sabra
1489 1950 1733 2019 reperta
1765 1942 1994 2003 Samo?

523 2031 757 2104 Exigua
789 2036 882 2089 est
910 2029 1102 2088 virtus
1134 2034 1451 2102 praestare
1480 2028 1719 2088 silentia
1744 2029 1948 2088 rebus.

608 2118 688 2173 At
717 2120 928 2174 contra
957 2112 1164 2187 gravis
1196 2119 1291 2171 est
1325 2113 1507 2187 culpa
1537 2111 1795 2172 tacenda
1826 2112 2016 2188 loqui.

399 2211 495 2259 miz·
527 2199 571 2259 l]
600 2199 785 2272 bene,
833 2196 1002 2272 quod
1033 2196 1261 2257 frustra
1291 2198 1546 2271 captatis
1578 2196 1798 2255 arbore
1828 2196 2029 2271 pomis
2452 2229 2467 2254 ,v

607 2282 898 2341 Garrulus
928 2280 987 2339 in
1021 2280 1221 2339 medIa
1249 2280 1537 2341 Tantalus
1569 2288 1697 2341 aret
1726 2287 1918 2355 aqua!
2454 2285 2467 2340 l

527 2365 854 2440 Praecipue
884 2364 1183 2443 Cytherea
1213 2365 1380 2424 iubet
1410 2381 1523 2425 sua
1554 2379 1730 2424 sacra
1758 2365 1977 2425 taceri:

605 2449 959 2521 Admone0‚
1007 2448 1214 2508 veniat
1250 2448 1470 2524 nequis
1500 2449 1576 2508 ad
1607 2449 1708 2508 illa
1737 2450 1985 2524 loquax.

527 2535 779 2595 Condita
811 2534 861 2593 si
893 2550 1015 2594 non
1047 2540 1187 2593 sunt
1214 2532 1476 2593 Veneris
1506 2532 1798 2611 mysteria
1830 2533 2019 2608 cistiS,

399 2631 499 2679 νηί)
602 2619 728 2678 Nec
758 2634 915 2678 cava
941 2618 1228 2678 vaesanis
1260 2617 1481 2677 ictibus
1514 2631 1657 2676 aera
1687 2626 1927 2691 sonant,
2455 2667 2460 2676 .

527 2707 798 2763 attamen
838 2702 993 2762 inter
1024 2718 1138 2761 nos
1175 2702 1379 2761 medio
1411 2709 1731 2762 versantur
1761 2701 1818 2759 in
1849 2719 1985 2777 usu,
2462 2728 2467 2761 l

609 2787 733 2848 Sed
766 2788 885 2858 sic,
931 2786 1088 2847 inter
1115 2803 1230 2847 nos
1262 2793 1328 2845 ut
1356 2785 1609 2845 latuisse
1631 2786 1837 2845 velint.

527 2875 664 2947 Ipsa
691 2873 905 2931 Venus
936 2871 1192 2947 pubem,
1242 2870 1525 2945 quotiens
1555 2868 1858 2929 velamina
1889 2870 2078 2946 ponit,

601 2956 940 3032 Protegitur
967 2957 1142 3015 laeva
1173 2954 1584 3015 semireducta
1612 2971 1811 3014 manu.

395 3051 491 3103 ἥτε,
519 3043 583 3099 ln
612 3040 815 3100 medlo
851 3040 1206 3116 passimque
1237 3038 1359 3099 coit
1388 3055 1598 3114 pecus.
1641 3039 1762 3098 hoc
1792 3054 2039 3114 quoque
2068 3040 2209 3099 viso

606 3125 842 3185 Avertit
873 3126 1073 3184 vultus
1108 3139 1298 3199 saepe
1332 3125 1531 3199 puella
1567 3139 1735 3184 suos.

523 3207 899 3270 Conveniunt
927 3208 1175 3267 thalami
1207 3208 1380 3267 surus
1412 3215 1471 3268 et
1500 3208 1680 3266 ianua
1708 3207 1953 3279 nostriS,
2444 3232 2467 3278 ³„

600 3293 872 3367 Parsque
903 3292 1019 3353 sub
1049 3293 1269 3352 iniecta
1299 3298 1474 3352 veste
1505 3292 1795 3367 pudenda
1825 3294 1996 3351 latet:
2449 3307 2467 3368 a,

523 3379 591 3436 Et
619 3378 671 3438 si
704 3394 827 3438 non
858 3376 1173 3449 tenebraS,
1220 3383 1279 3436 at
1310 3376 1598 3451 quiddam
1632 3376 1811 3436 nubis
1844 3390 2078 3451 opacae

395 3475 495 3523 ψεῡ
600 3461 987 3536 Quaerimus,
1035 3466 1219 3535 atque
1250 3460 1481 3535 aliquid
1517 3461 1652 3520 luce
1688 3467 1935 3535 patente
1967 3459 2194 3519 minus.
2435 3483 2466 3536 23,

519 3547 681 3603 Tunc
708 3560 974 3619 quoque,
1003 3559 1136 3602 cum
1163 3546 1356 3604 solem
1381 3544 1651 3604 nondum
1675 3543 2038 3619 prohibebat
2061 3550 2120 3603 et
2142 3542 2395 3606 imbrem
2435 3572 2460 3622 ἡ

2440 3389 2467 3453 't
