2467 4042
1203 251 1609 313 AMORUM

636 407 727 466 Tu
756 406 925 480 mihi,
973 406 1154 480 siqua
1186 404 1379 476 fidos,
1426 421 1574 464 cura
1605 410 1892 480 perennis
1935 409 2079 469 eris.

551 491 776 550 Tecum
810 506 970 568 quos
1010 489 1294 549 dederint
1324 504 1520 548 annos
1552 491 1700 549 mihi
1730 492 1838 552 fila
1863 510 2149 556 sororum
2169 542 2189 570 ,

637 576 866 635 Vivere
900 575 1242 649 contingat,
1285 580 1471 647 teque
1503 572 1752 636 dolente
1779 579 1957 637 mori.

550 659 636 718 Te
664 658 810 718 mihi
838 660 1149 718 materiem
1179 657 1421 716 felicem
1447 657 1511 716 in
1546 660 1817 719 carmina
1846 662 2077 737 praebe

469 753 536 802 20
640 741 1011 803 Provenient
1040 758 1231 802 causa
1263 740 1532 800 carmina
1560 743 1750 816 digna
1780 762 1913 805 sua.

557 827 835 887 Carmine
868 841 1093 887 nomen
1119 825 1349 885 habent
1386 827 1674 886 exterrita
1702 829 1990 890 cornibus
2019 830 2087 891 Io

636 911 713 971 Et
746 928 930 986 quam
960 909 1253 971 fluminea
1290 909 1436 969 lusit
1465 909 1706 971 adulter
1735 929 1881 985 ave,

555 995 851 1070 Quaeque
880 1010 1068 1070 super
1099 999 1351 1068 pontum
1381 994 1664 1056 simulato
1698 1005 1877 1056 vecta
1903 998 2171 1059 iuvenco

642 1080 935 1154 Virginea
961 1078 1155 1139 tenuit
1187 1092 1421 1137 cornua
1447 1094 1602 1137 vara
1636 1096 1840 1141 manu.

469 1173 536 1225 25
556 1164 686 1223 Nos
723 1179 971 1238 quoque
1003 1178 1117 1237 per
1143 1168 1334 1223 totum
1367 1161 1596 1237 pariter
1630 1166 2008 1228 cantabimur
2035 1167 2295 1244 orbem,

638 1248 976 1321 Iunctaque
1015 1261 1262 1321 semper
1292 1253 1466 1305 erunt
1502 1249 1751 1308 nomina
1782 1259 1994 1311 nostra
2027 1251 2173 1311 tuis·

437 1464 491 1555 4
551 1459 676 1555 Vir
704 1502 847 1555 tuus
879 1504 975 1555 est
1007 1497 1223 1571 epulas
1253 1496 1433 1556 nobis
1467 1495 1749 1556 aditurus
1781 1494 2052 1555 easdem.

638 1579 862 1640 Ultima
905 1595 1103 1640 coena
1139 1588 1243 1641 tuo
1276 1580 1383 1654 sit,
1415 1595 1665 1655 precor,
1708 1578 1812 1638 illa
1845 1579 1999 1640 viro.

553 1665 716 1738 Ergo
751 1679 867 1738 ego
901 1663 1184 1724 dilectam
1212 1671 1445 1724 tantum
1473 1663 1743 1724 conviva
1773 1663 2040 1738 puellam

637 1748 999 1823 Aspiciam?
1035 1747 1201 1823 tangi
1235 1764 1419 1822 quem
1446 1749 1643 1821 iuvet,
1688 1748 1840 1807 alter
1873 1748 2028 1807 erit?

497 1844 530 1898 5
555 1833 950 1907 Alteriusque
981 1832 1154 1892 sinus
1192 1840 1334 1908 apte
1370 1831 1646 1892 subiecta
1675 1830 1965 1892 fovebis?

636 1917 852 1977 Iniciet
880 1917 1042 1978 collo
1077 1933 1216 1976 cum
1242 1918 1410 1977 volet
1438 1917 1538 1975 ille
1568 1921 1855 1974 manum?

552 2001 783 2062 Desine
812 2001 1044 2075 mirari,
1086 2001 1292 2076 posito
1324 2000 1491 2074 quod
1529 1998 1793 2058 candida
1824 1999 1968 2059 vino

637 2083 883 2145 Atracis
918 2084 1241 2158 ambiguos
1270 2084 1455 2143 traxit
1479 2084 1542 2142 in
1573 2100 1742 2142 arma
1770 2083 1962 2143 viros.
2113 2085 2443 2162 [haer-ent:

554 2169 677 2228 Nec
719 2169 867 2228 mihi
925 2170 1083 2228 silva
1138 2167 1390 2241 domuS,
1445 2183 1561 2227 nec
1620 2183 1783 2242 equo
1826 2184 1966 2226 mea
2007 2170 2287 2232 membra
2340 2191 2442 2237 co-

472 2265 537 2317 10
643 2253 766 2312 Vix
798 2269 836 2311 a
862 2258 923 2312 te
958 2251 1174 2311 videor
1207 2266 1401 2326 posse
1429 2259 1638 2311 tenere
1665 2268 1903 2312 manus,

554 2338 720 2413 Quae
750 2335 857 2396 tibi
893 2336 1015 2396 sint
1048 2333 1333 2395 facienda
1366 2344 1563 2395 tamen
1584 2383 1600 2411 ‚
1650 2351 1979 2410 cognosce.
2048 2353 2166 2398 nec
2198 2344 2380 2403 euris
2459 2383 2460 2417 ἢ

637 2421 731 2480 Da
758 2436 928 2493 mea,
974 2435 1090 2480 nec
1121 2420 1347 2497 tepidis
1379 2419 1573 2480 verba
1600 2420 1857 2479 ferenda
1888 2420 2068 2482 notiS.

553 2507 716 2565 Ante
744 2505 916 2577 veni,
965 2521 1147 2578 quam
1178 2505 1293 2564 vir.
1365 2521 1480 2565 nec
1514 2503 1692 2578 quid,
1735 2505 1790 2569 si
1825 2506 2073 2566 veneris
2107 2515 2283 2584 ante,

637 2588 844 2651 Possit
881 2589 1009 2664 agi,
1052 2588 1258 2650 video.
1328 2588 1442 2649 sed
1468 2595 1671 2648 tamen
1701 2594 1841 2647 ante
1875 2590 2039 2648 veni.

474 2685 537 2736 15
565 2674 709 2732 Cum
740 2679 978 2749 premet
1004 2674 1106 2733 ille
1141 2681 1371 2748 torum,
1412 2673 1586 2734 vultu
1619 2687 1828 2732 comes
1858 2672 1998 2748 ipsa
2026 2674 2322 2739 modesto

645 2756 793 2832 Ibis,
839 2764 902 2816 ut
932 2756 1296 2832 accumbas,
1342 2759 1495 2816 clam
1525 2756 1672 2816 mihi
1703 2762 1888 2832 tange
1916 2759 2162 2833 pedem.

561 2844 653 2900 Me
686 2848 899 2917 specta
929 2849 1241 2916 nutusque
1270 2857 1443 2903 meos
1476 2841 1830 2917 vultumque
1860 2841 2215 2917 loquacem2

645 2924 877 3001 Excipe
908 2926 1166 2987 furtivas
1200 2933 1262 2986 et
1293 2927 1455 2986 refer
1487 2926 1626 3001 ipsa
1669 2930 1870 2986 notas,

565 3011 762 3070 verba
791 3011 1136 3086 superciliis
1174 3010 1309 3070 sine
1341 3025 1497 3069 voce
1527 3010 1839 3085 loquentia
1870 3008 2101 3069 dicamz

477 3116 485 3124 ·
533 3128 537 3140 ·
645 3095 851 3154 Verba
882 3096 1052 3170 leges
1084 3093 1321 3170 digitis,
1366 3093 1560 3154 verba
1593 3101 1800 3154 notata
1835 3109 2025 3154 mero.

561 3184 704 3240 [Tum
736 3177 842 3238 tibi
875 3187 1193 3240 succurret
1225 3178 1474 3238 veneris
1504 3178 1761 3238 lascivia
1787 3184 2060 3253 nostrae,

645 3263 988 3339 Purpureas
1022 3272 1234 3324 tenero
1272 3262 1495 3338 pollice
1526 3268 1712 3337 tange
1740 3278 1953 3338 genas.

561 3347 777 3420 reliquid
819 3348 961 3424 erit,
1003 3348 1081 3408 de
1108 3363 1206 3407 me
1242 3347 1424 3407 tacita
1457 3346 1626 3423 quod
1654 3354 1855 3408 mente
1886 3347 2197 3425 loquariS,

641 3432 910 3494 Pendeat
943 3440 1212 3492 extrema
1246 3432 1447 3493 mollis
1480 3432 1557 3491 ab
1589 3448 1734 3492 aure
1768 3448 2002 3492 manus.

481 3528 537 3572 ,π-
565 3520 706 3576 *jum
734 3516 842 3577 tibi
874 3532 1031 3592 quae
1077 3515 1325 3590 faciam,
1372 3532 1505 3576 mea
1538 3518 1671 3592 luit,
1719 3516 2024 3589 dicamve,
2070 3518 2451 3592 placebunt.
