2467 4042
209 215 250 278 14
383 232 489 269 nunna
620 214 800 270 uniendi.

293 379 433 442 Protinus
458 379 532 440 alter
554 388 653 461 amat3
677 380 752 459 ingit
773 380 865 443 altera
886 399 995 445 nomen
1019 386 1184 466 amath,

228 478 280 529 4⁷5
295 468 441 530 Silvarum
464 466 596 528 tenebris
618 470 862 549 captivarumque
885 470 1017 532 serarum

292 556 415 618 Exuviis
435 555 567 635 gaudens
590 557 792 636 innuptaeque
814 558 929 619 oenatria
950 558 1112 622 Phoebes.

293 644 371 707 Vitta
392 644 549 707 coercebat
569 646 684 724 positos
706 646 770 706 sine
793 645 858 725 lege
881 647 1019 726 capillos.

292 732 377 795 Multi
399 732 478 795 iilam
500 735 636 813 petiere,
658 732 707 793 ilia
729 742 861 795 arenata
882 743 1020 815 petentes

292 821 452 902 Impatiens
474 838 640 901 expersque
663 823 719 882 riri
741 840 898 884 nemorum
920 823 1139 907 criniosum,

226 920 279 971 480
291 909 354 971 Nec
367 909 438 990 quid
448 908 581 991 Hymen,
594 908 666 987 quid
679 909 787 992 Amor,
801 911 873 990 quid
883 914 944 973 sint
953 912 1103 994 conubia,
1120 925 1214 976 curat

293 997 387 1079 Saepe
409 1005 495 1078 pater
517 997 591 1060 dixit
614 992 769 1076 ‘generum
791 998 864 1060 mihi
876 1046 886 1081 ‚
908 999 990 1080 nna,
1011 1000 1109 1061 debes
1121 997 1142 1062 .’

293 1087 387 1166 Saepe
409 1094 495 1166 pater
516 1086 591 1152 dixit
619 1081 722 1147 ‘debes
743 1086 838 1169 mihi,
860 1095 950 1169 nuta,
972 1096 1102 1170 nepotes
1111 1083 1135 1152 .’

291 1174 365 1256 ilia,
387 1174 468 1236 velut
490 1176 604 1237 crimen
627 1174 727 1235 taedas
750 1192 838 1237 exose
860 1176 973 1254 iugales

291 1261 420 1325 Pulchra
441 1263 611 1325 veremudo
634 1263 816 1324 suffunditur
837 1281 889 1324 ora
911 1264 1042 1346 rubore,

225 1360 277 1412 485
291 1351 385 1430 Inque
406 1353 500 1431 patris
522 1350 638 1413 blandis
660 1350 787 1412 haerens
809 1355 924 1413 cervice
947 1352 1068 1414 lucernis

293 1434 346 1500 ‘iia
369 1439 442 1501 mihi
464 1446 630 1520 perpetua,
652 1441 770 1518 genitor
791 1442 943 1501 unissime
955 1436 976 1522 ‚'
1000 1440 1075 1502 dixit

294 1523 480 1607 ‘virginitate
499 1528 580 1590 irui.
603 1526 686 1590 dedit
708 1527 765 1589 hoc
786 1536 872 1608 pater
894 1537 962 1590 ante
985 1525 1122 1591 manae?

291 1615 344 1677 lile
368 1615 488 1695 quidem
509 1614 707 1695 obsequitur.
734 1616 788 1677 sed
810 1623 840 1677 te
858 1617 949 1677 decor
962 1619 1019 1678 istc
1034 1618 1119 1697 quod
1134 1630 1219 1700 optas

290 1704 366 1765 Esse
389 1712 468 1766 vetat
480 1751 490 1786 ‚
513 1712 641 1783 votoque
664 1712 716 1765 tuo
739 1712 790 1765 tua
811 1705 907 1765 forma
929 1714 1094 1784 repugnat.

225 1804 278 1855 490
290 1792 430 1854 Phoebus
452 1800 531 1855 amat
541 1838 551 1873 ‚
573 1795 713 1871 visaeque
735 1795 819 1873 eupit
840 1792 968 1854 conubia
989 1792 1152 1875 Daphnes,

292 1881 438 1960 Quodque
451 1883 556 1961 cupit,
578 1890 701 1961 sperat3
724 1898 836 1960 suaque
854 1880 938 1943 iilum
956 1882 1077 1943 oracula
1091 1882 1213 1945 faliunt.

292 1969 391 2049 thue
414 1969 493 2030 leves
516 1968 642 2049 stipulae
665 1969 792 2050 demptis
815 1968 971 2030 adolentur
993 1971 1114 2052 aristis,

290 2057 330 2120 Ut
351 2056 466 2120 facibus
488 2075 592 2137 saepes
615 2057 742 2139 ardent,
765 2075 838 2137 quas
861 2058 939 2119 iorte
962 2060 1057 2120 viator

290 2145 344 2207 Vei
366 2148 454 2208 nimis
476 2145 627 2227 admouit,
650 2145 695 2207 rei
713 2148 772 2206 iam
794 2144 850 2207 suh
872 2142 939 2207 luce
962 2144 1107 2228 reliqum

224 2243 276 2295 495
292 2233 341 2297 Sic
364 2233 439 2298 deus
460 2237 493 2298 iu
514 2234 646 2296 flammae
669 2232 763 2315 abiit,
785 2236 828 2295 sic
851 2241 972 2313 pectore
994 2242 1059 2295 toto

292 2322 396 2385 Uritur
419 2332 450 2385 et
473 2321 605 2385 sterilem
628 2322 775 2403 sperando
798 2324 892 2383 nutrit
915 2339 1065 2383 amorem.

291 2410 412 2491 Spectat
433 2413 588 2474 inornatos
610 2410 688 2472 coilo
709 2410 841 2489 pendere
863 2409 1008 2492 capillos,

289 2499 329 2560 Et
351 2496 435 2579 ‘quid
447 2547 457 2580 ,
479 2502 505 2562 si
528 2494 726 2561 comantur?
748 2500 810 2560 ait.
838 2497 918 2559 videt
939 2501 1008 2578 igne
1031 2500 1173 2562 micantes

291 2587 448 2649 Sideribus
469 2587 582 2650 similes
604 2587 731 2667 oculos,
754 2587 834 2649 ridet
855 2585 957 2648 escula
969 2633 979 2668 ,
1002 2604 1079 2666 quae
1102 2606 1160 2649 non

224 2686 276 2739 500
289 2675 345 2737 Est
366 2675 474 2738 vidIssc
497 2677 589 2757 eatie3
611 2675 712 2737 hudat
733 2675 900 2755 digitosque
922 2691 1088 2753 maurusque

288 2764 489 2844 Bracchioque
512 2773 544 2826 et
565 2763 662 2826 nudos
685 2762 781 2824 media
802 2762 871 2843 plus
892 2770 976 2843 parte
998 2762 1142 2826 lacertos:

290 2852 381 2934 Siqua
403 2853 518 2935 latent,
541 2852 664 2914 uenere
687 2860 793 2932 potat.
820 2852 896 2931 fugit
918 2853 1001 2912 ocior
1022 2868 1095 2912 auro

288 2941 341 3002 lile
363 2941 442 3023 levi,
464 2959 563 3020 neque
586 2939 718 3001 adhaec
740 2942 907 3001 remeantis
929 2938 1018 3001 verba
1040 2941 1166 3001 resistit:

290 3024 435 3110 ‘Nympha
447 3077 457 3112 ,
469 3047 578 3110 precor
590 3076 600 3110 ,
613 3028 706 3090 Peuci
718 3075 728 3110 ‚
741 3046 827 3089 mane
842 3027 850 3089 i
868 3045 928 3089 nou
942 3029 1086 3106 insequor
1098 3027 1200 3090 hostis:

187 3163 189 3168 .
223 3126 275 3179 eoi
288 3117 445 3200 Nympha,
468 3115 575 3180 manci
599 3119 643 3178 sic
666 3133 740 3196 agna
761 3117 887 3197 iupum,
909 3118 954 3178 sie
975 3133 1063 3178 cerva
1076 3115 1199 3197 leonem,

289 3205 339 3267 Sic
362 3206 489 3286 aquilam
511 3223 609 3287 penna
631 3206 750 3286 fugiunt
771 3205 937 3286 trepidante
960 3202 1129 3286 columbae,

288 3292 397 3357 Hostes
419 3312 556 3375 quaeque
574 3312 668 3356 suos.
696 3311 779 3355 amor
800 3301 847 3355 est
859 3292 933 3354 mihi
946 3310 1035 3354 causa
1049 3292 1184 3372 sequendi

287 3381 335 3443 iie
357 3381 523 3446 miserum!
546 3401 584 3444 ue
606 3399 702 3462 prona
724 3382 834 3463 cadas,
856 3381 1015 3461 indignare
1036 3380 1112 3441 laedi

289 3469 384 3532 (iruna
407 3480 512 3534 notent
534 3479 658 3552 sentes,
680 3478 713 3533 et
734 3471 791 3531 sim
814 3468 868 3532 tibi
891 3487 980 3533 causa
1002 3468 1127 3529 doloris.

223 3567 275 3621 oro
289 3558 423 3640 Aspera,
445 3578 504 3639 qua
526 3576 692 3640 properas,
715 3558 779 3620 loca
794 3565 885 3620 sunt.
913 3557 1116 3639 moderatius,
1134 3574 1196 3639 oro,
