2467 4042
585 263 828 327 HEROIDES.

322 419 375 482 'iic
390 417 488 493 gradu
503 418 630 494 propior
645 418 820 493 sanguinis,
843 418 893 478 iiie
909 434 1024 494 comcs,

281 504 448 577 Laertaque
464 509 565 578 satus,
585 517 641 577 per
654 518 732 577 quos
748 503 891 563 comitata
904 503 1050 565 redirem:

237 597 271 650 30
326 589 485 648 Auxerunt
499 585 632 647 blandae
650 584 778 663 grandia
793 588 876 648 dena
890 602 1009 664 preces,

280 669 393 746 Viginti
408 671 510 731 inlvcs
527 686 662 746 operoso
678 686 804 732 exsere
819 672 945 746 lebetas,

320 756 357 815 Et
372 754 509 830 tripodas
525 762 644 831 septem
659 755 798 831 pendere
813 762 844 816 et
858 762 922 815 arte
936 771 1044 831 peresa

279 838 393 899 Addita
408 844 481 899 sunt
496 838 555 899 iliis
572 841 639 900 auri
656 838 705 901 bis
724 840 861 915 quinque
878 842 999 916 talenta,

320 924 373 986 Bis
388 939 445 984 sex
460 923 580 986 adsueti
597 923 720 984 vincere
735 939 859 1000 semper
873 925 953 1000 equi,

236 1020 269 1072 35
281 1008 432 1085 Quodque
447 1022 674 1083 supervacuum
688 1015 748 1083 est,
771 1009 870 1069 torma
883 1014 1059 1084 praestante
1074 1015 1207 1086 pueiiae

319 1092 485 1164 Lesbides,
509 1107 620 1153 eversa
635 1107 766 1167 corpora
781 1099 871 1168 capta
885 1094 993 1155 domo:

280 1178 415 1252 cumque
425 1175 554 1239 cothis...
568 1177 626 1237 sed
634 1193 696 1238 non
704 1192 784 1252 opus
792 1176 898 1237 esttibi
907 1177 1072 1252 coniuge...
1084 1183 1178 1241 coni
1195 1208 1200 1238 t

322 1262 369 1320 lix
382 1260 635 1335 Agamemnoniis
649 1277 710 1320 una
723 1262 826 1337 puelia
843 1261 950 1322 tribus.

278 1345 310 1407 Si
327 1345 380 1404 tibi
395 1343 433 1405 ab
450 1344 558 1406 Atride
575 1345 673 1419 pretio
688 1344 868 1405 redimenda
885 1344 1023 1417 inissem,

238 1441 271 1494 ⁴0
325 1428 408 1503 Quae
425 1429 498 1489 dare
513 1427 682 1503 debueras,
703 1429 846 1504 accipere
860 1429 911 1489 iiia
924 1435 1042 1505 negas!

279 1514 344 1589 oua
358 1512 454 1573 merui
472 1492 712 1588 eurpb'ifflnr
729 1513 814 1589 virts,
835 1512 976 1574 nemer

320 1598 385 1673 Quo
402 1595 481 1657 ieris
496 1596 620 1659 anobis
638 1603 699 1658 mm
714 1597 773 1658 cite
793 1597 868 1673 iugit
881 1603 988 1658 amori

278 1686 325 1744 An
341 1683 472 1742 miseros
488 1681 582 1742 tristis
599 1681 722 1743 inmune
736 1682 884 1743 tenaciter
897 1689 992 1756 urget,

319 1768 382 1826 Nec
398 1765 480 1825 venit
496 1766 626 1842 inceptis
642 1765 763 1827 mollior
775 1765 852 1827 hora
868 1766 967 1826 meisi

237 1862 269 1914 ta
282 1852 386 1912 Diruta
402 1856 498 1910 marte
513 1856 564 1911 tuo
580 1850 732 1929 Lyrnesia
747 1850 869 1912 moenia
882 1848 956 1924 vidi,

319 1935 487 1996 struerem
503 1935 620 2009 patriae
636 1950 706 2011 pars
722 1950 781 2010 ego
797 1950 908 2011 magna
922 1946 1020 1993 meae.

278 2020 349 2080 Vidi
364 2027 526 2082 consortes
544 2018 659 2095 pariter
674 2017 861 2095 generisque
876 2018 1025 2093 necisque

319 2107 393 2165 Tres
412 2102 574 2163 cecidisse.
598 2103 709 2176 tribus,
733 2102 914 2182 quaemihi,
934 2107 1030 2163 mater
1044 2112 1122 2164 erat.

277 2188 362 2260 Vidi,
385 2193 517 2265 quantus
532 2194 611 2262 erat,
634 2188 736 2252 iusum
751 2187 859 2248 tenure
873 2192 1007 2261 eruenta,

235 2284 269 2335 50
323 2272 451 2333 Pectora
464 2272 626 2333 iactantem
640 2270 876 2346 sanguinolenta
890 2268 999 2333 virum

276 2357 332 2417 Tot
345 2365 444 2416 tamen
463 2355 586 2416 amissis
603 2364 633 2416 tc
648 2357 918 2431 compensavimus
932 2370 1040 2416 unnm=

317 2442 362 2501 Tu
376 2440 534 2514 dominus,
558 2448 590 2503 tu
604 2441 666 2516 vir,
688 2447 721 2501 tu
734 2439 807 2499 mihi
822 2440 915 2501 irater
928 2454 1008 2500 eres.

275 2525 320 2587 Tu
334 2524 421 2598 mihi,
445 2524 559 2585 iuratus
575 2539 632 2600 per
645 2523 770 2586 numina
784 2525 888 2585 matris
904 2537 1052 2600 aquosae,

317 2609 397 2670 Utiie
411 2607 537 2669 dicebas
553 2609 622 2684 ipse
636 2608 733 2670 inisse
748 2609 849 2684 capi...

235 2705 268 2756 55
281 2692 405 2754 Sciiicet
419 2700 467 2768 ut,
489 2693 630 2769 quamvis
644 2694 767 2753 veniam
782 2694 901 2768 demta,
922 2692 1065 2768 repellas,

317 2778 354 2837 Et
369 2793 488 2838 mecum
507 2775 606 2854 ingias
627 2792 706 2854 quae
722 2776 774 2837 tibi
790 2776 915 2852 dantur,
938 2790 1025 2852 opes.

276 2862 353 2937 Quin
369 2862 459 2922 etiam
474 2861 556 2922 iama
571 2870 633 2934 est,
656 2878 725 2923 cum
741 2862 874 2922 crastina
891 2860 1009 2922 miserit
1025 2874 1093 2932 eos,

317 2948 359 3007 Te
374 2947 449 3006 dare
464 2945 611 3007 nubiieris
628 2945 722 3007 iintea
739 2946 819 3006 vetio
833 2946 924 3007 netis.

276 3030 365 3105 Quod
380 3031 482 3091 sceius
499 3036 532 3091 ut
547 3031 678 3106 pavidas
694 3029 826 3091 miserae
839 3028 914 3090 mihi
930 3028 1056 3104 contigit
1069 3044 1180 3105 aurea,

233 3126 267 3178 te
320 3114 484 3191 Sanguinis
499 3123 592 3191 atque
608 3115 701 3175 animi
716 3120 825 3190 pectus
839 3115 931 3174 inane
945 3114 1008 3173 init.

275 3198 351 3271 ibis,
374 3205 435 3261 et...
453 3217 471 3260 o
486 3199 662 3260 miseram...
679 3199 728 3259 cui
744 3213 806 3271 me,
829 3197 978 3271 violente,
999 3196 1178 3273 relinquisr

318 3282 391 3357 Quis
405 3282 479 3343 mihi
493 3283 636 3344 desertae
652 3280 723 3345 mite
737 3283 877 3343 levamen
894 3282 971 3342 eritt

277 3369 411 3428 Devorer
425 3374 509 3443 ante,
532 3383 657 3445 precor,
679 3366 780 3428 subite
796 3367 912 3428 teliuris
926 3366 1025 3438 hiatu,

315 3452 378 3512 Aut
392 3451 481 3512 rutilo
496 3453 583 3513 missi
599 3452 731 3513 iuiminis
746 3452 816 3527 igne
831 3466 958 3526 cremer,

232 3545 265 3596 65
278 3535 373 3609 Quam
390 3538 458 3598 sine
473 3553 521 3596 me
536 3537 652 3598 Phthiis
668 3543 835 3601 canescant
850 3550 986 3612 aequare
1003 3534 1107 3605 remis
