2467 4042
371 260 498 326 212
1097 257 1373 320 ARTIS
1414 258 1695 322 AMAT.

540 409 853 473 Munditiis
881 408 1172 485 capimur.
1214 426 1339 472 non
1371 410 1493 471 sint
1523 410 1657 471 sine
1685 410 1822 485 lege
1854 412 2062 488 capilli
2079 435 2096 468 a
2131 408 2180 423 ⁶

623 496 927 558 Admotae
958 495 1217 556 formam
1237 494 1516 569 ,dantque
1547 500 1894 570 negantque
1925 512 2173 558 manus,

418 589 515 645 135
534 581 662 640 Nec
689 593 885 655 genus
918 584 1170 639 ornatus
1196 594 1385 640 unum
1415 587 1530 639 est.
1578 579 1746 653 quod
1780 596 2094 654 quamque
2123 577 2400 652 decebit,¹

623 664 868 737 Elegat,
908 668 970 721 et
997 662 1317 737 speculum
1349 663 1633 725 consulat
1662 670 1802 723 ante
1831 680 2031 724 suum.

538 749 752 822 Longa
783 744 1005 821 probat
1033 746 1223 807 facies
1254 745 1471 821 capitis
1503 746 1855 807 discrimina
1880 749 2050 823 puri=

626 830 729 891 Sic
759 837 889 890 erat
916 828 1145 891 ornatis
1174 829 1510 890 Laodamia
1539 830 1752 890 comis.

538 916 842 990 Exiguum
868 928 1107 973 summa
1133 914 1365 974 nodum
1392 913 1510 974 sibi
1538 915 1738 975 fronte
1765 914 2046 988 relinqui,

421 1009 521 1063 140
622 1000 701 1060 Ut
728 1003 976 1072 pateant
997 1012 1212 1070 aureS,
1258 1013 1369 1057 ora
1398 998 1663 1058 rotunda
1692 1000 1925 1059 volunt.

540 1082 806 1144 Alterius
838 1081 1039 1141 crines
1066 1096 1279 1141 umero
1314 1082 1611 1142 iactentur
1636 1089 1928 1156 utroque=

623 1165 786 1225 Talis
816 1181 886 1225 es
915 1166 1275 1240 adsumpta,
1318 1164 1566 1228 Phoebe
1594 1181 1850 1239 canore,
1892 1165 2047 1242 lyra.

541 1251 752 1311 Altera
781 1250 1130 1310 succinctae
1159 1249 1449 1324 religetur
1478 1264 1648 1309 more
1680 1250 1931 1322 Dianae,

627 1335 703 1395 Ut
733 1333 920 1408 solet,
961 1332 1247 1393 attonitas
1277 1348 1414 1393 cum
1445 1333 1595 1409 petit
1622 1333 1726 1394 illa
1755 1333 1939 1393 feras.

423 1435 515 1479 145
543 1419 692 1479 Huic
722 1418 900 1478 decet
926 1416 1175 1477 inflatos
1204 1418 1346 1477 laxe
1374 1417 1646 1478 iacuisse
1674 1417 1961 1492 capillos=

627 1503 732 1563 llla
761 1500 840 1561 sit
866 1500 1175 1561 adstrictis
1204 1500 1595 1575 impedienda
1626 1501 1841 1562 comis.

547 1587 712 1644 Hanc
742 1586 942 1660 placet
971 1584 1177 1645 ornari
1204 1584 1511 1645 testudine
1544 1584 1861 1661 Cylleneaz

631 1669 939 1731 Sustineat
964 1668 1194 1728 similes
1224 1666 1513 1729 fluctibus
1544 1668 1647 1728 illa
1678 1668 1869 1728 sinus.

547 1755 668 1815 Sed
699 1767 901 1827 neque
928 1768 1176 1812 ramosa
1202 1752 1552 1812 numerabis
1582 1752 1643 1810 in
1670 1751 1810 1811 ilice
1836 1752 2113 1827 glandeS‚

423 1851 519 1899 tot}
627 1839 748 1896 Nec
781 1844 931 1910 quot
958 1851 1112 1911 apes
1140 1834 1373 1912 Hybla,
1418 1850 1535 1896 nec
1565 1842 1715 1911 quot
1740 1834 1799 1896 in
1829 1836 1991 1910 Alpe
2023 1836 2210 1910 ferae,

543 1923 663 1979 Nec
692 1919 837 1980 mihi
869 1925 958 1980 tot
986 1920 1227 1994 positus
1256 1934 1509 1979 numero
1544 1918 1967 1994 conprendere
1999 1919 2095 1979 fas
2125 1926 2221 1980 est

627 2003 830 2064 Adicit
863 2012 1112 2065 ornatus
1148 2003 1427 2079 proxima
1456 2018 1741 2079 quaeque
1768 2002 1923 2063 dies.

543 2091 619 2147 Et
647 2090 918 2149 neclecta
946 2088 1124 2148 decet
1150 2088 1372 2147 multas
1401 2102 1595 2147 coma.
1638 2102 1830 2162 saepe
1858 2086 2062 2147 iacere

631 2174 985 2231 Hesternam
1016 2171 1265 2244 credas,
1308 2171 1411 2230 illa
1439 2186 1673 2247 repexa
1699 2170 1968 2231 modost.

427 2271 515 2319 135
539 2259 659 2315 itt-s
690 2271 903 2316 casum
931 2256 1169 2316 similet.
1233 2254 1335 2315 Sic
1364 2262 1545 2329 capta
1572 2253 1725 2314 vidit
1750 2259 1818 2314 ut
1836 2252 1995 2329 ⁴urbe

627 2339 874 2400 Alcides
905 2340 1105 2413 Iolen,
1152 2338 1336 2399 ‘hanc
1364 2343 1506 2415 ego’
1540 2338 1693 2399 dixit
1720 2340 1929 2399 ‘amm’

543 2427 746 2484 Talem
778 2431 835 2484 te
861 2423 1175 2496 BacchuS,
1217 2424 1445 2499 satyris
1479 2421 1877 2483 clamantibus
1906 2420 2108 2481 euhoe

631 2507 883 2568 Sustulit
912 2507 969 2568 in
1003 2523 1249 2582 currus,
1297 2508 1488 2568 Gnosi
1515 2508 1755 2580 relicta,
1796 2520 1967 2566 suos.

547 2595 591 2651 l]
627 2599 911 2667 qnantum
943 2591 1214 2666 indulget
1243 2598 1448 2651 vestro
1478 2598 1695 2651 natura
1724 2588 1963 2662 decori,

427 2691 515 2739 [fin
627 2679 888 2751 Quarum
917 2682 1060 2737 sunt
1086 2675 1288 2735 multis
1319 2675 1542 2734 damna
1571 2674 1798 2750 pianda
1825 2672 2057 2734 modis!

551 2763 667 2819 Nais
697 2761 855 2821 male
884 2760 1251 2835 detegimur,
1290 2759 1572 2833 raptique
1601 2766 1799 2818 aetate
1830 2757 2050 2832 capilli,

631 2847 706 2903 Ut
733 2846 925 2906 borea
956 2844 1206 2904 frondes
1242 2844 1617 2916 excutiente,
1659 2842 1901 2902 cadunt.

547 2930 791 2988 Femina
818 2928 1096 2988 canitiem
1127 2928 1448 2988 Germanis
1477 2927 1667 2987 inficit
1696 2925 1923 3000 herbiS‚

627 3015 700 3072 Et
729 3013 943 3075 melior
969 3027 1119 3072 vero
1153 3012 1463 3085 quaeritur
1490 3018 1618 3071 arte
1646 3010 1848 3072 color:
1916 3024 1943 3035 ‘

427 3111 515 3159 153
551 3098 790 3157 Femina
822 3095 1101 3173 procedit
1128 3096 1502 3156 densissima
1530 3094 1800 3156 crinibus
1835 3092 2076 3168 emptis,

627 3183 867 3256 Proque
902 3180 1032 3241 suis
1064 3180 1219 3240 alios
1250 3179 1439 3240 efficit
1464 3195 1610 3240 aere
1639 3195 1812 3240 suos,

547 3267 667 3323 Nec
697 3265 888 3327 rubor
916 3271 1010 3324 est
1038 3264 1266 3324 emisse
1296 3265 1517 3338 palam.
1558 3262 1772 3322 venire
1802 3262 2081 3322 videmus

631 3349 903 3409 Herculis
935 3356 1076 3409 ante
1109 3350 1325 3408 oculos
1356 3348 1817 3422 virgineumque
1848 3345 2123 3406 chorum.

547 3433 699 3507 Quid
729 3434 808 3493 de
839 3439 1010 3492 veste
1038 3433 1296 3507 loquar?
1369 3432 1495 3491 Nec
1523 3446 1685 3492 nunc
1715 3437 2032 3508 segmenta
2057 3426 2302 3505 requiro

427 3527 519 3575 m}
627 3519 747 3576 Nec
778 3533 937 3591 quae
968 3496 1055 3602 μέ
1079 3516 1266 3594 Tyrio
1298 3515 1529 3577 murice
1559 3516 1700 3576 lana
1727 3515 1935 3576 rubeS.
