2467 4042
413 211 706 282 n1,nae-1V,s1.
772 230 952 266 mmmmm
1019 210 1095 274 67-

66 391 109 442 25
129 380 219 441 Colla
241 382 357 460 premis
380 379 520 458 lyncum.
547 377 676 439 bacchae
699 379 849 457 satyrique
877 385 1061 459 sequuntur,

129 468 256 547 Quique
280 485 375 528 senex
393 465 488 528 serula
509 465 673 527 titubantes
691 465 793 527 ebfl'us
815 473 898 526 artrrs

131 557 274 617 Sustinet
297 562 328 616 ei
351 554 448 635 pando
472 572 532 615 non
554 555 674 615 sortiter
696 553 800 616 haeret
821 553 928 615 asello.

131 644 334 723 Quacumque
352 641 541 724 ingrederis,
564 642 675 703 clamor
697 641 839 703 iuvenalis
863 650 892 703 et
914 660 974 703 una

130 732 296 794 Femineae
318 749 408 793 voces
429 728 607 811 inpulsaque
629 739 767 810 tympana
784 729 889 810 palmis

66 834 110 883 eo
128 820 330 900 Cumanaque
353 837 421 880 aera
443 827 550 881 sonant
570 819 718 897 longoque
741 819 884 879 toramine
907 816 1022 879 buxus.

135 905 288 970 ‘Placatos
310 902 464 988 mitisque'
487 915 593 987 rogant
614 906 777 968 lsmeuidos
800 901 919 987 ‘adsis,'

137 997 284 1076 lussaque
309 1014 393 1057 sacra
416 996 538 1057 colunt.
566 995 646 1056 solae
664 993 826 1074 Minyeides
848 996 930 1054 intus

133 1085 349 1165 Intempestive
370 1083 525 1146 tubantes
549 1085 625 1144 lesia
646 1082 776 1144 Minerva

134 1175 197 1235 hut
219 1174 335 1234 huccine
357 1172 459 1254 lanas,
482 1179 533 1233 aut
555 1174 680 1232 stancina
702 1170 809 1250 polhce
831 1179 968 1252 versant,

79 1276 122 1326 ab
137 1264 200 1323 Aut
223 1262 350 1322 haerent
371 1260 446 1322 telae
470 1261 652 1340 famulasque
675 1258 826 1320 laboribus
848 1266 995 1338 urguent.

134 1350 161 1411 li
185 1348 297 1429 quibus
318 1366 379 1410 una
400 1349 457 1410 leri
479 1348 630 1410 deducens
652 1347 759 1428 pollice
781 1347 864 1408 iilum

135 1435 229 1499 ‘llum
251 1445 370 1498 cessant
397 1437 470 1498 aliae
493 1444 718 1514 commentaque
746 1453 829 1496 sacra
855 1436 1063 1516 frequentant,

133 1527 200 1588 Nos
213 1543 335 1605 quoque
347 1573 357 1607 ,
380 1543 453 1604 quas
466 1524 563 1585 Pallas
571 1573 579 1605 ,
598 1524 704 1585 melior
717 1523 772 1584 dea
780 1572 790 1607 ,
808 1524 923 1583 detinet
930 1518 951 1604 ,'
965 1524 1064 1602 inquit,

139 1612 235 1676 ‘Utile
258 1631 334 1693 opus
356 1631 497 1675 manuum
520 1615 600 1673 vario
624 1630 761 1674 sermone
783 1611 931 1692 levemus,

83 1718 120 1767 40
134 1704 258 1782 Perque
281 1704 361 1762 vices
384 1699 518 1781 aliquid,
541 1700 620 1780 quod
643 1710 777 1780 tempora
798 1700 885 1779 leuga
907 1699 1001 1760 rideri

135 1792 206 1853 Non
230 1792 329 1871 sinat,
350 1792 382 1850 iu
405 1790 536 1850 medium
563 1807 670 1850 vacuas
696 1789 861 1849 reseramus
884 1787 921 1849 ad
944 1782 1061 1849 aures?

136 1880 226 1941 Dicta
247 1877 397 1960 probant,
415 1881 601 1957 primamque
624 1877 730 1938 iubent
750 1894 872 1937 narrare
896 1894 1030 1938 sorores.

137 1967 215 2048 Illa,
238 1966 310 2045 quid
335 1986 351 2027 e
374 1966 476 2027 multis
498 1967 631 2047 relerat,
653 1984 722 2026 nam
743 1964 871 2045 plurima
892 1972 996 2045 norat,

137 2056 273 2135 Cogitat.
287 2062 318 2115 et
332 2054 421 2144 thibia
435 2062 481 2115 esi
488 2101 498 2135 ,
512 2054 548 2115 de
562 2062 610 2135 te,
624 2054 782 2133 Babylonia
790 2101 799 2134 ,
813 2061 930 2133 narret,
944 2064 1059 2108 cxxxiv.

85 2143 282 2224 concreati,
306 2160 393 2221 quam
416 2161 501 2203 versa
524 2145 655 2221 squamis
677 2141 842 2202 velantibus
864 2149 948 2201 artus

140 2231 255 2312 Stagna
277 2231 435 2292 Palaestini
458 2230 585 2292 credunt
607 2238 735 2292 motasse
758 2231 869 2309 ligura:

137 2321 185 2382 An
208 2322 323 2401 magis,
345 2327 380 2380 nt
402 2321 529 2398 sumptis
550 2319 630 2380 illius
648 2319 707 2379 iilia
728 2320 835 2398 pennis
948 2329 971 2374 a.
984 2341 1062 2372 un.

139 2408 301 2471 Extremos
324 2405 398 2468 albis
420 2410 452 2468 in
475 2407 609 2468 tnrrihus
632 2409 727 2486 egerit
749 2424 859 2467 anuos:

139 2497 213 2558 Nais
225 2515 263 2556 an
276 2504 311 2558 ut
324 2504 413 2557 cantu
427 2498 610 2575 nimiumque
625 2494 796 2576 potentibus
810 2493 912 2555 herbis
938 2506 961 2549 a.
975 2505 1062 2547 mn.

87 2599 124 2650 to
139 2585 274 2647 Verterlt
295 2587 327 2646 iu
349 2586 456 2645 tacitos
479 2584 624 2646 iuvenalia
642 2602 767 2663 corpora
789 2586 903 2662 pisces,

140 2674 243 2735 Donec
266 2672 345 2734 idem
368 2690 453 2753 passa
473 2681 540 2734 est:
562 2691 623 2754 an,
645 2690 721 2752 quae
744 2689 830 2751 poma
852 2671 917 2731 alba
931 2670 1062 2752 ferebat,

139 2762 178 2824 Ut
202 2779 282 2823 nuno
305 2764 389 2842 nigra
412 2762 489 2822 ierat
511 2769 650 2822 contactu
673 2762 824 2840 sanguinis
846 2759 951 2819 arbor.

137 2851 204 2911 lloc
225 2849 343 2929 placet.
370 2850 448 2910 hanc
459 2898 469 2932 ,
492 2852 632 2929 quoniam
654 2849 782 2928 vulgaris
801 2848 898 2909 sabula
916 2865 976 2908 non
1000 2853 1062 2929 est,

139 2938 263 2999 Talibus
285 2956 354 2999 orsa
376 2939 493 3018 modis,
516 2938 581 3000 lana
604 2956 658 2999 sua
681 2938 726 2997 fila
749 2945 911 3016 sequente.

91 3040 126 3089 ⁶5
142 3024 300 3107 ‘Pyramus
322 3036 353 3088 et
376 3026 507 3107 Thisbe,
530 3029 672 3087 iuvenum
694 3026 913 3105 pulcherrimus
936 3024 1027 3105 alter,

137 3116 261 3197 Altera,
285 3133 358 3195 quas
380 3116 481 3175 oriens
499 3114 602 3176 hahuit
614 3163 623 3197 ,
646 3115 775 3193 praelata
797 3113 921 3194 puellis,

137 3205 300 3282 Contiguas
323 3212 449 3266 tenuere
472 3202 599 3285 domos,
618 3202 670 3264 ubi
692 3203 803 3263 dieitur
826 3202 912 3261 altam

137 3292 302 3355 Coctilibus
324 3295 419 3354 muris
442 3294 570 3353 cinxisse
594 3290 765 3352 Semiramis
788 3290 911 3351 urbem.

137 3382 283 3443 Notitiam
304 3384 477 3461 primosque
501 3380 610 3459 gradus
633 3382 739 3441 vicinia
763 3379 850 3439 iecit:

90 3483 123 3533 σο
137 3470 288 3549 'l'empore
310 3472 406 3531 crevit
427 3486 532 3530 amor.
559 3469 661 3529 taedae
685 3485 804 3548 quoque
827 3468 892 3527 iure
916 3466 1062 3528 coissent:

138 3557 199 3620 Sed
222 3567 344 3620 vetuere
366 3565 490 3638 patres.
523 3558 602 3637 quod
625 3575 685 3617 non
708 3566 833 3636 potuere
856 3564 955 3616 vetare
962 3600 972 3636 ,

814 3652 850 3706 ὁ*
