<?xml version="1.0" encoding="UTF-8"?>
<!DOCTYPE html PUBLIC "-//W3C//DTD XHTML 1.0 Transitional//EN"
    "http://www.w3.org/TR/xhtml1/DTD/xhtml1-transitional.dtd">
<html xmlns="http://www.w3.org/1999/xhtml" xml:lang="en" lang="en">
 <head>
  <title>
</title>
<meta http-equiv="Content-Type" content="text/html;charset=utf-8" />
  <meta name='ocr-system' content='tesseract 3.04.00' />
  <meta name='ocr-capabilities' content='ocr_page ocr_carea ocr_par ocr_line ocrx_word'/>
</head>
<body>
  <div class='ocr_page' id='page_1' title='image "./povidiusnaso00ehwagoog_0168.png"; bbox 0 0 2467 4042; ppageno 0'>
   <div class='ocr_carea' id='block_1_1' title="bbox 353 197 1614 264">
    <p class='ocr_par' dir='ltr' id='par_1_1' title="bbox 353 197 1614 264">
     <span class='ocr_line' id='line_1_1' title="bbox 353 197 1614 264; baseline -0.004 0"><span class='ocrx_word' id='word_1_1' title='bbox 353 199 477 264; x_wconf 77' lang='lat'><strong>104</strong></span> <span class='ocrx_word' id='word_1_2' title='bbox 1120 197 1614 260; x_wconf 84' lang='lat' dir='ltr'><strong>HEROIDES.</strong></span> 
     </span>
    </p>
   </div>
   <div class='ocr_carea' id='block_1_2' title="bbox 380 351 2392 3540">
    <p class='ocr_par' dir='ltr' id='par_1_2' title="bbox 380 351 2392 3540">
     <span class='ocr_line' id='line_1_2' title="bbox 511 351 2056 429; baseline -0.001 -15"><span class='ocrx_word' id='word_1_3' title='bbox 511 353 766 414; x_wconf 83' lang='lat' dir='ltr'>Falleris</span> <span class='ocrx_word' id='word_1_4' title='bbox 800 358 860 412; x_wconf 87' lang='lat' dir='ltr'><strong>et</strong></span> <span class='ocrx_word' id='word_1_5' title='bbox 887 351 1114 411; x_wconf 85' lang='lat' dir='ltr'><strong>nescis.</strong></span> <span class='ocrx_word' id='word_1_6' title='bbox 1160 366 1282 410; x_wconf 89' lang='lat' dir='ltr'><strong>non</strong></span> <span class='ocrx_word' id='word_1_7' title='bbox 1313 360 1455 413; x_wconf 84' lang='lat' dir='ltr'><strong>sunt</strong></span> <span class='ocrx_word' id='word_1_8' title='bbox 1482 353 1685 429; x_wconf 83' lang='lat' dir='ltr'><strong>spolia</strong></span> <span class='ocrx_word' id='word_1_9' title='bbox 1712 354 1815 413; x_wconf 82' lang='lat' dir='ltr'><strong>illa</strong></span> <span class='ocrx_word' id='word_1_10' title='bbox 1835 355 2056 428; x_wconf 73' lang='lat' dir='ltr'><strong>iconie,</strong></span> 
     </span>
     <span class='ocr_line' id='line_1_3' title="bbox 600 435 1873 512; baseline -0.002 -15"><span class='ocrx_word' id='word_1_11' title='bbox 600 435 725 497; x_wconf 91' lang='lat' dir='ltr'><strong>Sed</strong></span> <span class='ocrx_word' id='word_1_12' title='bbox 754 443 876 496; x_wconf 87' lang='lat' dir='ltr'><strong>tua.</strong></span> <span class='ocrx_word' id='word_1_13' title='bbox 916 442 1105 512; x_wconf 81' lang='lat' dir='ltr'><strong>tuque</strong></span> <span class='ocrx_word' id='word_1_14' title='bbox 1136 435 1248 494; x_wconf 85' lang='lat' dir='ltr'><strong>feri</strong></span> <span class='ocrx_word' id='word_1_15' title='bbox 1279 436 1473 496; x_wconf 88' lang='lat' dir='ltr'><strong>victor</strong></span> <span class='ocrx_word' id='word_1_16' title='bbox 1500 452 1599 510; x_wconf 76' lang='lat' dir='ltr'><strong>ee,</strong></span> <span class='ocrx_word' id='word_1_17' title='bbox 1639 437 1742 497; x_wconf 86' lang='lat' dir='ltr'><strong>illa</strong></span> <span class='ocrx_word' id='word_1_18' title='bbox 1768 438 1873 497; x_wconf 87' lang='lat' dir='ltr'><strong>tui.</strong></span> 
     </span>
     <span class='ocr_line' id='line_1_4' title="bbox 388 518 1851 594; baseline -0.003 -9"><span class='ocrx_word' id='word_1_19' title='bbox 388 532 486 585; x_wconf 80' lang='lat'><strong>115</strong></span> <span class='ocrx_word' id='word_1_20' title='bbox 507 520 760 582; x_wconf 78' lang='lat' dir='ltr'><strong>Femina</strong></span> <span class='ocrx_word' id='word_1_21' title='bbox 787 522 909 580; x_wconf 89' lang='lat' dir='ltr'><strong>tela</strong></span> <span class='ocrx_word' id='word_1_22' title='bbox 938 518 1069 580; x_wconf 88' lang='lat' dir='ltr'><strong>tulit</strong></span> <span class='ocrx_word' id='word_1_23' title='bbox 1094 519 1386 580; x_wconf 82' lang='lat' dir='ltr'><strong>Lernaeis</strong></span> <span class='ocrx_word' id='word_1_24' title='bbox 1417 527 1550 580; x_wconf 81' lang='lat' dir='ltr'><strong>atra</strong></span> <span class='ocrx_word' id='word_1_25' title='bbox 1576 520 1851 594; x_wconf 78' lang='lat' dir='ltr'><strong>veneniS‚</strong></span> 
     </span>
     <span class='ocr_line' id='line_1_5' title="bbox 595 603 1967 680; baseline 0 -16"><span class='ocrx_word' id='word_1_26' title='bbox 595 603 780 664; x_wconf 86' lang='lat' dir='ltr'><strong>Ferre</strong></span> <span class='ocrx_word' id='word_1_27' title='bbox 808 614 1057 679; x_wconf 81' lang='lat' dir='ltr'><strong>gravem</strong></span> <span class='ocrx_word' id='word_1_28' title='bbox 1089 604 1229 662; x_wconf 88' lang='lat' dir='ltr'><strong>lana</strong></span> <span class='ocrx_word' id='word_1_29' title='bbox 1257 604 1363 664; x_wconf 84' lang='lat' dir='ltr'><strong>vix</strong></span> <span class='ocrx_word' id='word_1_30' title='bbox 1395 605 1547 667; x_wconf 87' lang='lat' dir='ltr'><strong>satis</strong></span> <span class='ocrx_word' id='word_1_31' title='bbox 1576 611 1720 680; x_wconf 81' lang='lat' dir='ltr'><strong>apta</strong></span> <span class='ocrx_word' id='word_1_32' title='bbox 1749 605 1967 678; x_wconf 85' lang='lat' dir='ltr'><strong>colum,</strong></span> 
     </span>
     <span class='ocr_line' id='line_1_6' title="bbox 509 687 2060 762; baseline 0 -14"><span class='ocrx_word' id='word_1_33' title='bbox 509 688 921 762; x_wconf 78' lang='lat' dir='ltr'><strong>Instruxitque</strong></span> <span class='ocrx_word' id='word_1_34' title='bbox 950 697 1195 748; x_wconf 84' lang='lat' dir='ltr'><strong>manum</strong></span> <span class='ocrx_word' id='word_1_35' title='bbox 1226 689 1406 749; x_wconf 75' lang='lat' dir='ltr'><strong>clava</strong></span> <span class='ocrx_word' id='word_1_36' title='bbox 1435 687 1752 750; x_wconf 77' lang='lat' dir='ltr'><strong>domitrice</strong></span> <span class='ocrx_word' id='word_1_37' title='bbox 1780 690 2060 762; x_wconf 84' lang='lat' dir='ltr'><strong>ferarum,</strong></span> 
     </span>
     <span class='ocr_line' id='line_1_7' title="bbox 592 771 1876 847; baseline 0.002 -15"><span class='ocrx_word' id='word_1_38' title='bbox 592 771 761 833; x_wconf 87' lang='lat' dir='ltr'><strong>Vidit</strong></span> <span class='ocrx_word' id='word_1_39' title='bbox 787 778 848 832; x_wconf 87' lang='lat' dir='ltr'><strong>et</strong></span> <span class='ocrx_word' id='word_1_40' title='bbox 876 772 938 831; x_wconf 92' lang='lat' dir='ltr'><strong>in</strong></span> <span class='ocrx_word' id='word_1_41' title='bbox 968 772 1228 847; x_wconf 80' lang='lat' dir='ltr'><strong>speculo</strong></span> <span class='ocrx_word' id='word_1_42' title='bbox 1257 771 1535 847; x_wconf 84' lang='lat' dir='ltr'><strong>coniugis</strong></span> <span class='ocrx_word' id='word_1_43' title='bbox 1565 788 1733 834; x_wconf 79' lang='lat' dir='ltr'><strong>anna</strong></span> <span class='ocrx_word' id='word_1_44' title='bbox 1760 773 1876 834; x_wconf 90' lang='lat' dir='ltr'><strong>sui.</strong></span> 
     </span>
     <span class='ocr_line' id='line_1_8' title="bbox 509 855 2179 934; baseline 0.001 -18"><span class='ocrx_word' id='word_1_45' title='bbox 509 857 674 917; x_wconf 79' lang='lat' dir='ltr'><strong>Haec</strong></span> <span class='ocrx_word' id='word_1_46' title='bbox 708 863 911 917; x_wconf 76' lang='lat' dir='ltr'><strong>tamen</strong></span> <span class='ocrx_word' id='word_1_47' title='bbox 944 855 1275 916; x_wconf 75' lang='lat' dir='ltr'><strong>audieram.</strong></span> <span class='ocrx_word' id='word_1_48' title='bbox 1322 856 1490 917; x_wconf 77' lang='lat' dir='ltr'><strong>licuit</strong></span> <span class='ocrx_word' id='word_1_49' title='bbox 1516 873 1639 919; x_wconf 86' lang='lat' dir='ltr'><strong>non</strong></span> <span class='ocrx_word' id='word_1_50' title='bbox 1668 859 1921 918; x_wconf 83' lang='lat' dir='ltr'><strong>credere</strong></span> <span class='ocrx_word' id='word_1_51' title='bbox 1950 858 2179 934; x_wconf 74' lang='lat' dir='ltr'><strong>famae,</strong></span> 
     </span>
     <span class='ocr_line' id='line_1_9' title="bbox 388 939 1964 1004; baseline 0.001 -4"><span class='ocrx_word' id='word_1_52' title='bbox 388 952 480 1004; x_wconf 62' lang='lat'><strong>121]</strong></span> <span class='ocrx_word' id='word_1_53' title='bbox 588 940 660 1001; x_wconf 89' lang='lat' dir='ltr'><strong>Et</strong></span> <span class='ocrx_word' id='word_1_54' title='bbox 686 940 854 999; x_wconf 90' lang='lat' dir='ltr'><strong>venit</strong></span> <span class='ocrx_word' id='word_1_55' title='bbox 884 940 965 1000; x_wconf 89' lang='lat' dir='ltr'><strong>ad</strong></span> <span class='ocrx_word' id='word_1_56' title='bbox 995 955 1217 1000; x_wconf 86' lang='lat' dir='ltr'><strong>sensus</strong></span> <span class='ocrx_word' id='word_1_57' title='bbox 1248 939 1449 1000; x_wconf 89' lang='lat' dir='ltr'><strong>mollis</strong></span> <span class='ocrx_word' id='word_1_58' title='bbox 1479 941 1557 1002; x_wconf 86' lang='lat' dir='ltr'><strong>ab</strong></span> <span class='ocrx_word' id='word_1_59' title='bbox 1593 957 1742 1002; x_wconf 81' lang='lat' dir='ltr'><strong>aure</strong></span> <span class='ocrx_word' id='word_1_60' title='bbox 1770 942 1964 1003; x_wconf 76' lang='lat' dir='ltr'><strong>dolor.</strong></span> 
     </span>
     <span class='ocr_line' id='line_1_10' title="bbox 508 1023 1966 1101; baseline 0 -17"><span class='ocrx_word' id='word_1_61' title='bbox 508 1028 664 1084; x_wconf 71' lang='lat' dir='ltr'><strong>Ante</strong></span> <span class='ocrx_word' id='word_1_62' title='bbox 692 1039 865 1084; x_wconf 85' lang='lat' dir='ltr'><strong>meos</strong></span> <span class='ocrx_word' id='word_1_63' title='bbox 898 1024 1112 1084; x_wconf 83' lang='lat' dir='ltr'><strong>oculos</strong></span> <span class='ocrx_word' id='word_1_64' title='bbox 1143 1023 1469 1084; x_wconf 78' lang='lat' dir='ltr'><strong>adducitur</strong></span> <span class='ocrx_word' id='word_1_65' title='bbox 1495 1025 1738 1086; x_wconf 74' lang='lat' dir='ltr'><strong>advena</strong></span> <span class='ocrx_word' id='word_1_66' title='bbox 1768 1027 1966 1101; x_wconf 82' lang='lat' dir='ltr'><strong>pelex,</strong></span> 
     </span>
     <span class='ocr_line' id='line_1_11' title="bbox 596 1107 2014 1184; baseline 0 -16"><span class='ocrx_word' id='word_1_67' title='bbox 596 1108 717 1168; x_wconf 78' lang='lat' dir='ltr'><strong>Nec</strong></span> <span class='ocrx_word' id='word_1_68' title='bbox 750 1107 924 1183; x_wconf 90' lang='lat' dir='ltr'><strong>mihi,</strong></span> <span class='ocrx_word' id='word_1_69' title='bbox 972 1120 1133 1184; x_wconf 88' lang='lat' dir='ltr'><strong>quae</strong></span> <span class='ocrx_word' id='word_1_70' title='bbox 1164 1108 1393 1183; x_wconf 59' lang='lat' dir='ltr'><strong>patior5</strong></span> <span class='ocrx_word' id='word_1_71' title='bbox 1437 1107 1825 1170; x_wconf 70' lang='lat' dir='ltr'><strong>dissimulare</strong></span> <span class='ocrx_word' id='word_1_72' title='bbox 1855 1111 2014 1172; x_wconf 82' lang='lat' dir='ltr'><strong>licet.</strong></span> 
     </span>
     <span class='ocr_line' id='line_1_12' title="bbox 508 1191 2030 1269; baseline 0 -17"><span class='ocrx_word' id='word_1_73' title='bbox 508 1192 636 1252; x_wconf 74' lang='lat' dir='ltr'><strong>Nun</strong></span> <span class='ocrx_word' id='word_1_74' title='bbox 671 1191 823 1253; x_wconf 90' lang='lat' dir='ltr'><strong>sinis</strong></span> <span class='ocrx_word' id='word_1_75' title='bbox 856 1192 1068 1252; x_wconf 85' lang='lat' dir='ltr'><strong>averti.</strong></span> <span class='ocrx_word' id='word_1_76' title='bbox 1116 1191 1378 1252; x_wconf 87' lang='lat' dir='ltr'><strong>mediam</strong></span> <span class='ocrx_word' id='word_1_77' title='bbox 1406 1193 1651 1269; x_wconf 82' lang='lat' dir='ltr'><strong>captiva</strong></span> <span class='ocrx_word' id='word_1_78' title='bbox 1681 1209 1791 1268; x_wconf 89' lang='lat' dir='ltr'><strong>per</strong></span> <span class='ocrx_word' id='word_1_79' title='bbox 1818 1195 2030 1254; x_wconf 84' lang='lat' dir='ltr'><strong>urbem</strong></span> 
     </span>
     <span class='ocr_line' id='line_1_13' title="bbox 592 1275 1634 1352; baseline 0.005 -20"><span class='ocrx_word' id='word_1_80' title='bbox 592 1275 799 1336; x_wconf 77' lang='lat' dir='ltr'><strong>Invitis</strong></span> <span class='ocrx_word' id='word_1_81' title='bbox 831 1277 1027 1337; x_wconf 85' lang='lat' dir='ltr'><strong>oculis</strong></span> <span class='ocrx_word' id='word_1_82' title='bbox 1057 1276 1418 1352; x_wconf 86' lang='lat' dir='ltr'><strong>aspicienda</strong></span> <span class='ocrx_word' id='word_1_83' title='bbox 1446 1279 1634 1337; x_wconf 83' lang='lat' dir='ltr'><strong>venit.</strong></span> 
     </span>
     <span class='ocr_line' id='line_1_14' title="bbox 384 1358 1932 1437; baseline 0.001 -17"><span class='ocrx_word' id='word_1_84' title='bbox 384 1372 480 1424; x_wconf 64' lang='lat'><strong>125</strong></span> <span class='ocrx_word' id='word_1_85' title='bbox 504 1360 628 1420; x_wconf 74' lang='lat' dir='ltr'><strong>Nee</strong></span> <span class='ocrx_word' id='word_1_86' title='bbox 656 1359 821 1419; x_wconf 91' lang='lat' dir='ltr'><strong>venit</strong></span> <span class='ocrx_word' id='word_1_87' title='bbox 847 1359 1104 1420; x_wconf 80' lang='lat' dir='ltr'><strong>incultis·</strong></span> <span class='ocrx_word' id='word_1_88' title='bbox 1126 1367 1441 1434; x_wconf 83' lang='lat' dir='ltr'><strong>captarum</strong></span> <span class='ocrx_word' id='word_1_89' title='bbox 1473 1376 1645 1422; x_wconf 83' lang='lat' dir='ltr'><strong>more</strong></span> <span class='ocrx_word' id='word_1_90' title='bbox 1678 1358 1932 1437; x_wconf 67' lang='lat' dir='ltr'><strong>capillis»,</strong></span> 
     </span>
     <span class='ocr_line' id='line_1_15' title="bbox 588 1444 1842 1520; baseline 0.002 -16"><span class='ocrx_word' id='word_1_91' title='bbox 588 1444 916 1504; x_wconf 81' lang='lat' dir='ltr'><strong>Fortunam</strong></span> <span class='ocrx_word' id='word_1_92' title='bbox 947 1446 1120 1504; x_wconf 85' lang='lat' dir='ltr'><strong>vultu</strong></span> <span class='ocrx_word' id='word_1_93' title='bbox 1151 1444 1324 1504; x_wconf 82' lang='lat' dir='ltr'><strong>fassa</strong></span> <span class='ocrx_word' id='word_1_94' title='bbox 1348 1446 1614 1520; x_wconf 79' lang='lat' dir='ltr'><strong>tegendo</strong></span> <span class='ocrx_word' id='word_1_95' title='bbox 1646 1461 1842 1506; x_wconf 85' lang='lat' dir='ltr'><strong>suam.</strong></span> 
     </span>
     <span class='ocr_line' id='line_1_16' title="bbox 506 1527 1838 1604; baseline 0.001 -16"><span class='ocrx_word' id='word_1_96' title='bbox 506 1527 844 1604; x_wconf 76' lang='lat' dir='ltr'><strong>ingreditur</strong></span> <span class='ocrx_word' id='word_1_97' title='bbox 874 1530 995 1589; x_wconf 85' lang='lat' dir='ltr'><strong>late</strong></span> <span class='ocrx_word' id='word_1_98' title='bbox 1024 1528 1146 1588; x_wconf 86' lang='lat' dir='ltr'><strong>lato</strong></span> <span class='ocrx_word' id='word_1_99' title='bbox 1177 1528 1533 1604; x_wconf 81' lang='lat' dir='ltr'><strong>spectabilis</strong></span> <span class='ocrx_word' id='word_1_100' title='bbox 1564 1544 1732 1602; x_wconf 80' lang='lat' dir='ltr'><strong>auro,</strong></span> <span class='ocrx_word' id='word_1_101' title='bbox 1832 1567 1838 1572; x_wconf 93' lang='lat'>-</span> 
     </span>
     <span class='ocr_line' id='line_1_17' title="bbox 592 1610 2039 1691; baseline -0.001 -19"><span class='ocrx_word' id='word_1_102' title='bbox 592 1611 857 1684; x_wconf 69' lang='lat' dir='ltr'><strong>Qualiter</strong></span> <span class='ocrx_word' id='word_1_103' title='bbox 884 1613 945 1672; x_wconf 90' lang='lat' dir='ltr'><strong>in</strong></span> <span class='ocrx_word' id='word_1_104' title='bbox 975 1610 1246 1691; x_wconf 80' lang='lat' dir='ltr'><strong>Phrygia</strong></span> <span class='ocrx_word' id='word_1_105' title='bbox 1270 1620 1338 1673; x_wconf 91' lang='lat' dir='ltr'><strong>tu</strong></span> <span class='ocrx_word' id='word_1_106' title='bbox 1369 1628 1623 1689; x_wconf 85' lang='lat' dir='ltr'><strong>quoque</strong></span> <span class='ocrx_word' id='word_1_107' title='bbox 1653 1614 1850 1674; x_wconf 84' lang='lat' dir='ltr'><strong>cultus</strong></span> <span class='ocrx_word' id='word_1_108' title='bbox 1879 1625 2039 1674; x_wconf 55' lang='lat' dir='ltr'><strong>eruis⁴</strong></span> 
     </span>
     <span class='ocr_line' id='line_1_18' title="bbox 508 1694 2041 1773; baseline 0.003 -21"><span class='ocrx_word' id='word_1_109' title='bbox 508 1696 620 1756; x_wconf 79' lang='lat' dir='ltr'><strong>Dat</strong></span> <span class='ocrx_word' id='word_1_110' title='bbox 646 1694 875 1757; x_wconf 85' lang='lat' dir='ltr'><strong>vultum</strong></span> <span class='ocrx_word' id='word_1_111' title='bbox 908 1696 1139 1773; x_wconf 88' lang='lat' dir='ltr'><strong>populo</strong></span> <span class='ocrx_word' id='word_1_112' title='bbox 1172 1694 1450 1757; x_wconf 85' lang='lat' dir='ltr'><strong>sublimis</strong></span> <span class='ocrx_word' id='word_1_113' title='bbox 1480 1704 1546 1757; x_wconf 91' lang='lat' dir='ltr'><strong>ut</strong></span> <span class='ocrx_word' id='word_1_114' title='bbox 1572 1696 1834 1757; x_wconf 79' lang='lat' dir='ltr'><strong>Hercule</strong></span> <span class='ocrx_word' id='word_1_115' title='bbox 1861 1699 2041 1757; x_wconf 84' lang='lat' dir='ltr'><strong>victo.</strong></span> 
     </span>
     <span class='ocr_line' id='line_1_19' title="bbox 380 1780 1821 1856; baseline 0 -16"><span class='ocrx_word' id='word_1_116' title='bbox 380 1788 480 1840; x_wconf 62' lang='lat'><strong>13⁴]</strong></span> <span class='ocrx_word' id='word_1_117' title='bbox 588 1780 937 1842; x_wconf 73' lang='lat' dir='ltr'><strong>Oechaliam</strong></span> <span class='ocrx_word' id='word_1_118' title='bbox 965 1781 1112 1841; x_wconf 83' lang='lat' dir='ltr'><strong>vivo</strong></span> <span class='ocrx_word' id='word_1_119' title='bbox 1143 1787 1310 1841; x_wconf 84' lang='lat' dir='ltr'><strong>stare</strong></span> <span class='ocrx_word' id='word_1_120' title='bbox 1341 1789 1592 1856; x_wconf 87' lang='lat' dir='ltr'><strong>parente</strong></span> <span class='ocrx_word' id='word_1_121' title='bbox 1622 1787 1821 1856; x_wconf 79' lang='lat' dir='ltr'><strong>putes.</strong></span> 
     </span>
     <span class='ocr_line' id='line_1_20' title="bbox 504 1864 1707 1941; baseline 0 -17"><span class='ocrx_word' id='word_1_122' title='bbox 504 1864 778 1924; x_wconf 69' lang='lat' dir='ltr'><strong>Forsitan</strong></span> <span class='ocrx_word' id='word_1_123' title='bbox 809 1872 869 1925; x_wconf 85' lang='lat' dir='ltr'><strong>et</strong></span> <span class='ocrx_word' id='word_1_124' title='bbox 901 1866 1080 1941; x_wconf 85' lang='lat' dir='ltr'><strong>pulsa</strong></span> <span class='ocrx_word' id='word_1_125' title='bbox 1107 1864 1392 1925; x_wconf 84' lang='lat' dir='ltr'><strong>Aetolide</strong></span> <span class='ocrx_word' id='word_1_126' title='bbox 1421 1865 1707 1925; x_wconf 79' lang='lat' dir='ltr'><strong>Deianira</strong></span> 
     </span>
     <span class='ocr_line' id='line_1_21' title="bbox 588 1947 1764 2024; baseline -0.003 -17"><span class='ocrx_word' id='word_1_127' title='bbox 588 1948 841 2008; x_wconf 77' lang='lat' dir='ltr'><strong>Nomine</strong></span> <span class='ocrx_word' id='word_1_128' title='bbox 872 1949 1157 2024; x_wconf 81' lang='lat' dir='ltr'><strong>deposito</strong></span> <span class='ocrx_word' id='word_1_129' title='bbox 1191 1947 1406 2024; x_wconf 80' lang='lat' dir='ltr'><strong>pelicis</strong></span> <span class='ocrx_word' id='word_1_130' title='bbox 1436 1954 1596 2010; x_wconf 75' lang='lat' dir='ltr'><strong>uxor</strong></span> <span class='ocrx_word' id='word_1_131' title='bbox 1625 1949 1764 2008; x_wconf 71' lang='lat' dir='ltr'><strong>eritz</strong></span> 
     </span>
     <span class='ocr_line' id='line_1_22' title="bbox 504 2031 2392 2110; baseline -0.001 -18"><span class='ocrx_word' id='word_1_132' title='bbox 504 2032 962 2110; x_wconf 77' lang='lat' dir='ltr'><strong>Eurytidosque</strong></span> <span class='ocrx_word' id='word_1_133' title='bbox 993 2032 1145 2093; x_wconf 82' lang='lat' dir='ltr'><strong>Ioles</strong></span> <span class='ocrx_word' id='word_1_134' title='bbox 1180 2042 1240 2093; x_wconf 90' lang='lat' dir='ltr'><strong>et</strong></span> <span class='ocrx_word' id='word_1_135' title='bbox 1266 2032 1488 2092; x_wconf 86' lang='lat' dir='ltr'><strong>insanii</strong></span> <span class='ocrx_word' id='word_1_136' title='bbox 1516 2031 1773 2093; x_wconf 76' lang='lat' dir='ltr'><strong>Alcidae</strong></span> <span class='ocrx_word' id='word_1_137' title='bbox 2298 2072 2392 2090; x_wconf 82' lang='grc'>...-</span> 
     </span>
     <span class='ocr_line' id='line_1_23' title="bbox 584 2115 1939 2192; baseline 0.002 -20"><span class='ocrx_word' id='word_1_138' title='bbox 584 2116 812 2192; x_wconf 89' lang='lat' dir='ltr'><strong>Turpia</strong></span> <span class='ocrx_word' id='word_1_139' title='bbox 840 2118 1117 2177; x_wconf 80' lang='lat' dir='ltr'><strong>famosus</strong></span> <span class='ocrx_word' id='word_1_140' title='bbox 1149 2132 1414 2192; x_wconf 79' lang='lat' dir='ltr'><strong>corpora</strong></span> <span class='ocrx_word' id='word_1_141' title='bbox 1444 2115 1650 2192; x_wconf 78' lang='lat' dir='ltr'><strong>iunget</strong></span> <span class='ocrx_word' id='word_1_142' title='bbox 1677 2117 1939 2192; x_wconf 77' lang='lat' dir='ltr'><strong>Hymen.</strong></span> 
     </span>
     <span class='ocr_line' id='line_1_24' title="bbox 380 2200 2215 2278; baseline 0.003 -18"><span class='ocrx_word' id='word_1_143' title='bbox 380 2208 476 2260; x_wconf 74' lang='lat'><strong>135</strong></span> <span class='ocrx_word' id='word_1_144' title='bbox 500 2200 671 2260; x_wconf 77' lang='lat' dir='ltr'><strong>Mens</strong></span> <span class='ocrx_word' id='word_1_145' title='bbox 703 2201 854 2275; x_wconf 80' lang='lat' dir='ltr'><strong>fugit</strong></span> <span class='ocrx_word' id='word_1_146' title='bbox 880 2200 1221 2274; x_wconf 88' lang='lat' dir='ltr'><strong>admonitu,</strong></span> <span class='ocrx_word' id='word_1_147' title='bbox 1264 2200 1585 2276; x_wconf 78' lang='lat' dir='ltr'><strong>frigusque</strong></span> <span class='ocrx_word' id='word_1_148' title='bbox 1613 2200 1992 2277; x_wconf 82' lang='lat' dir='ltr'><strong>perambulat</strong></span> <span class='ocrx_word' id='word_1_149' title='bbox 2011 2209 2215 2278; x_wconf 73' lang='lat' dir='ltr'><strong>-artuS,</strong></span> 
     </span>
     <span class='ocr_line' id='line_1_25' title="bbox 588 2282 1985 2360; baseline 0.001 -16"><span class='ocrx_word' id='word_1_150' title='bbox 588 2284 660 2344; x_wconf 89' lang='lat' dir='ltr'><strong>Et</strong></span> <span class='ocrx_word' id='word_1_151' title='bbox 683 2282 843 2344; x_wconf 81' lang='lat' dir='ltr'><strong>iacet</strong></span> <span class='ocrx_word' id='word_1_152' title='bbox 870 2282 930 2343; x_wconf 88' lang='lat' dir='ltr'><strong>in</strong></span> <span class='ocrx_word' id='word_1_153' title='bbox 962 2284 1193 2358; x_wconf 83' lang='lat' dir='ltr'><strong>gremio</strong></span> <span class='ocrx_word' id='word_1_154' title='bbox 1231 2285 1520 2360; x_wconf 80' lang='lat' dir='ltr'><strong>languida</strong></span> <span class='ocrx_word' id='word_1_155' title='bbox 1551 2285 1711 2346; x_wconf 76' lang='lat' dir='ltr'><strong>sacta</strong></span> <span class='ocrx_word' id='word_1_156' title='bbox 1749 2300 1985 2346; x_wconf 78' lang='lat' dir='ltr'><strong>manus·</strong></span> 
     </span>
     <span class='ocr_line' id='line_1_26' title="bbox 500 2368 2310 2444; baseline 0.002 -16"><span class='ocrx_word' id='word_1_157' title='bbox 500 2368 600 2428; x_wconf 79' lang='lat' dir='ltr'><strong>Me</strong></span> <span class='ocrx_word' id='word_1_158' title='bbox 632 2380 878 2444; x_wconf 81' lang='lat' dir='ltr'><strong>quoque</strong></span> <span class='ocrx_word' id='word_1_159' title='bbox 906 2380 1045 2429; x_wconf 84' lang='lat' dir='ltr'><strong>cum</strong></span> <span class='ocrx_word' id='word_1_160' title='bbox 1074 2369 1311 2442; x_wconf 87' lang='lat' dir='ltr'><strong>multis,</strong></span> <span class='ocrx_word' id='word_1_161' title='bbox 1359 2369 1473 2429; x_wconf 89' lang='lat' dir='ltr'><strong>sed</strong></span> <span class='ocrx_word' id='word_1_162' title='bbox 1501 2384 1599 2428; x_wconf 86' lang='lat' dir='ltr'><strong>me</strong></span> <span class='ocrx_word' id='word_1_163' title='bbox 1626 2370 1762 2430; x_wconf 86' lang='lat' dir='ltr'><strong>sine</strong></span> <span class='ocrx_word' id='word_1_164' title='bbox 1791 2369 2042 2429; x_wconf 87' lang='lat' dir='ltr'><strong>crimine</strong></span> <span class='ocrx_word' id='word_1_165' title='bbox 2068 2373 2310 2434; x_wconf 85' lang='lat' dir='ltr'><strong>amasti.</strong></span> 
     </span>
     <span class='ocr_line' id='line_1_27' title="bbox 584 2451 1841 2528; baseline 0.001 -16"><span class='ocrx_word' id='word_1_166' title='bbox 584 2452 671 2512; x_wconf 80' lang='lat' dir='ltr'><strong>Ne</strong></span> <span class='ocrx_word' id='word_1_167' title='bbox 700 2452 934 2528; x_wconf 81' lang='lat' dir='ltr'><strong>pigeat,</strong></span> <span class='ocrx_word' id='word_1_168' title='bbox 978 2467 1227 2528; x_wconf 79' lang='lat' dir='ltr'><strong>pugnae</strong></span> <span class='ocrx_word' id='word_1_169' title='bbox 1255 2451 1352 2513; x_wconf 85' lang='lat' dir='ltr'><strong>bis</strong></span> <span class='ocrx_word' id='word_1_170' title='bbox 1383 2453 1487 2514; x_wconf 88' lang='lat' dir='ltr'><strong>tibi</strong></span> <span class='ocrx_word' id='word_1_171' title='bbox 1518 2468 1709 2515; x_wconf 84' lang='lat' dir='ltr'><strong>causa</strong></span> <span class='ocrx_word' id='word_1_172' title='bbox 1738 2455 1841 2514; x_wconf 83' lang='lat' dir='ltr'><strong>fui.</strong></span> 
     </span>
     <span class='ocr_line' id='line_1_28' title="bbox 504 2535 1902 2614; baseline 0.001 -18"><span class='ocrx_word' id='word_1_173' title='bbox 504 2536 739 2598; x_wconf 75' lang='lat' dir='ltr'><strong>Cornua</strong></span> <span class='ocrx_word' id='word_1_174' title='bbox 769 2536 927 2600; x_wconf 87' lang='lat' dir='ltr'><strong>flens</strong></span> <span class='ocrx_word' id='word_1_175' title='bbox 958 2535 1104 2612; x_wconf 84' lang='lat' dir='ltr'><strong>legit</strong></span> <span class='ocrx_word' id='word_1_176' title='bbox 1129 2535 1282 2613; x_wconf 85' lang='lat' dir='ltr'><strong>ripis</strong></span> <span class='ocrx_word' id='word_1_177' title='bbox 1311 2537 1624 2598; x_wconf 84' lang='lat' dir='ltr'><strong>Achelous</strong></span> <span class='ocrx_word' id='word_1_178' title='bbox 1651 2538 1711 2598; x_wconf 91' lang='lat' dir='ltr'><strong>in</strong></span> <span class='ocrx_word' id='word_1_179' title='bbox 1742 2539 1902 2614; x_wconf 84' lang='lat' dir='ltr'><strong>udis,</strong></span> 
     </span>
     <span class='ocr_line' id='line_1_29' title="bbox 380 2618 1942 2698; baseline -0.003 -14"><span class='ocrx_word' id='word_1_180' title='bbox 380 2632 472 2684; x_wconf 56' lang='lat' dir='ltr'><strong>let]</strong></span> <span class='ocrx_word' id='word_1_181' title='bbox 580 2620 939 2698; x_wconf 85' lang='lat' dir='ltr'><strong>Truncaque</strong></span> <span class='ocrx_word' id='word_1_182' title='bbox 967 2621 1188 2682; x_wconf 82' lang='lat' dir='ltr'><strong>limosa</strong></span> <span class='ocrx_word' id='word_1_183' title='bbox 1214 2627 1495 2698; x_wconf 81' lang='lat' dir='ltr'><strong>tempora</strong></span> <span class='ocrx_word' id='word_1_184' title='bbox 1523 2623 1733 2683; x_wconf 84' lang='lat' dir='ltr'><strong>mersit</strong></span> <span class='ocrx_word' id='word_1_185' title='bbox 1763 2618 1942 2698; x_wconf 62' lang='lat' dir='ltr'><strong>aquia.</strong></span> 
     </span>
     <span class='ocr_line' id='line_1_30' title="bbox 500 2703 1676 2768; baseline 0.003 -4"><span class='ocrx_word' id='word_1_186' title='bbox 500 2703 761 2766; x_wconf 72' lang='lat' dir='ltr'><strong>Semivir</strong></span> <span class='ocrx_word' id='word_1_187' title='bbox 792 2705 1080 2766; x_wconf 87' lang='lat' dir='ltr'><strong>occubuit</strong></span> <span class='ocrx_word' id='word_1_188' title='bbox 1110 2705 1168 2765; x_wconf 90' lang='lat' dir='ltr'><strong>in</strong></span> <span class='ocrx_word' id='word_1_189' title='bbox 1198 2705 1434 2767; x_wconf 76' lang='lat' dir='ltr'><strong>letifero</strong></span> <span class='ocrx_word' id='word_1_190' title='bbox 1462 2705 1676 2768; x_wconf 87' lang='lat' dir='ltr'><strong>Eueno</strong></span> 
     </span>
     <span class='ocr_line' id='line_1_31' title="bbox 584 2788 2014 2866; baseline 0.001 -18"><span class='ocrx_word' id='word_1_191' title='bbox 584 2788 846 2864; x_wconf 78' lang='lat' dir='ltr'><strong>NessuS‚</strong></span> <span class='ocrx_word' id='word_1_192' title='bbox 890 2796 950 2850; x_wconf 88' lang='lat' dir='ltr'><strong>et</strong></span> <span class='ocrx_word' id='word_1_193' title='bbox 979 2789 1187 2850; x_wconf 74' lang='lat' dir='ltr'><strong>infecit</strong></span> <span class='ocrx_word' id='word_1_194' title='bbox 1216 2790 1469 2866; x_wconf 84' lang='lat' dir='ltr'><strong>sanguis</strong></span> <span class='ocrx_word' id='word_1_195' title='bbox 1500 2790 1766 2866; x_wconf 88' lang='lat' dir='ltr'><strong>equinus</strong></span> <span class='ocrx_word' id='word_1_196' title='bbox 1795 2805 2014 2865; x_wconf 59' lang='lat' dir='ltr'><strong>aquasb</strong></span> 
     </span>
     <span class='ocr_line' id='line_1_32' title="bbox 504 2872 2182 2948; baseline 0.002 -16"><span class='ocrx_word' id='word_1_197' title='bbox 504 2872 624 2932; x_wconf 76' lang='lat' dir='ltr'><strong>Sed</strong></span> <span class='ocrx_word' id='word_1_198' title='bbox 658 2872 806 2947; x_wconf 85' lang='lat' dir='ltr'><strong>quid</strong></span> <span class='ocrx_word' id='word_1_199' title='bbox 833 2885 950 2948; x_wconf 81' lang='lat' dir='ltr'><strong>ego</strong></span> <span class='ocrx_word' id='word_1_200' title='bbox 980 2872 1136 2933; x_wconf 89' lang='lat' dir='ltr'><strong>haec</strong></span> <span class='ocrx_word' id='word_1_201' title='bbox 1163 2875 1364 2935; x_wconf 84' lang='lat' dir='ltr'><strong>refero</strong></span> <span class='ocrx_word' id='word_1_202' title='bbox 1381 2881 1410 2933; x_wconf 62' lang='grc' dir='ltr'><strong>ἲ</strong></span> <span class='ocrx_word' id='word_1_203' title='bbox 1452 2874 1742 2936; x_wconf 80' lang='lat' dir='ltr'><strong>scribenti</strong></span> <span class='ocrx_word' id='word_1_204' title='bbox 1775 2874 1984 2935; x_wconf 86' lang='lat' dir='ltr'><strong>nuntia</strong></span> <span class='ocrx_word' id='word_1_205' title='bbox 2009 2876 2182 2935; x_wconf 83' lang='lat' dir='ltr'><strong>venit</strong></span> 
     </span>
     <span class='ocr_line' id='line_1_33' title="bbox 584 2956 1931 3034; baseline 0.004 -21"><span class='ocrx_word' id='word_1_206' title='bbox 584 2956 798 3028; x_wconf 84' lang='lat' dir='ltr'><strong>Fama,</strong></span> <span class='ocrx_word' id='word_1_207' title='bbox 844 2956 1042 3018; x_wconf 86' lang='lat' dir='ltr'><strong>virum</strong></span> <span class='ocrx_word' id='word_1_208' title='bbox 1075 2957 1316 3019; x_wconf 74' lang='lat' dir='ltr'><strong>tunicae</strong></span> <span class='ocrx_word' id='word_1_209' title='bbox 1339 2959 1483 3019; x_wconf 67' lang='lat' dir='ltr'><strong>tabe</strong></span> <span class='ocrx_word' id='word_1_210' title='bbox 1512 2959 1710 3034; x_wconf 89' lang='lat' dir='ltr'><strong>perire</strong></span> <span class='ocrx_word' id='word_1_211' title='bbox 1739 2973 1931 3018; x_wconf 74' lang='lat' dir='ltr'><strong>meae.</strong></span> 
     </span>
     <span class='ocr_line' id='line_1_34' title="bbox 380 3036 2199 3119; baseline 0.001 -19"><span class='ocrx_word' id='word_1_212' title='bbox 380 3052 472 3100; x_wconf 67' lang='lat'><strong>145</strong></span> <span class='ocrx_word' id='word_1_213' title='bbox 492 3040 560 3100; x_wconf 83' lang='lat' dir='ltr'><strong>Ei</strong></span> <span class='ocrx_word' id='word_1_214' title='bbox 596 3038 765 3110; x_wconf 82' lang='lat' dir='ltr'><strong>mihi,</strong></span> <span class='ocrx_word' id='word_1_215' title='bbox 812 3036 962 3116; x_wconf 77' lang='lat' dir='ltr'><strong>quitl</strong></span> <span class='ocrx_word' id='word_1_216' title='bbox 992 3041 1154 3100; x_wconf 64' lang='lat' dir='ltr'><strong>feci?</strong></span> <span class='ocrx_word' id='word_1_217' title='bbox 1196 3054 1320 3117; x_wconf 88' lang='lat' dir='ltr'><strong>quo</strong></span> <span class='ocrx_word' id='word_1_218' title='bbox 1349 3056 1447 3104; x_wconf 86' lang='lat' dir='ltr'><strong>me</strong></span> <span class='ocrx_word' id='word_1_219' title='bbox 1476 3045 1646 3105; x_wconf 82' lang='lat' dir='ltr'><strong>furor</strong></span> <span class='ocrx_word' id='word_1_220' title='bbox 1672 3044 1795 3119; x_wconf 74' lang='lat' dir='ltr'><strong>egit</strong></span> <span class='ocrx_word' id='word_1_221' title='bbox 1823 3049 2166 3103; x_wconf 67' lang='lat' dir='ltr'><strong>amantem?</strong></span> <span class='ocrx_word' id='word_1_222' title='bbox 2184 3103 2199 3111; x_wconf 75' lang='grc'><strong><em>,</em></strong></span> 
     </span>
     <span class='ocr_line' id='line_1_35' title="bbox 508 3122 1764 3201; baseline 0.006 -21"><span class='ocrx_word' id='word_1_223' title='bbox 508 3148 544 3180; x_wconf 56' lang='lat' dir='ltr'><strong>a*</strong></span> <span class='ocrx_word' id='word_1_224' title='bbox 588 3122 777 3199; x_wconf 84' lang='lat' dir='ltr'><strong>Impia</strong></span> <span class='ocrx_word' id='word_1_225' title='bbox 807 3123 955 3201; x_wconf 79' lang='lat' dir='ltr'><strong>quid</strong></span> <span class='ocrx_word' id='word_1_226' title='bbox 980 3124 1227 3186; x_wconf 85' lang='lat' dir='ltr'><strong>dubitas</strong></span> <span class='ocrx_word' id='word_1_227' title='bbox 1257 3126 1540 3188; x_wconf 82' lang='lat' dir='ltr'><strong>Deianira</strong></span> <span class='ocrx_word' id='word_1_228' title='bbox 1568 3129 1764 3189; x_wconf 68' lang='lat' dir='ltr'><strong>niori?</strong></span> 
     </span>
     <span class='ocr_line' id='line_1_36' title="bbox 500 3207 1977 3284; baseline 0.003 -16"><span class='ocrx_word' id='word_1_229' title='bbox 500 3208 592 3268; x_wconf 69' lang='lat' dir='ltr'><strong>An</strong></span> <span class='ocrx_word' id='word_1_230' title='bbox 628 3212 767 3268; x_wconf 82' lang='lat' dir='ltr'><strong>tuus</strong></span> <span class='ocrx_word' id='word_1_231' title='bbox 797 3207 859 3267; x_wconf 78' lang='lat' dir='ltr'><strong>ln</strong></span> <span class='ocrx_word' id='word_1_232' title='bbox 888 3209 1090 3269; x_wconf 81' lang='lat' dir='ltr'><strong>media</strong></span> <span class='ocrx_word' id='word_1_233' title='bbox 1119 3211 1387 3271; x_wconf 85' lang='lat' dir='ltr'><strong>coniunx</strong></span> <span class='ocrx_word' id='word_1_234' title='bbox 1419 3212 1782 3272; x_wconf 78' lang='lat' dir='ltr'><strong>lacerabitur</strong></span> <span class='ocrx_word' id='word_1_235' title='bbox 1811 3211 1977 3284; x_wconf 77' lang='lat' dir='ltr'><strong>Oeta,</strong></span> 
     </span>
     <span class='ocr_line' id='line_1_37' title="bbox 584 3292 1894 3372; baseline 0.002 -21"><span class='ocrx_word' id='word_1_236' title='bbox 584 3292 670 3352; x_wconf 83' lang='lat' dir='ltr'><strong>Tu</strong></span> <span class='ocrx_word' id='word_1_237' title='bbox 700 3292 953 3353; x_wconf 84' lang='lat' dir='ltr'><strong>sceleris</strong></span> <span class='ocrx_word' id='word_1_238' title='bbox 983 3295 1131 3354; x_wconf 89' lang='lat' dir='ltr'><strong>tanti</strong></span> <span class='ocrx_word' id='word_1_239' title='bbox 1162 3308 1354 3355; x_wconf 83' lang='lat' dir='ltr'><strong>eausa</strong></span> <span class='ocrx_word' id='word_1_240' title='bbox 1381 3303 1697 3372; x_wconf 84' lang='lat' dir='ltr'><strong>superstes</strong></span> <span class='ocrx_word' id='word_1_241' title='bbox 1729 3293 1894 3356; x_wconf 64' lang='lat' dir='ltr'><strong>eris?</strong></span> 
     </span>
     <span class='ocr_line' id='line_1_38' title="bbox 504 3373 2029 3455; baseline 0.001 -19"><span class='ocrx_word' id='word_1_242' title='bbox 504 3373 721 3452; x_wconf 79' lang='lat' dir='ltr'><strong>Siquid</strong></span> <span class='ocrx_word' id='word_1_243' title='bbox 751 3377 949 3438; x_wconf 89' lang='lat' dir='ltr'><strong>adhuc</strong></span> <span class='ocrx_word' id='word_1_244' title='bbox 977 3377 1175 3440; x_wconf 85' lang='lat' dir='ltr'><strong>habeo</strong></span> <span class='ocrx_word' id='word_1_245' title='bbox 1209 3377 1380 3455; x_wconf 78' lang='lat' dir='ltr'><strong>sacti,</strong></span> <span class='ocrx_word' id='word_1_246' title='bbox 1429 3394 1538 3440; x_wconf 88' lang='lat' dir='ltr'><strong>cur</strong></span> <span class='ocrx_word' id='word_1_247' title='bbox 1564 3381 1840 3441; x_wconf 87' lang='lat' dir='ltr'><strong>Herculis</strong></span> <span class='ocrx_word' id='word_1_248' title='bbox 1872 3392 2029 3440; x_wconf 82' lang='lat' dir='ltr'><strong>uxor</strong></span> 
     </span>
     <span class='ocr_line' id='line_1_39' title="bbox 384 3459 1936 3540; baseline 0.002 -20"><span class='ocrx_word' id='word_1_249' title='bbox 384 3472 480 3520; x_wconf 60' lang='lat' dir='ltr'><strong>thu</strong></span> <span class='ocrx_word' id='word_1_250' title='bbox 588 3460 840 3537; x_wconf 82' lang='lat' dir='ltr'><strong>Credar,</strong></span> <span class='ocrx_word' id='word_1_251' title='bbox 886 3459 1348 3537; x_wconf 78' lang='lat' dir='ltr'><strong>coniugii&#39;mors</strong></span> <span class='ocrx_word' id='word_1_252' title='bbox 1381 3461 1522 3523; x_wconf 89' lang='lat' dir='ltr'><strong>mihi</strong></span> <span class='ocrx_word' id='word_1_253' title='bbox 1553 3465 1775 3540; x_wconf 86' lang='lat' dir='ltr'><strong>pignus</strong></span> <span class='ocrx_word' id='word_1_254' title='bbox 1805 3465 1936 3524; x_wconf 81' lang='lat' dir='ltr'><strong>erit.</strong></span> 
     </span>
    </p>
   </div>
   <div class='ocr_carea' id='block_1_3' title="bbox 620 3923 2467 4042">
    <p class='ocr_par' dir='ltr' id='par_1_3' title="bbox 620 3923 2467 4042">
     <span class='ocr_line' id='line_1_40' title="bbox 620 3923 2467 4042; baseline 0.001 -34"><span class='ocrx_word' id='word_1_255' title='bbox 620 3923 686 4042; x_wconf 40' lang='grc' dir='ltr'><strong>’ᾗ</strong></span> <span class='ocrx_word' id='word_1_256' title='bbox 2363 4003 2379 4009; x_wconf 76' lang='grc'><strong><em>,</em></strong></span> <span class='ocrx_word' id='word_1_257' title='bbox 2461 4000 2467 4042; x_wconf 63' lang='grc' dir='ltr'>Ι</span> 
     </span>
    </p>
   </div>
  </div>
 </body>
</html>
