2467 4042
593 249 798 312 AMORUM

314 404 388 465 Cum
405 410 518 462 temere
530 402 561 461 in
577 401 667 460 viridi
681 401 818 475 gramine
833 402 918 462 lassa
931 401 1021 475 iacet

272 489 346 550 Cum
366 487 497 562 graciles
514 494 621 563 essent
633 493 735 544 tamen
750 492 780 544 et
792 486 946 560 lanuginis
961 487 1067 559 instar,

313 573 396 644 Heu,
418 572 498 631 mala
512 578 642 630 vexatae
657 576 769 644 quanta
783 572 879 630 tulere
894 579 1016 630 comae!

230 666 265 719 tt
276 656 372 732 Quam
388 670 423 714 se
438 653 644 730 praebuerunt
658 654 740 712 lerro
755 653 906 729 patienter
920 661 949 714 et
962 654 1040 730 igni,

315 740 355 801 Ut
368 738 457 799 fieret
469 745 548 797 torto
564 737 676 797 nexilis
693 736 768 797 orbe
783 737 883 798 sinus!

274 822 447 884 clamabam
462 821 578 882 ‘scelus
594 829 643 881 est
656 821 749 892 istos,
772 822 875 882 scelus
889 837 979 881 urere
994 837 1106 882 ermes.

316 906 434 983 Sponte
449 907 568 965 decent.
593 905 699 980 capiti,
720 906 836 977 ferrea,
859 920 954 980 parce
967 912 1030 966 tuo.

273 992 343 1051 Vim
358 992 466 1066 procul
481 990 551 1049 binc
565 1004 701 1049 remove.
722 1004 785 1048 non
800 996 862 1064 est,
886 989 939 1064 qui
954 988 1067 1049 debeat
1081 992 1144 1050 urit

229 1085 266 1138 tto
317 1073 425 1134 Erudit
439 1073 578 1135 admotas
593 1076 662 1148 ipse
677 1073 805 1147 capillus
820 1075 918 1132 acus!

272 1159 442 1219 Formosae
458 1157 577 1233 periere
592 1172 716 1228 comae,
740 1173 818 1232 quas
833 1157 926 1216 vellet
939 1157 1062 1231 Apollo,

318 1242 400 1316 Quas
419 1242 510 1302 vellet
524 1241 616 1316 capiti
630 1240 771 1299 Bacchus
786 1242 891 1300 inesse
906 1255 974 1301 suo.

273 1326 336 1386 Illis
352 1325 546 1400 contulerim,
567 1341 645 1399 quas
662 1325 816 1399 quondam
835 1325 918 1385 nuda
931 1324 1030 1383 Dione

314 1409 449 1485 Pingitur
463 1409 575 1469 umenti
592 1409 777 1470 sustinuisse
790 1425 893 1468 manu.

231 1503 264 1557 35
277 1494 356 1568 Quid
370 1493 451 1553 male
466 1494 637 1569 dispositos
652 1493 790 1567 quereris
805 1491 937 1568 periisse
953 1491 1107 1567 capillost

317 1578 396 1652 Quid
410 1579 569 1652 speculum
584 1586 703 1637 maesta
716 1576 822 1652 ponis,
843 1576 963 1651 inepta,
986 1583 1102 1634 manu?

274 1663 341 1722 Non
358 1661 440 1721 bene
453 1662 611 1723 consuetis
630 1668 692 1722 ate
708 1660 858 1735 spectaris
873 1659 995 1720 ocellis:

314 1746 354 1807 Ut
367 1747 508 1821 placeas,
529 1743 625 1805 debes
640 1745 799 1805 immemor
812 1760 884 1805 esse
900 1744 952 1804 tui.

272 1830 340 1891 Non
354 1836 384 1890 te
399 1837 538 1891 canmtae
552 1829 709 1890 laeserunt
722 1828 830 1905 pelicis
848 1828 971 1900 herbae,

232 1925 265 1978 40
318 1914 384 1974 Non
400 1931 477 1975 anus
492 1913 662 1974 Haemonia
676 1913 796 1989 perfida
814 1914 889 1973 lavit
902 1925 993 1987 aqua.

271 1999 333 2058 Nec
347 1997 401 2059 tibi
416 2000 465 2058 vis
479 1997 578 2058 morbi
593 1996 746 2070 nocuit,...
762 1998 871 2072 procul
886 2011 977 2056 omen
992 1991 1135 2054 abesto.n

316 2081 379 2141 Nec
393 2082 500 2142 minuit
514 2082 630 2141 densas
644 2081 748 2141 invida
763 2082 867 2156 lingua
881 2094 996 2141 comas.

272 2166 366 2226 Facta
379 2181 472 2227 manu
487 2165 642 2242 culpaque
656 2173 710 2227 tua
724 2165 888 2241 dispendia
902 2162 1008 2223 sentis.

314 2249 388 2325 Ipsa
403 2250 500 2310 dabas
518 2249 609 2324 capiti
623 2249 718 2310 mixta
733 2266 853 2310 venena
867 2258 929 2310 tuo.

231 2343 264 2396 45
274 2333 361 2393 Nunc
374 2333 428 2395 tibi
443 2332 584 2409 captivos
598 2333 696 2395 mittet
710 2331 872 2393 Germania
885 2332 996 2392 crines.

315 2420 391 2478 Tuta
406 2417 609 2493 triumphatae
623 2433 749 2477 munere
761 2418 861 2492 gentis
876 2417 947 2476 eris.

274 2502 298 2562 0
314 2518 406 2576 quam
422 2517 517 2578 saepe
532 2518 638 2562 comas
654 2502 758 2576 aliquo
772 2504 900 2562 mirante
914 2498 1055 2572 rubebis,

317 2586 356 2647 Et
369 2587 456 2646 dices
471 2589 588 2663 ‘empta
602 2602 684 2647 nunc
699 2601 758 2660 ego
773 2601 876 2645 merce
891 2585 1015 2661 probor.

274 2671 385 2731 Nescio
401 2686 494 2746 quam
510 2686 632 2746 prome
647 2669 751 2730 laudat
765 2685 845 2730 nunc
859 2670 918 2730 iste
934 2667 1161 2746 Sygambram

233 2764 268 2817 50
318 2754 412 2814 Fama
425 2760 528 2814 mmen
542 2753 666 2814 memini
681 2771 749 2814 cum
764 2753 820 2814 luit
834 2754 893 2814 ista
907 2754 998 2813 mea'

274 2838 324 2898 Me
338 2838 498 2898 miserum!
520 2840 662 2899 lacrimas
676 2839 756 2898 male
771 2839 918 2914 continet,
941 2850 1057 2910 oraque
1070 2836 1189 2900 dextra

317 2922 465 2997 Protegit,
488 2922 638 2999 ingenuas
653 2923 736 2998 picta
750 2922 863 2984 rubore
876 2939 983 2998 genas.

275 3004 410 3067 Sustinet
424 3006 567 3083 antiquos
582 3007 698 3082 gremio
714 3015 896 3083 spectatque
914 3005 1051 3083 capillos,

316 3090 353 3150 Ei
366 3090 455 3165 mibi,
477 3108 538 3151 non
556 3092 608 3150 illo
623 3108 750 3152 munera
765 3092 857 3165 digna
871 3092 952 3151 loco.

232 3184 266 3238 to
278 3173 393 3250 collige
408 3191 476 3235 cum
492 3178 577 3236 vultu
594 3184 740 3237 mentem!
762 3175 934 3252 reparabile
953 3176 1098 3236 damnum
1113 3189 1177 3238 est

316 3258 482 3320 Postmodo
498 3260 601 3319 nativa
617 3260 810 3336 conspiciere
825 3276 922 3321 coma.

196 3391 246 3483 15
280 3392 366 3495 (luto
380 3427 467 3500 mihi,
491 3427 583 3489 Livor
599 3428 696 3503 edax,
719 3428 850 3502 ignavos
866 3427 965 3489 obicis
983 3443 1094 3504 annos,

316 3510 496 3587 ingeniique
509 3527 605 3573 vocas
622 3527 744 3572 carmen
760 3512 865 3575 inertis
880 3519 983 3589 opust
