2467 4042
333 243 461 310 126
1148 246 1249 297 Ex
1282 245 1524 298 rouro

595 410 789 473 Paene
836 411 1014 473 etlam
1061 412 1275 472 merito
1321 412 1559 488 parcior
1601 411 1691 472 ira
1736 427 1870 471 meo
1913 419 2007 471 est
2028 459 2045 472 .

509 497 580 561 Di
624 499 844 561 faciant
886 500 1070 578 igitur
1096 543 1114 579 ‚
1160 516 1419 577 quorum
1463 500 1827 560 iustissimus
1870 501 2000 578 ipse
2051 510 2153 562 est
2169 548 2194 584 ‚

379 599 481 650 100
596 587 762 649 Alma
806 585 955 647 nihil
999 588 1192 647 maius
1240 586 1488 648 Caesare
1534 593 1695 648 terra
1739 587 1927 648 ferat:

516 672 735 754 [thue
781 674 886 737 diu
933 673 1045 736 sub
1092 692 1163 735 eo
1208 677 1298 736 sic
1344 675 1423 736 sit
1467 674 1580 736 sub
1627 673 1878 736 Caesare
1923 682 2090 736 terra
2107 724 2127 756 ,

598 762 833 843 Perque
877 779 1090 824 manus
1135 762 1316 824 buius
1361 762 1576 824 tradita
1622 766 1816 843 gentis
1863 772 1957 824 eat
1977 762 2020 840 .]

509 852 586 914 At
638 858 705 913 tu
760 859 881 914 tam
933 850 1162 931 placido
1188 897 1207 931 ‚
1266 868 1444 930 quam
1497 868 1608 912 nos
1663 868 1901 931 quoque
1955 855 2272 915 sensimus

1604 939 1772 1000 illum
1790 986 1809 1020 ‚
2307 956 2366 1006 (⁹)

599 1027 801 1091 Iudice
846 1045 957 1109 pro
1000 1027 1263 1090 lacrimis
1307 1045 1411 1089 ora
1456 1027 1688 1089 resolve
1730 1030 1882 1088 meis
1908 1074 1924 1089 .

380 1127 483 1179 105
511 1114 643 1178 Non
690 1117 877 1196 petito
895 1162 914 1198 ‚
958 1122 1028 1178 ut
1071 1115 1221 1178 bene
1269 1118 1390 1196 sit;
1436 1116 1541 1177 sed
1580 1118 1671 1178 uti
1707 1116 1858 1176 male
1893 1117 2122 1196 tutius,
2174 1126 2363 1199 utque

600 1203 857 1265 Exilium
903 1221 1077 1266 saevo
1123 1204 1304 1265 distet
1349 1203 1422 1265 ab
1466 1204 1638 1266 hoste
1682 1221 1919 1266 meum:

512 1292 817 1373 Quamque
865 1292 1082 1353 dedere
1128 1291 1273 1353 mihi
1315 1294 1651 1372 praesentia
1694 1294 1940 1353 numina
1981 1293 2169 1353 vitam
2189 1341 2210 1374 ,

600 1381 733 1443 Non
776 1380 996 1442 adimat
1039 1382 1249 1442 stricto
1295 1379 1599 1461 squalidus
1645 1397 1787 1442 ense
1832 1379 2048 1442 Getes:

513 1469 778 1549 Denique
805 1515 825 1550 ‚
871 1470 920 1530 si
967 1470 1189 1530 moriar
1210 1515 1229 1549 ‚
1279 1468 1522 1530 subeam
1566 1471 1832 1548 pacatius
1877 1486 2084 1530 arvum
2101 1516 2120 1549 ‚

383 1570 484 1620 110
601 1555 751 1619 Ossa
796 1574 906 1618 nec
951 1574 985 1617 a
1031 1556 1306 1636 Scythica
1351 1565 1555 1618 nostra
1599 1562 1947 1636 premantur
1991 1556 2184 1617 humo
2209 1606 2230 1639 ,

511 1645 637 1708 Nec
680 1644 831 1706 male
877 1647 1236 1724 compositos
1262 1692 1281 1726 ,
1328 1652 1395 1706 ut
1440 1644 1669 1706 scilicet
1714 1644 1917 1706 exsule
1962 1643 2218 1724 dignum
2236 1693 2255 1727 ‚

600 1732 853 1794 Bistonii
896 1734 1128 1795 cineres
1175 1732 1393 1812 ungula
1437 1732 1638 1812 pulset
1680 1735 1854 1812 equi:

514 1820 590 1883 Et
634 1839 711 1883 ne
736 1867 755 1902 ‚
800 1823 852 1882 sl
898 1829 1176 1900 superest
1219 1821 1432 1902 aliquis
1476 1829 1615 1901 post
1657 1822 1868 1882 funera
1914 1838 2128 1882 sensus
2149 1870 2171 1902 ‚

601 1909 851 1971 Terreat
894 1916 956 1971 et
998 1925 1202 1970 manes
1250 1908 1534 1970 Sarmatis
1579 1908 1789 1970 umbra
1834 1926 1999 1970 meos
2022 1955 2038 1969 .

385 2009 485 2059 115
514 1996 782 2060 Caesaris
826 1997 973 2059 baec
1017 1999 1281 2059 animum
1325 2005 1601 2076 poterant
1644 1997 1843 2058 audita
1889 2014 2126 2059 movere
2151 2044 2173 2079 ‚

604 2085 851 2147 Maxime
875 2132 894 2166 ‚
946 2087 1269 2147 movissent
1314 2088 1366 2147 si
1412 2093 1609 2147 tamen
1652 2093 1791 2147 ante
1834 2093 2003 2147 tuum
2024 2132 2040 2147 .

514 2172 635 2234 Vox
665 2221 682 2255 ,
726 2191 941 2251 precor
964 2219 984 2254 ‚
1029 2173 1324 2253 Augustas
1369 2191 1478 2252 pro
1523 2192 1618 2235 me
1665 2181 1767 2236 tua
1812 2173 2033 2235 molliat
2077 2191 2268 2238 aures
2285 2223 2306 2257 ‚

610 2263 835 2323 Auxilio
882 2262 1130 2341 trepidis
1168 2279 1319 2342 quae
1366 2261 1518 2323 solet
1562 2279 1696 2323 esse
1741 2264 1897 2324 reis·

518 2351 891 2431 Adsuetaque
939 2349 1049 2411 tibi
1093 2350 1302 2412 doctae
1348 2350 1658 2412 dulcedine
1702 2349 1936 2430 linguae

390 2451 490 2499 121]
610 2437 911 2519 aequandi
956 2441 1191 2518 superis
1234 2446 1479 2519 pectora
1523 2438 1697 2501 flecte
1741 2441 1888 2500 viri.

518 2527 649 2587 Non
694 2527 802 2587 tihi
844 2526 1259 2589 Theromedon
1304 2527 1646 2606 crudusque
1691 2526 1996 2630 rogabitur
2040 2526 2315 2609 AtreuS‚

610 2615 841 2695 Quique
889 2617 1014 2676 suis
1060 2615 1330 2678 homines
1372 2614 1586 2695 pabula
1631 2615 1774 2677 fecit
1820 2617 2024 2694 equis·

522 2703 634 2763 Sed
686 2707 847 2783 piger
892 2702 965 2765 ad
1010 2721 1232 2783 poenas
1278 2706 1557 2784 princeps
1583 2752 1600 2784 ,
1647 2703 1719 2764 ad
1762 2704 2020 2783 praemia
2067 2703 2294 2789 velox,

610 2791 842 2871 Quique
889 2790 1091 2873 dolet,
1147 2794 1424 2871 quotiens
1470 2793 1703 2871 cogitur
1747 2808 1879 2852 esse
1925 2792 2131 2852 ferox.

394 2891 490 2939 125
522 2879 634 2951 Qui
686 2883 822 2940 vicit
866 2896 1103 2959 semper
1127 2928 1148 2962 ‚
1192 2882 1365 2942 victis
1411 2889 1479 2941 ut
1523 2897 1769 2959 parcere
1816 2886 2050 2959 posset,
2288 2895 2378 2948 (ιο)

610 2967 833 3029 Clausit
877 2976 939 3029 et
982 2976 1222 3030 aeterna
1268 2970 1452 3030 civica
1495 2967 1647 3029 bella
1693 2985 1858 3029 sera:

518 3055 698 3119 Multa
746 3064 907 3119 metu
952 3074 1177 3135 poenae
1204 3105 1222 3138 ,
1267 3073 1457 3137 poena
1503 3060 1605 3136 qui
1650 3073 1837 3135 pauca
1881 3062 2162 3137 coercet,

610 3143 686 3207 Et
730 3146 871 3207 iacit
913 3145 1099 3206 invita
1142 3144 1388 3207 fulmina
1434 3162 1567 3206 rara
1612 3162 1787 3206 manu
1809 3192 1823 3205 .

518 3231 674 3311 Ergo
726 3243 842 3295 tam
886 3231 1145 3312 placidas
1192 3240 1392 3295 orator
1436 3235 1654 3294 missus
1699 3233 1772 3294 ad
1816 3249 1992 3294 aures
2009 3278 2027 3309 ‚

394 3335 490 3383 13⁴]
610 3323 686 3383 Ut
730 3323 973 3403 propior
1016 3324 1242 3401 patriae
1287 3324 1365 3386 sit
1409 3321 1547 3401 fuga
1592 3328 1795 3382 nostra
1821 3368 1840 3402 ‚
1884 3337 2026 3399 roga
2047 3366 2062 3380 .

522 3407 622 3471 ille
674 3427 778 3487 ago
825 3427 958 3472 sum
986 3457 1004 3490 ,
1049 3412 1152 3491 qui
1198 3417 1258 3472 te
1305 3408 1506 3491 colui,
1552 3427 1730 3489 quem
1775 3410 1925 3470 festa
1970 3406 2217 3472 solebat

610 3497 774 3559 Inter
821 3501 1095 3560 convivas
1140 3515 1346 3560 mensa
1391 3498 1592 3559 videre
1640 3506 1808 3559 tuos:

522 3583 622 3643 illa
670 3603 823 3667 ego,
870 3587 973 3664 qui
1018 3586 1159 3648 duxi
1205 3594 1435 3648 vestros
1479 3585 1857 3667 Hymenaeon
1903 3584 1976 3647 ad
2020 3586 2248 3671 ignes,

205 3831 230 3852 r'

179 3884 201 3903 θ.
