2467 4042
425 240 457 292 V.
476 251 510 292 m
524 243 678 292 1-vr122.
1011 239 1052 305 91

134 402 193 463 lsto
207 400 319 482 ,quod
342 405 441 483 reris,
463 403 605 481 grandius
628 401 701 464 illud
724 404 798 465 erit.

134 489 228 560 Quam
251 489 342 556 multa
366 490 498 552 madidae
522 489 711 553 celebrantur
734 490 877 553 arundine
901 491 1014 574 lossae,

133 577 252 639 Florida
275 596 364 658 quam
381 578 489 640 multas
512 577 605 658 Hybla
629 585 731 641 tuetur
753 597 842 661 apes,

134 664 228 736 Quam
252 666 360 728 multae
383 666 484 745 gracili
508 674 626 728 terrena
649 666 705 729 sub
728 667 836 729 horrea
858 669 938 730 forre

87 766 121 816 40
134 753 241 815 Limite
265 755 405 815 formicae
428 773 519 833 grana
542 763 661 835 reperta
683 754 797 837 solent,

134 841 207 902 Tam
229 859 278 908 me
301 845 495 905 circumstant
516 841 678 905 densorum
700 843 787 906 turba
810 844 971 907 nudorum.

134 929 229 992 Crede
252 930 324 991 mihi
336 976 346 1011 ,
369 948 440 991 rero
463 938 510 993 est
531 940 634 992 nostra
656 931 786 1010 querella
809 935 924 994 minor.

133 1016 187 1079 llis
209 1020 261 1097 qui
284 1026 443 1080 contentus
465 1037 527 1080 non
550 1027 596 1080 est
607 1066 617 1101 ,
640 1022 673 1080 iu
695 1020 765 1082 liius
781 1021 923 1104 harenas,

133 1105 168 1166 ln
190 1114 322 1185 segetem
345 1109 464 1187 spicas,
486 1110 517 1168 in
540 1125 622 1169 marc
645 1106 751 1169 iundat
772 1126 879 1188 aquas.

86 1206 119 1255 45
133 1193 358 1274 intempestivos
381 1197 473 1274 igitur
495 1213 651 1275 compesce
674 1204 825 1279 tumores,

133 1280 202 1343 Vela
224 1297 322 1362 neque
344 1285 376 1343 in
399 1283 496 1345 medic
520 1285 625 1346 desere
648 1295 750 1346 nostra
772 1283 864 1348 marii

508 1475 587 1550 VH.

133 1636 228 1709 Quam
249 1634 346 1716 legis,
369 1652 406 1699 ex
428 1635 477 1698 illa
500 1635 554 1697 tibi
577 1637 659 1697 venit
680 1633 809 1716 epistula
826 1645 925 1715 terra,

132 1724 222 1785 Latus
245 1724 297 1786 ubi
320 1726 476 1804 aequoreis
498 1723 617 1786 additur
639 1722 741 1785 Hister
763 1726 865 1803 aquis.

133 1812 165 1874 Si
186 1812 243 1874 tibi
265 1815 411 1892 contingit
433 1830 502 1874 cum
525 1812 605 1873 dulci
628 1814 686 1873 rita
710 1811 822 1895 salute,

132 1899 260 1961 Gandida
283 1902 421 1962 fortunae
443 1919 512 1980 pars
535 1909 636 1962 manet
657 1918 726 1961 uua·
739 1918 839 1961 meae.

102 1988 269 2070 oScilicet,
293 1998 328 2050 ut
345 2006 481 2069 semper,
505 1989 576 2069 quid
595 2006 697 2069 agam
722 1990 891 2069 carissime,
914 1989 1051 2070 quaeris,

133 2076 272 2148 Quamvis
294 2077 352 2138 hoc
374 2077 421 2138 vel
443 2094 491 2138 me
515 2078 593 2138 scire
616 2084 733 2139 tacente
756 2084 860 2156 potes:

132 2164 205 2227 Sum
227 2168 341 2246 miser3
363 2165 437 2227 haec
459 2163 558 2226 brevis
585 2173 633 2226 est
655 2172 825 2227 nostrorum
853 2182 966 2226 summa

678 2252 841 2335 malorum,

132 2342 274 2421 Quisquis
297 2351 328 2404 et
350 2343 463 2403 offenso
487 2340 612 2403 Caesam
635 2343 727 2421 vivit,
750 2343 825 2403 erit.

132 2429 232 2491 Turba
254 2430 427 2491 Tomitanae
451 2448 527 2510 quac
549 2432 589 2491 sit
611 2432 742 2509 regionis
765 2438 795 2490 et
817 2431 897 2490 inter

84 2530 117 2579 10
132 2518 214 2590 Quos
235 2518 366 2580 habitem
389 2536 510 2598 mores,
533 2517 649 2579 discere
673 2535 745 2579 cura
766 2516 822 2578 tibi
844 2514 918 2579 est?

130 2607 221 2668 Mirer
243 2609 283 2668 sil
309 2607 383 2668 haec
411 2608 543 2686 quamvis
570 2608 650 2667 inter
673 2605 861 2685 Graecosque
884 2604 1050 2689 Getasque,

131 2696 155 2756 Α
178 2694 253 2756 male
276 2697 388 2773 pacatis
410 2694 477 2774 plus
500 2694 591 2756 trahit
613 2712 666 2755 ora
689 2693 788 2756 Getis.

132 2783 310 2844 Sarmaticae
334 2785 427 2844 maior
451 2781 629 2863 Geticaeque
652 2782 821 2868 frequentia
841 2784 938 2861 gentis

60 2947 63 2952 ,
130 2870 188 2931 Per
210 2871 322 2932 medias
345 2873 376 2931 iu
400 2872 485 2950 equis
507 2873 589 2950 itque
612 2872 748 2950 reditque
772 2873 849 2931 vias.

85 2968 117 3016 ro
131 2955 165 3017 ln
188 2957 298 3036 quibus
321 2966 367 3019 est
389 2975 499 3039 nemo,
522 2961 575 3037 qui
596 2977 657 3021 nnn
680 2967 803 3037 coryton
826 2966 858 3019 et
879 2974 984 3019 arcum

131 3043 261 3124 Telaque
283 3047 402 3124 vipereo
425 3044 522 3105 lurida
543 3044 612 3106 iellc
635 3055 733 3124 gerat.

131 3130 193 3192 Vox
216 3132 280 3194 iera
291 3178 301 3213 ,
324 3141 394 3194 trux
415 3131 537 3211 vultus,
559 3134 713 3193 verissima
735 3131 838 3193 Mariis
859 3132 974 3213 lmag03

129 3220 196 3282 Nou
218 3237 302 3282 coma
314 3268 324 3303 ,
347 3237 407 3281 uon
430 3218 488 3280 ulla
510 3218 602 3280 barba
624 3226 739 3280 resecta
762 3236 869 3300 manu,

132 3307 259 3369 Dextera
282 3326 342 3370 non
365 3309 465 3388 segnis
487 3308 545 3369 llxo
567 3307 638 3368 dare
662 3306 783 3369 vulnera
806 3306 921 3388 cultro,

79 3396 226 3468 soonam
248 3399 384 3460 iunctum
406 3395 492 3459 lateri
513 3395 658 3460 barbarus
681 3397 778 3458 omnis
799 3394 905 3458 habet.

129 3484 207 3547 Vivit
229 3487 260 3546 ln
283 3486 330 3546 his
353 3484 435 3549 heu!
458 3502 561 3568 nunc,
582 3485 718 3547 lusorum
741 3484 851 3546 oblitus
874 3502 1025 3566 amorum,

130 3572 193 3635 llos
215 3574 318 3656 ridet,
340 3575 395 3636 hos
417 3581 498 3636 rates
521 3573 604 3636 audit
615 3621 626 3656 ‚
648 3575 764 3654 amice,
787 3571 874 3635 tuusl
