2467 4042
204 245 269 312 238
612 244 804 297 rasponum

292 410 393 473 Litore
417 408 546 472 siccabat
568 416 705 470 rorantes
727 408 807 470 nnda
829 407 972 487 capillos:

336 497 481 560 Viderunt
503 499 615 579 satyri,
640 496 727 558 turba
750 504 909 577 proterva,
932 498 1043 560 dcem.

294 586 414 669 Sensit,
438 594 469 648 et
491 588 625 667 opposita
648 587 722 647 terit
744 604 798 646 sua
819 603 946 664 corpora
970 595 1096 667 myrto.

337 675 415 737 Tuta
437 676 493 736 luit
516 675 614 755 iacto,
637 691 748 752 vosque
771 674 884 734 reterre
908 673 1013 736 iubet.

228 776 277 826 145
292 763 402 826 Discite
425 780 505 825 nureo
517 809 527 841 ,
551 780 642 840 quere
665 761 814 823 Fortunae
837 770 903 823 tnra
925 761 1014 824 Virili

337 851 418 913 [letis
442 870 499 930 eo,
524 850 614 912 calida
639 852 690 929 qui
713 850 796 912 locus
819 857 901 910 umet
922 868 1020 930 equa.

293 940 406 1019 Accipit
428 939 477 1000 ille
500 939 584 1000 locus
607 940 704 1018 posito
727 938 869 999 velamine
893 949 1020 1000 cunctas

337 1027 376 1091 Et
399 1030 502 1090 vitium
525 1027 598 1088 nudi
621 1028 754 1105 eorporis
778 1045 865 1088 omne
887 1026 985 1088 ridet.

294 1115 332 1178 Ut
354 1124 433 1195 tegat
455 1116 511 1176 hoc
535 1115 670 1194 celetque
693 1117 772 1176 viros
784 1161 793 1194 ,
817 1114 947 1175 Fortuna
970 1113 1077 1177 Virilis

228 1216 278 1266 roo
335 1203 491 1284 Praestat,
516 1211 546 1264 et
567 1203 625 1264 hoc
648 1221 738 1283 parvo
762 1214 828 1263 turc
851 1211 951 1282 rogata
975 1204 1068 1265 iacit.

292 1292 353 1354 Nec
376 1294 475 1373 pigeat
497 1293 601 1353 tritum
624 1294 710 1352 niveo
733 1310 801 1352 cnm
823 1291 898 1352 lacte
920 1309 1054 1370 papaver

340 1380 464 1442 Sumere
487 1387 518 1441 et
541 1381 689 1461 expressis
712 1379 798 1440 mella
821 1378 929 1458 liquata
951 1381 1048 1442 iaris.

294 1468 367 1531 Cum
390 1471 518 1548 primum
542 1467 650 1548 cupido
673 1466 772 1529 Venus
795 1475 840 1528 est
863 1467 988 1529 deducta
1013 1471 1148 1551 marito,

338 1556 401 1618 lloe
424 1556 521 1618 bibit:
555 1556 663 1617 exilio
686 1567 818 1636 tempore
841 1563 933 1634 nupta
955 1557 1031 1617 tuit.

230 1657 279 1707 155
295 1644 483 1726 Supplicibus
506 1643 605 1705 verbis
627 1644 707 1705 illam
729 1644 864 1724 placate:
896 1643 952 1706 sub
975 1643 1026 1705 iila

338 1733 375 1795 Et
398 1734 492 1795 forma
515 1741 546 1794 et
567 1750 666 1794 mores
689 1740 720 1793 et
741 1732 819 1793 bona
841 1733 917 1792 lama
939 1741 1059 1794 manet.

293 1822 386 1883 Roma
407 1821 550 1901 pudicitia
572 1819 749 1900 proavorum
772 1827 905 1900 tempore
928 1819 1010 1899 lapsa
1035 1829 1104 1884 est:

338 1909 514 1990 Cymaeam,
538 1917 676 1989 veteres,
699 1908 890 1971 consuluistis
914 1927 1022 1969 annm.

294 1998 415 2077 Tempta
437 1997 521 2059 iubet
543 1998 610 2058 iteri
632 1995 760 2058 Veneri.
803 1996 912 2076 quibus
934 1996 1041 2058 ordine
1065 1998 1158 2061 iactis

230 2100 279 2149 roo
337 2086 409 2147 lude
432 2082 531 2147 Venus
554 2103 641 2146 uerso
664 2087 782 2146 nomina
806 2084 896 2146 corde
919 2093 1018 2146 tenet.

294 2174 418 2254 Semper
441 2174 476 2235 ad
500 2173 650 2236 Aeneadas
673 2174 808 2253 placido,
832 2172 1055 2255 pulcherrima,
1079 2174 1167 2237 voltu

336 2262 485 2343 Respice,
509 2269 612 2341 totque
636 2271 723 2343 tuas,
746 2261 834 2342 dira,
857 2270 942 2323 tuere
965 2279 1080 2323 nurus.

292 2350 368 2412 Ilum
391 2351 519 2432 loquor,
542 2350 635 2412 elatae
658 2350 835 2412 metuendus
858 2352 993 2412 acumine
1016 2350 1137 2414 candae

338 2439 477 2519 Scorpios
500 2440 532 2501 in
555 2438 657 2501 viridis
679 2440 891 2520 praecipitatur
914 2456 1022 2518 aquas.

629 2579 659 2645 2.
684 2577 713 2642 D
734 2575 785 2657 [F]

229 2715 279 2766 too
293 2704 357 2765 Nox
380 2704 433 2765 ubl
454 2706 628 2786 transierit,
652 2704 824 2783 caelumque
847 2701 1007 2765 rubescere
1030 2705 1137 2784 primo

337 2791 497 2876 Coeperit,
520 2802 551 2855 et
572 2801 667 2854 tactae
690 2810 759 2853 rore
782 2800 947 2871 querentur
969 2810 1057 2874 aves,

198 2928 202 2935 .
295 2880 532 2961 Semiustemque
557 2883 650 2944 lacem
673 2880 790 2960 vigilata
813 2888 900 2942 noete
923 2882 1014 2941 viator

337 2969 432 3031 Ponet
444 3018 453 3053 ,
476 2980 506 3031 et
529 2970 565 3031 ad
589 2970 709 3031 solitum
731 2971 862 3030 rusticus
884 2968 939 3029 ibit
961 2986 1055 3048 opus,

292 3057 426 3123 Pleiades
449 3060 592 3139 incipient
614 3076 735 3121 umeros
757 3057 889 3118 relevare
911 3063 1064 3136 paternos,

229 3158 279 3208 170
338 3146 419 3217 Quae
443 3154 556 3228 septem
580 3147 661 3227 dici,
684 3165 736 3208 sex
759 3155 859 3207 tamen
880 3163 946 3207 esse
968 3144 1085 3207 solent:

294 3234 353 3297 Seu
377 3236 455 3314 quod
479 3239 509 3297 in
533 3235 700 3315 amplexum
722 3253 774 3296 ser
797 3235 867 3295 hinc
884 3251 992 3295 uenere
1015 3233 1169 3315 deorum,
1186 3262 1203 3276 ⁴

337 3322 411 3383 Nam
434 3324 581 3403 Steropen
603 3324 691 3386 Marti
713 3321 909 3385 concubuisse
933 3323 1051 3402 ferunt,

293 3409 430 3490 Neptuno
454 3412 603 3491 Alcyonen
628 3421 658 3475 et
680 3419 732 3492 te,
755 3413 885 3473 formosa
907 3409 1051 3491 Gelaen03

331 3495 429 3561 ,Maian
453 3507 483 3559 et
504 3498 653 3561 Electram
676 3499 884 3579 Taygetenque
907 3498 969 3560 lori
989 3530 1024 3542 -
1056 3486 1069 3509 ‘

229 3592 278 3643 175
295 3580 426 3659 Septima
449 3585 565 3647 mortali
588 3587 708 3666 Merope
731 3587 807 3668 tibi,
832 3587 957 3668 Sisyphe
969 3635 979 3668 ,
1001 3587 1131 3669 nupsit,
