2467 4042
274 260 317 333 ll,
342 257 404 322 loo
419 294 453 304 -
469 256 540 321 746.
572 257 628 334 ΙΙΙ,
652 257 786 322 1-56.
824 271 826 274 ’

101 412 178 473 Pata
189 411 391 473 Pheretiadae
405 411 539 472 coniunx
553 409 685 487 Pagasia
696 411 839 473 redemit:

51 508 93 560 20
146 496 273 557 Prouiro
287 503 337 557 est
350 511 430 556 uxor
444 497 549 555 iuuere
563 496 625 555 lata
638 496 707 556 viri.

101 579 234 652 ‘Accipe
247 595 312 652 me,
336 579 497 654 eapanem
520 579 640 640 cineres
655 579 865 642 miscebimus'
879 581 978 657 inquit

142 662 261 739 Iphias,
284 664 315 722 in
330 662 453 724 medios
468 663 652 739 desiluitque
668 678 774 739 rogos.

99 749 176 824 Ipsa
190 762 315 822 quoque
329 753 361 807 et
375 748 458 807 cultu
473 753 565 808 estet
578 748 703 808 nomine
719 748 830 808 lemina
845 749 967 810 Virtusz

141 832 210 891 Non
225 829 351 904 mirum,
373 831 490 907 populo
505 831 531 891 si
546 831 649 906 placet
663 832 715 891 illa
730 847 799 892 suo.

55 926 92 979 25
102 916 168 976 Nec
184 924 285 976 tamen
302 913 362 974 hae
377 921 495 974 mentes
510 922 617 975 nostra
629 922 801 991 poscuntur
816 916 855 976 ah
869 924 948 978 arte=

143 997 337 1059 Conveniunt
351 998 480 1058 cumbae
492 999 564 1059 vela
578 997 698 1059 minora
710 1014 807 1060 meae.

98 1083 147 1143 Nil
163 1083 221 1142 nisi
235 1082 345 1142 lascivi
359 1097 416 1157 per
431 1096 480 1141 me
495 1082 654 1144 discuntur
668 1097 799 1143 amores.

141 1165 282 1239 Femina,
305 1165 508 1241 praecipiam,
530 1182 593 1241 quo
609 1167 649 1227 sit
662 1167 793 1228 amanda
807 1168 911 1228 modo.

97 1251 226 1312 Femina
240 1265 298 1309 nee
313 1248 454 1309 flammas
469 1265 529 1311 nec
544 1266 658 1311 saevos
673 1251 797 1313 discutit
814 1267 916 1313 arcus.

57 1344 91 1398 3⁰
145 1334 272 1394 Parcius
288 1333 367 1393 haec
382 1333 474 1394 video
490 1334 551 1394 tela
564 1349 679 1396 nocere
693 1333 779 1395 viris.

97 1418 202 1492 Saepe
220 1416 278 1476 viri
293 1417 410 1477 fallunt.
432 1424 557 1479 tenerae
571 1433 634 1479 non
649 1433 745 1494 saepe
759 1419 895 1493 puellam

139 1502 321 1575 Paucaque,
343 1500 535 1577 eiouaeras,
558 1502 686 1563 cuimine
699 1502 816 1563 fraudis
829 1502 951 1563 habent.

96 1585 275 1645 Phasidiam
289 1590 417 1645 matrem
432 1585 526 1645 fallax
540 1586 654 1647 dimisit
667 1585 754 1645 Iasos

140 1669 235 1729 Venit
249 1668 280 1727 in
294 1668 451 1728 Aesonios
467 1669 564 1730 altera
577 1675 673 1745 nupta
687 1668 784 1730 sinus.

57 1762 90 1816 35
101 1753 254 1828 Quantum
270 1751 301 1811 in
317 1757 360 1824 te,
382 1752 519 1827 Theseu,
538 1754 683 1814 volucres
697 1754 835 1815 Ariadna
849 1754 983 1815 marinas

138 1835 241 1909 Parit,
264 1836 296 1894 in
311 1835 416 1910 ignoto
433 1837 501 1896 sola
516 1833 624 1897 relicta
637 1838 718 1898 loco.

98 1921 234 1994 Quaere,
257 1934 372 1979 novem
391 1934 445 1979 cur
459 1936 522 1980 una
537 1920 606 1981 viee
624 1921 776 1992 dicantur,
800 1927 831 1982 et
845 1922 917 1982 audi

139 2003 299 2080 Depositis
315 2003 410 2063 silvas
425 2002 566 2081 Phyllida
580 2003 677 2065 flesse
692 2004 800 2065 comis.

97 2089 135 2148 Et
149 2089 261 2149 lamam
278 2087 399 2163 pietatis
414 2086 520 2163 habet,
542 2094 644 2149 tamen
659 2089 777 2164 hospes
792 2096 822 2149 et
836 2104 941 2151 ensem

59 2181 92 2234 to
143 2170 287 2231 Praebuit
302 2178 333 2231 et
348 2186 474 2232 oausam
488 2172 609 2247 mortis,
631 2173 749 2247 Elissa,
770 2181 849 2234 tuae.

99 2256 177 2330 Quid
194 2271 254 2316 vos
269 2254 450 2331 perdiderit,
473 2255 595 2315 dicamt
616 2255 760 2318 nescistis
775 2273 893 2318 amare:

139 2339 243 2400 Deluit
257 2355 308 2398 ars
324 2339 424 2399 vobis.
447 2347 511 2399 arte
525 2348 675 2415 perennat
687 2357 782 2401 amor.

97 2423 185 2484 Nunc
201 2438 328 2499 quoque
341 2423 504 2484 nescirent.
540 2421 603 2485 Sed
618 2441 667 2484 me
683 2423 834 2503 cytherea
848 2425 962 2487 docere
1068 2517 1070 2520 Ι

139 2508 249 2581 lussit,
272 2513 303 2567 et
317 2513 387 2567 ante
403 2508 511 2568 oculos
529 2509 664 2569 constitit
678 2509 747 2584 ipsa
762 2525 859 2570 meos.

58 2592 175 2652 tolum
190 2591 264 2650 mihi
279 2590 372 2665 ‘Quid
386 2591 528 2652 miserae’
544 2592 622 2652 dixit
637 2596 790 2653 ‘meruere
806 2595 948 2668 puellae?

137 2674 280 2735 Traditur
294 2675 419 2735 armatis
434 2677 544 2750 vulgus
558 2674 675 2737 inerme
690 2677 774 2737 viris.

97 2759 170 2819 Illos
185 2757 321 2819 artifices
335 2759 449 2834 gemini
463 2761 566 2822 iecere
579 2760 688 2821 libelli:

138 2843 224 2903 Haec
239 2858 366 2919 quoque
380 2859 452 2919 pars
467 2843 591 2904 monitis
607 2844 777 2905 erudienda
789 2845 859 2906 tuis.

97 2926 213 2987 Probra
225 2926 447 3002 Therapnaeae
462 2927 514 3003 qui
532 2927 652 2989 dixerat
666 2936 737 2990 ante
753 2930 888 3004 maritae,

60 3020 92 3072 so
142 3010 217 3071 Mox
233 3010 344 3071 cecinit
357 3010 464 3072 laudes
481 3012 679 3089 prosperiore
694 3015 774 3092 lyra.

99 3092 131 3154 Si
143 3095 226 3154 bene
241 3101 272 3154 le
287 3096 394 3155 novi...
410 3097 507 3156 cultas
522 3112 561 3156 nc
575 3097 665 3157 laede
680 3098 835 3172 puellasl..

140 3175 260 3253 Gratia,
283 3179 355 3239 dum
371 3177 473 3253 vives,
496 3179 556 3240 ista
569 3181 703 3255 petenda
718 3181 772 3241 tibi
788 3184 859 3242 cst’

98 3261 194 3335 llixlt,
217 3268 248 3323 et
263 3278 280 3322 e
295 3268 427 3341 myrto...
443 3270 543 3339 myrto
559 3280 629 3324 nam
645 3266 745 3325 vincta
759 3264 890 3341 capillos

140 3345 356 3407 constiterat...
374 3345 479 3407 lolium
493 3363 653 3424 manuque
667 3364 767 3424 pauco
782 3348 875 3409 dedit.

62 3428 262 3491 assensimus
279 3430 415 3506 acceptis
431 3446 543 3492 numen
559 3448 695 3508 quoque.
718 3432 823 3509 purior
837 3432 941 3494 aether

139 3511 250 3656 Flulsit,
274 3520 305 3575 et
319 3530 338 3574 e
351 3520 415 3576 toto
431 3521 558 3592 pectore
572 3517 667 3577 cessit
682 3533 770 3578 onus.

63 3610 137 3655 ov1o.
174 3642 181 3655 .
484 3615 488 3618 ’
842 3608 876 3662 14

984 261 1048 326 20⁹
