2467 4042
165 156 757 273 mmmmm.

186 388 238 436 440
252 373 451 453 singultuque
473 374 537 452 pita
558 373 797 452 intcnumpente
820 370 967 451 querellas

251 460 346 534 ‘Quae
368 479 435 523 mea
453 461 544 541 culpa
565 469 648 521 tuam
659 456 682 542 ,'
704 459 780 521 dixit
801 456 989 542 ‘carissimo,
1011 468 1167 522 mentem

251 546 377 612 Vertit?
399 549 452 611 ubi
474 560 543 631 cst,
564 567 642 628 quae
665 566 737 609 cura
758 551 818 610 mei
839 550 923 629 prior
945 566 1013 610 esse
1039 544 1200 609 solebat?

252 639 314 700 iam
335 648 422 719 potes
443 637 573 717 Alcyone
595 655 722 698 securus
743 635 847 698 abesse
869 632 1005 698 relicta?

252 728 313 788 lam
335 729 381 788 ria
403 726 491 805 longa
512 721 640 805 placet?
665 728 725 786 iam
749 743 817 787 sum
838 723 894 786 tibi
917 726 1015 786 carim
1041 722 1201 786 aboens?

187 827 240 878 tit
253 817 314 898 At,
336 824 433 896 puto,
454 832 509 894 per
530 823 628 876 terras
650 816 709 875 iter
731 822 779 875 est
789 862 800 894 ,
822 810 997 892 tantumque
1020 813 1168 895 dolebo,

251 903 319 966 Non
341 905 431 965 etiarn
453 911 583 964 metuam
595 949 605 984 ,
628 920 778 981 curaeque
800 903 907 963 timore
931 900 1108 965 carebunt.

252 994 390 1072 Aequora
412 1009 460 1052 mc
482 998 598 1052 terrent
619 998 652 1051 ct
672 993 758 1070 ponti
779 986 874 1051 mistis
895 992 1011 1070 imago,

252 1081 292 1143 Et
312 1080 426 1142 laceras
448 1097 545 1159 nuper
566 1077 683 1140 tabidas
704 1080 736 1138 in
758 1078 845 1139 litore
867 1078 955 1158 vidi,¹

253 1169 292 1231 Et
313 1186 402 1248 saepe
423 1170 456 1228 in
477 1166 601 1228 tumulis
623 1168 688 1228 sinc
711 1184 837 1245 corporo
860 1168 979 1227 nomina
1002 1166 1089 1246 legi.

187 1271 241 1321 440
253 1258 333 1319 itere
355 1265 442 1318 mum
463 1255 550 1316 lallox
572 1256 705 1318 animum
726 1248 834 1317 fiducia
855 1262 974 1335 tangat,

253 1344 340 1417 Quod
363 1362 450 1406 socer
471 1343 653 1424 Hippotades
674 1341 731 1403 tibi
752 1344 793 1404 sit
804 1390 814 1424 ,
837 1344 888 1421 qui
910 1360 1033 1404 carcere
1061 1344 1173 1407 fortes

254 1433 412 1495 Continent
434 1440 539 1494 ventos
550 1479 561 1513 ,
583 1438 615 1493 et
626 1478 636 1512 ,
658 1448 729 1492 cum
749 1429 821 1492 velit
832 1477 843 1512 ,
864 1448 996 1509 aequora
1016 1431 1150 1512 placet.

168 1558 186 1578 .
254 1522 331 1584 Cum
352 1520 445 1582 semel
468 1522 569 1581 emissi
591 1526 755 1581 tenuerunt
775 1536 906 1597 aequora
927 1521 1026 1601 venti,

243 1610 302 1672 Nil
324 1609 383 1673 illis
404 1611 530 1669 retinam
552 1616 599 1669 est
609 1604 936 1688 ,incommendataque
960 1607 1051 1668 tellus

187 1711 240 1762 440
254 1698 381 1779 Omnis,
403 1706 434 1759 et
451 1714 539 1758 omne
557 1696 690 1757 lretum.
718 1695 792 1756 caeli
813 1712 934 1774 quoque
952 1694 1058 1757 nubila
1079 1707 1197 1761 vexant

253 1787 477 1865 Excutiuntque
499 1785 572 1845 feris
594 1783 701 1844 rutilos
724 1781 951 1845 concursibus
942 1802 1045 1863 ignes

254 1876 321 1947 Quo
343 1876 437 1953 magis
459 1873 514 1933 hos
536 1874 628 1954 nori,
647 1903 689 1916 -
708 1888 778 1933 nam
799 1873 869 1933 novi
891 1878 935 1933 et
944 1890 1032 1953 saepe
1057 1883 1196 1953 paterm

254 1964 348 2026 Parra
369 1961 458 2023 domo
480 1961 606 2021 ridi—
629 1961 722 2039 magis
748 1958 806 2022 boc
831 1977 901 2022 reor
923 1978 990 2021 esse
1012 1962 1194 2024 timendos¹

256 2051 342 2124 Quod
365 2060 416 2112 tua
438 2052 465 2111 si
486 2049 567 2110 lleoil
588 2047 730 2129 precibus
752 2049 901 2110 sententia
922 2047 1031 2130 nullis,

189 2153 241 2204 440
255 2140 353 2222 Care,
374 2146 497 2219 potest,
519 2130 672 2219 con'iunx,
694 2138 878 2216 nimiumque
896 2154 930 2197 es
950 2145 1053 2199 certus
1074 2139 1195 2221 eundi,

254 2229 302 2290 lde
324 2245 445 2308 quoque
467 2225 538 2287 tolle
560 2224 671 2286 simul.
699 2232 781 2287 certe
803 2223 980 2286 iactabimur
1003 2243 1086 2308 una,

255 2317 318 2378 Nec
340 2318 400 2377 nisi
421 2331 497 2395 quae
520 2316 638 2394 patiar,
660 2320 814 2393 metuam3
834 2314 1007 2393 pariterque
1030 2314 1194 2398 feremus,

257 2402 406 2484 Qaricquid
428 2404 508 2482 eritq
534 2404 648 2482 paritor
670 2419 762 2481 super
784 2418 914 2480 aequora
934 2400 994 2473 lata
1017 2400 1160 2464 feremur
1171 2401 1193 2466 .'

256 2492 377 2555 Talibus
400 2490 529 2553 Aeolidis
552 2490 640 2551 dictis
661 2489 852 2569 lacrimisque
874 2497 1013 2551 movetur
1091 2498 1097 2507 '

191 2594 243 2644 440
258 2581 399 2643 Siderous
413 2579 560 2641 coniunx:
578 2595 677 2657 neque
696 2579 776 2638 enim
788 2579 887 2638 minor
899 2579 978 2657 ignis
989 2577 1106 2659 inipso
1120 2590 1191 2642 est.

258 2668 317 2731 Sed
340 2685 438 2748 noque
460 2669 632 2771 propositos
654 2666 751 2746 pelagi
773 2665 923 2727 dimittere
947 2683 1076 2749 emaus,

226 2758 319 2820 ‘Nec
342 2756 405 2818 ruit
425 2755 606 2836 Alcyonen
597 2773 630 2816 ιιι
652 2763 768 2834 partem
790 2751 931 2815 adbibere
952 2753 1078 2837 perioll3

257 2845 408 2926 Multaque
430 2842 585 2924 respondit
606 2840 744 2903 timidum
766 2841 890 2904 solantia
911 2850 1035 2924 pectus.

257 2934 323 2995 Non
346 2939 445 2995 044444
467 2932 595 2997 idcirco
603 2947 721 2992 causam
743 2922 872 3011 probat.
899 2929 1011 2993 addidit
1033 2930 1095 2993 illis

193 3022 322 3086 oofloo
345 3037 464 3100 quoquc
486 3020 639 3101 lenimen,
662 3036 721 3098 quo
744 3017 806 3079 solo
829 3017 912 3081 flexit
934 3029 1103 3084 amantem:

259 3107 371 3190 Longa
394 3106 514 3188 quidem
538 3116 585 3169 est
606 3106 693 3168 nohis
716 3108 811 3168 omnis
833 3124 938 3169 mora:
961 3106 1015 3169 sod
1037 3107 1128 3171 tibi
1118 3127 1189 3172 iuro

258 3198 318 3260 Per
340 3199 453 3278 patilos
475 3199 582 3277 ignes,
604 3197 631 3257 si
653 3213 701 3257 me
724 3193 812 3256 modo
835 3196 894 3258 iata
915 3197 1090 3280 remittent,

260 3288 335 3349 Ante
358 3303 550 3346 reversurum
562 3301 684 3366 ,quam
707 3282 777 3345 luna
799 3281 846 3345 bis
868 3283 991 3365 impleat
1012 3281 1151 3350 orbem?

259 3374 313 3436 liis
336 3372 389 3436 ubi
410 3374 565 3459 promissis
588 3390 658 3453 spes
681 3379 729 3434 est
750 3371 867 3434 admota
889 3390 1033 3435 recursus
1040 3420 1051 3455 ,

194 3472 246 3524 400
259 3462 402 3524 Protinus
425 3460 561 3523 edictam
584 3459 736 3522 navalibus
758 3478 889 3540 aequore
911 3463 1026 3542 mpii,

259 3549 420 3627 Aptarique
443 3551 507 3610 suis
528 3551 634 3628 pinum
656 3547 740 3610 iubet
762 3551 968 3612 armamentis.
