2467 4042
397 241 442 309 11,
462 245 620 295 teo-208.
726 257 865 295 enerues
970 235 1012 300 27

108 405 142 467 m
161 411 245 468 vetito
266 407 378 466 trustra
402 413 586 485 temptarunt
608 421 737 483 aequore
759 405 873 484 tingui.

110 494 236 573 Quaeque
257 494 326 574 polo
348 497 446 574 posita
468 502 515 554 est
536 493 652 572 glaciali
673 493 808 572 proxima
831 492 979 571 Serpens,

108 581 218 661 FrIgore
238 585 322 662 pigra
345 584 430 662 prius
453 599 508 642 neo
531 581 727 642 formidabilis
749 581 820 663 uili,

57 681 97 729 tte
110 670 223 732 Incaluit
243 672 429 750 sumpsitque
452 687 542 730 novas
564 669 734 731 fervoribus
755 672 832 730 iras.

107 758 144 818 Te
164 777 276 839 quoque
298 758 451 820 turbatum
473 767 641 820 memorant
661 759 796 841 fugisse,
818 756 928 838 Recte,

110 846 236 917 Quamvis
251 847 357 908 tardus
376 864 442 908 eras
464 856 496 907 et
517 855 548 908 te
571 855 624 908 tua
645 846 777 925 plaustra
798 845 955 907 tenebant.

107 933 140 995 Ut
159 954 224 997 vero
246 953 363 996 summo
385 934 521 1016 despexit
542 934 580 995 ab
603 935 723 996 aethere
746 943 842 995 terras

108 1022 200 1084 Infelix
220 1023 374 1085 Phaethon
396 1027 517 1103 penitus
538 1026 719 1104 penitusque
742 1026 891 1102 iacentes,

61 1120 97 1170 tto
106 1110 222 1194 Palluit,
243 1120 274 1173 et
296 1111 395 1173 subito
413 1130 511 1192 genua
533 1114 717 1185 intremuere
739 1114 866 1193 timore,

107 1198 228 1280 Suntque
251 1201 347 1261 oculis
369 1200 512 1262 tenebrae
534 1218 589 1280 per
611 1209 728 1261 tantum
751 1199 852 1261 lumen
874 1199 1012 1260 obortae

104 1286 211 1350 Etiam
231 1288 332 1350 mallet
349 1307 442 1368 equos
464 1306 628 1367 numquam
649 1290 782 1367 tetigisse
804 1296 962 1368 paternos,

105 1374 159 1436 lem
175 1395 317 1456 cognosse
338 1395 435 1457 genus
456 1379 561 1459 piget,
583 1385 615 1438 et
637 1376 763 1437 vduisse
786 1375 935 1456 rogand03

105 1462 158 1524 iam
177 1465 305 1545 Meropis
328 1465 388 1526 dici
409 1468 534 1545 cupiens
556 1468 597 1526 ita
620 1466 738 1546 ferun,
760 1473 796 1526 ut
818 1472 883 1525 aeta

64 1560 94 1609 tte
105 1552 249 1634 Praecipiti
272 1556 362 1634 pinus
384 1553 476 1615 borea
488 1602 498 1635 ‚
520 1556 570 1614 cui
592 1556 669 1615 victa
691 1555 807 1614 remisit

105 1641 188 1703 Frena
209 1660 284 1704 suus
305 1650 430 1724 rector,
452 1660 542 1722 quam
563 1641 610 1702 dis
632 1644 768 1720 votisque
791 1642 926 1720 reliquit.

106 1729 173 1799 Quid
193 1726 312 1792 iaciat?
334 1730 462 1792 multum
480 1730 554 1792 caeli
575 1738 646 1810 post
666 1740 750 1809 terga
773 1729 927 1811 relictum,

104 1818 170 1879 Ante
192 1818 294 1880 oculos
317 1819 386 1899 plus
409 1828 478 1881 est.
505 1821 603 1880 animo
627 1821 750 1880 metitur
771 1827 948 1897 utrumque.

104 1903 136 1967 Et
155 1906 238 1967 modo
262 1925 339 1986 quos
361 1907 404 1969 ilii
426 1908 519 1968 iatum
543 1910 717 1986 contingere
740 1925 800 1967 non
824 1916 888 1989 est,

67 1993 238 2075 lttProspioit
261 2014 412 2077 occasus,
435 1995 588 2057 interdum
609 1997 734 2075 respicit
755 2002 855 2056 ortus.

105 2083 230 2163 Quidque
253 2092 342 2166 agat,
363 2087 486 2163 ignarus
509 2092 610 2163 stupet
632 2092 663 2144 et
690 2101 746 2144 nec
767 2084 852 2144 irena
875 2085 1016 2164 remittit,

105 2169 157 2232 Nec
177 2175 307 2234 retinere
329 2172 408 2233 valet
420 2220 430 2254 ‚
452 2191 508 2233 nec
530 2175 651 2233 nomina
673 2173 755 2232 novit
777 2190 941 2251 equorum.

107 2258 201 2339 Sparsa
223 2278 345 2340 quoque
367 2263 399 2321 in
421 2263 502 2321 vario
525 2263 637 2340 passim
659 2259 802 2321 miracula
824 2260 905 2320 caelo

106 2346 309 2428 vastarumque
332 2348 413 2410 videt
434 2347 751 2428 trepidus-simulacra
774 2349 923 2410 ferarum.

72 2433 150 2497 utet
168 2437 275 2520 loeus,
297 2440 329 2498 iu
351 2439 486 2517 geminos
508 2436 560 2497 uhi
583 2436 721 2498 hraoohia
743 2445 885 2498 concavat
906 2455 994 2498 arcus

30 2551 32 2582 t
108 2523 258 2608 Scorpius,
280 2535 313 2587 et
334 2525 428 2587 cauda
450 2525 594 2604 flexisque
616 2528 769 2603 utrimque
787 2524 906 2586 lacertis

30 2591 32 2658 5
108 2610 222 2694 Porrigit
243 2617 276 2675 in
299 2617 427 2694 spatium
451 2616 605 2693 signorum
627 2611 761 2674 membra
782 2612 927 2675 duorum.

108 2699 179 2764 hunc
200 2720 279 2782 puer
301 2710 337 2763 ut
358 2704 437 2782 nigri
458 2702 609 2764 madidum
633 2701 743 2762 sudore
764 2704 872 2763 veneni

109 2786 220 2853 Vulnera
242 2799 364 2852 curvata
386 2793 572 2852 minitantem
595 2788 719 2869 cuspide
741 2790 833 2872 vidit,

75 2875 200 2941 utentis
222 2882 310 2960 inops
333 2878 429 2959 gelida
450 2878 609 2940 formidine
632 2878 696 2940 iore
719 2881 851 2940 remisit.

30 3011 32 3022 .
111 2964 175 3037 Quae
197 2978 356 3048 postquam
380 2985 495 3029 summo
518 2970 645 3047 tetigere
667 2970 794 3029 iacentia
816 2976 919 3049 tergo,

111 3051 304 3138 Exspatiantur
326 3059 417 3138 equi,
439 3056 581 3134 nulloque
602 3055 756 3117 inhibente
777 3074 834 3136 per
855 3074 942 3117 auras
1021 3102 1027 3116 .

112 3140 213 3222 Ignotae
236 3147 368 3225 regionis
392 3154 486 3226 eunt,
508 3163 626 3224 quaque
644 3147 774 3224 impetus
797 3146 875 3225 egit,

113 3229 156 3296 eae
177 3237 243 3297 sine
265 3233 331 3313 lege
354 3241 447 3295 rutmt
458 3280 469 3316 ‚
491 3232 609 3313 altoque
633 3233 690 3294 suh
713 3233 833 3295 aethere
856 3233 921 3293 fixis

77 3318 253 3385 iithamsant
275 3322 391 3404 stellis,
414 3323 593 3402 rapiuntque
615 3340 671 3402 per
693 3340 756 3384 aua
778 3338 919 3383 currum

31 3483 32 3496 χ
114 3405 139 3472 u
153 3412 243 3475 modo
266 3428 382 3472 summa
403 3418 532 3492 petunt,
553 3411 642 3472 modo
660 3428 715 3490 per
738 3409 850 3470 dechre
872 3412 994 3489 viasque

31 3503 32 3596 q
114 3493 276 3581 Praecipites
299 3501 394 3580 spatio
416 3509 517 3560 terrae
537 3500 677 3579 propiore
701 3500 857 3560 teruntur.

115 3583 283 3670 lueriusque
306 3590 369 3650 suis
390 3588 539 3650 fraternos
561 3606 685 3650 currere
708 3586 790 3648 Luna

30 2071 32 2114 i
