2467 4042
1054 24 1214 115 a*

212 198 277 263 306
621 193 813 246 rnsrouuu

345 360 383 423 Et
404 361 519 422 valeant
541 359 644 438 vigiles
656 407 665 441 ,
688 360 809 439 prouida
832 357 921 420 turba
933 406 942 441 ,
968 378 1088 423 canes.

235 462 285 513 tto
299 448 379 511 Neve
402 452 501 512 miuus
524 448 633 510 multos
656 447 809 527 redigam,
832 465 920 527 quam
943 466 1035 510 mane
1063 451 1205 531 fuerunt,

345 536 424 599 Neue
447 554 561 617 gemam
585 537 719 597 relerens
741 535 849 597 vellera
872 544 954 615 rapta
979 536 1079 617 lupo.

302 625 385 686 lusu
407 627 509 705 iniqua
531 626 646 686 iamcs:
678 623 788 685 herbae
811 623 993 702 frondesque
1017 631 1197 706 supersint,

346 713 487 793 Quaeque
511 713 609 774 lavent
630 721 714 774 artus
726 760 736 794 ,
764 730 898 791 quaeque
921 712 1096 796 bibantur,
1124 734 1208 796 aquae

303 801 398 863 Ubera
421 802 507 881 plena
529 818 685 880 premam,
708 801 818 862 relernt
839 800 913 860 milri
936 819 1048 862 mseus
1074 822 1166 887 aera,

236 904 288 954 ‘ltu
346 890 481 969 Dentque
503 892 579 950 viam
601 889 714 968 liquido
737 891 845 949 vimina
867 906 933 949 rara
956 906 1049 950 sero.

302 979 406 1057 Sitque
430 977 507 1038 salax
531 980 632 1058 aries,
655 985 857 1056 conceptaque
880 979 993 1038 semina
1017 982 1158 1039 coniunx

345 1065 459 1127 Reddat
471 1111 480 1146 ,
502 1073 534 1127 et
555 1068 587 1125 ln
610 1064 727 1127 stabulo
750 1066 841 1126 multa
865 1067 904 1127 sit
925 1083 1000 1143 agna
1026 1083 1119 1128 meo.

303 1155 442 1233 Lunaque
464 1156 617 1234 proveniat
640 1154 735 1215 nullas
757 1153 874 1214 laesura
895 1152 1029 1232 puellas,

345 1240 440 1303 ldollis
462 1250 494 1301 et
516 1241 551 1302 ad
575 1249 694 1303 teneras
717 1240 880 1321 quamlibet
901 1249 968 1320 apta
991 1258 1125 1304 manus.

236 1344 287 1393 tto
303 1331 384 1402 Quae
407 1347 536 1410 precor,
560 1332 697 1390 eveniant
709 1378 718 1410 ‚
746 1337 775 1391 et
801 1347 857 1390 nos
886 1330 1032 1390 iaciamus
1057 1332 1095 1391 ad
1121 1349 1214 1392 annun

346 1417 502 1479 Pastorum
525 1417 661 1478 dominae
684 1417 805 1497 grandia
828 1416 887 1478 llba
910 1416 971 1477 Pali
985 1412 1009 1477 .'

303 1505 356 1567 His
379 1505 433 1566 dea
455 1506 595 1585 placanda
620 1512 687 1567 est:
717 1504 790 1566 haec
812 1513 846 1566 tu
870 1520 1036 1566 conversus
1061 1506 1098 1566 ad
1124 1518 1201 1568 ortus

346 1593 399 1654 Dio
423 1602 549 1674 quater,
572 1601 604 1654 et
625 1594 690 1654 uiro
712 1592 815 1672 perlue
838 1610 907 1653 rore
929 1609 1056 1654 manus.

302 1680 378 1742 Tum
402 1680 471 1742 licet
494 1681 643 1762 adposita,
666 1679 758 1741 veluti
780 1688 915 1761 cratere,
941 1680 1067 1742 camella

238 1784 289 1834 780
348 1769 406 1829 Lac
429 1772 548 1831 niveum
570 1777 656 1847 potes
678 1786 919 1848 purpureamque
942 1787 1066 1848 sapam:

301 1857 428 1937 Moxque
451 1875 505 1936 per
528 1857 666 1918 ardentes
689 1856 814 1937 stipulae
838 1858 1013 1936 crepitantis
1037 1876 1164 1921 acervos

347 1944 479 2006 Traloias
502 1943 593 2006 celeri
616 1952 738 2006 strenua
760 1944 893 2005 membra
915 1945 1009 2023 pede.

302 2033 463 2113 Expositos
486 2050 550 2093 mos
573 2040 641 2093 est.
683 2034 774 2092 moris
797 2032 870 2093 mihi
892 2039 987 2093 restat
1009 2037 1115 2113 origo.

346 2119 445 2183 Turba
468 2121 538 2181 lacit
561 2119 706 2200 dubium,
730 2129 893 2199 coeptaque
916 2128 1019 2182 nostra
1044 2131 1147 2186 tenet.

237 2223 288 2272 rso
303 2209 408 2271 Omnia
430 2216 538 2288 purgat
561 2207 634 2268 edax
656 2210 734 2287 ignis
746 2254 755 2287 ,
778 2210 941 2287 vitiumque
964 2208 1095 2270 metallis

346 2296 514 2376 Excoquit:
546 2296 659 2357 idclruo
682 2313 750 2357 cum
772 2294 848 2357 duce
871 2294 1095 2375 purgatoris?

302 2387 369 2468 An,
393 2387 461 2464 quia
484 2393 659 2446 cunctarum
683 2386 831 2445 contraria
854 2386 967 2445 semina
989 2401 1095 2446 rerum
1206 2388 1207 2427 f

348 2472 425 2534 Sunt
447 2473 506 2535 duo
529 2472 704 2553 discordes,
726 2474 803 2551 iguis
826 2479 856 2533 et
878 2472 957 2533 unda
969 2519 978 2554 ,
1001 2472 1068 2553 dei,

303 2561 468 2623 {unxerunt
490 2559 636 2622 elementa
659 2568 781 2640 patres,
806 2568 967 2639 aptumque
990 2571 1142 2639 putarunt

238 2663 289 2713 tau
348 2648 469 2728 lquibus
492 2658 522 2710 et
545 2666 647 2728 sparsa
669 2658 790 2726 tangere
815 2666 923 2728 corpus
946 2646 1051 2728 aqua?

303 2738 367 2816 dn,
391 2737 470 2816 quod
492 2738 524 2798 in
543 2737 589 2798 his
608 2739 685 2797 vitae
703 2754 791 2797 causa
810 2746 875 2815 est,
899 2736 973 2797 haec
991 2738 1129 2816 perdidit
1147 2761 1163 2802 e

348 2825 401 2886 llis
424 2842 499 2886 nova
520 2825 554 2886 iit
577 2827 729 2905 coniunx,
751 2825 825 2885 haec
848 2824 906 2885 duo
930 2842 1036 2903 magna
1058 2838 1169 2905 putant

303 2912 356 2975 Vix
381 2912 517 2993 equidem
541 2912 653 2994 crcdo;
676 2919 746 2975 suut
769 2914 822 2992 qui
843 2912 1027 2973 Phaethonta
1051 2916 1165 2980 reterri

348 3001 477 3064 Credant
500 3009 531 3063 ct
552 3003 659 3062 nimias
681 3000 868 3062 Deucalionis
891 3018 998 3081 aquas.

238 3102 289 3152 tut
304 3090 377 3152 Pars
400 3107 541 3170 quoque,
565 3107 634 3151 cum
657 3090 735 3150 saxis
758 3097 892 3168 pastores
916 3106 984 3150 saxa
1007 3089 1160 3180 ieribaut,

349 3177 512 3239 Scintillam
536 3177 634 3240 subito
657 3177 831 3258 prosiluisse
854 3177 972 3238 terunt:

303 3264 402 3329 Prima
425 3266 545 3346 quidem
568 3267 679 3347 periit,
702 3265 820 3343 stipulis
844 3273 966 3346 exceptu
989 3268 1127 3332 secunda

348 3353 412 3415 Hoc
435 3361 643 3433 argumentum
665 3354 781 3414 llamma
803 3352 909 3414 Parilis
931 3352 1049 3416 habet?

304 3443 350 3504 dn
373 3444 465 3521 magis
487 3442 568 3502 huuc
590 3459 704 3503 morem
727 3442 821 3522 pietas
844 3442 954 3503 Aeneia
977 3443 1068 3525 lecit,

240 3544 291 3591 800
349 3529 513 3590 lunoouum
536 3531 615 3591 victo
638 3532 688 3591 cui
710 3529 791 3591 dedit
813 3531 891 3608 iguis
913 3527 998 3591 iter?
