2467 4042
447 212 496 262 111.
516 213 665 263 cer-rm.
758 278 761 283 g
991 207 1055 272 279

71 391 124 439 ‘120
182 375 221 436 Et
243 376 367 438 domitas
390 381 516 455 gentes,
539 374 646 435 turiler
669 371 762 454 lnde,
785 380 867 434 tuas.

138 464 183 526 Tu
208 481 348 545 quoque,
370 461 527 523 Thebanae
550 461 627 523 mala
648 460 758 541 praeda
770 509 779 541 ,
803 459 957 542 tacebere,

685 551 805 630 matris;

182 640 275 720 Inque
298 649 383 702 tuum
407 639 492 701 iuriis
516 646 602 717 acte,
627 637 783 720 Lycurge,
805 654 901 717 genu.

138 728 215 791 llcce
238 727 311 790 libet
333 726 448 789 subitos
470 730 567 808 pisces
591 726 803 806 Tyrrhenaque
826 734 957 787 monstra

182 817 309 879 Dicere:
341 816 394 877 sed
417 834 477 878 nou
501 824 546 877 est
569 817 708 876 carminis
731 814 820 875 buius
843 831 936 893 opus.

6 898 8 935 *
69 918 123 969 ‘125
139 906 283 968 Carminis
306 905 395 966 buius
419 923 493 984 opus
517 922 621 965 causas
644 920 840 983 expromere,
864 919 954 982 quare

6 990 8 1027 ³
182 993 254 1055 Vilis
276 1011 351 1054 anus
369 993 499 1072 populos
522 991 558 1053 ad
582 1010 636 1053 sua
659 991 717 1053 liba
739 999 844 1052 vocet.

137 1083 213 1144 Ante
235 1091 304 1144 tuos
327 1090 411 1143 ortus
434 1099 502 1142 arae
525 1083 590 1142 siue
613 1080 725 1141 bonore
750 1080 889 1161 luerunt,

181 1170 291 1252 Liber,
315 1178 346 1232 et
367 1172 398 1231 iu
421 1169 525 1249 gelidis
548 1168 641 1231 herba
663 1175 782 1247 reperta
805 1167 896 1229 locis.

137 1258 180 1320 'l'e
203 1265 369 1320 memorant
390 1257 490 1337 Gange
514 1266 636 1336 totoque
659 1259 774 1318 oriente
797 1255 920 1318 subacto

6 1352 7 1363 ³
69 1358 124 1409 ‘130
182 1345 330 1407 Primitias
354 1363 459 1425 magno
482 1347 652 1425 seposuisse
674 1344 755 1406 lori.

138 1433 279 1495 Cinnama
301 1442 334 1495 tu
357 1435 472 1512 primus
495 1436 668 1511 captimque
691 1441 758 1493 tura
781 1430 889 1493 dedisti

183 1522 284 1602 Deque
308 1520 488 1601 triumphato
512 1522 627 1581 viscera
649 1528 726 1581 tosta
748 1519 839 1580 bove.

137 1610 261 1671 Nomine
285 1608 321 1671 ab
345 1611 475 1671 auctoris
498 1607 611 1670 ductmt
634 1607 772 1669 libamina
795 1625 903 1668 nomen

181 1697 335 1778 Libaque,
358 1698 437 1777 quod
460 1698 553 1759 sacris
576 1714 644 1778 pars
667 1696 755 1757 datur
777 1695 846 1756 inde
870 1695 960 1758 locis.

71 1800 124 1850 735
138 1786 210 1848 Liba
233 1787 289 1848 deo
313 1787 388 1848 fiunt
400 1833 409 1866 ,
432 1787 513 1847 sucis
536 1787 605 1865 quia
628 1783 765 1846 dulcibus
788 1783 866 1845 idem

182 1873 317 1956 Gaudet,
340 1883 372 1937 et
393 1893 410 1936 a
432 1873 548 1935 Baccho
570 1872 658 1935 mella
680 1882 799 1953 reperta
822 1873 939 1934 lerunt.

136 1963 202 2025 lbat
223 1963 370 2024 harenoso
394 1965 501 2042 satyris
525 1965 681 2024 comitatus
704 1961 740 2023 ab
764 1959 882 2042 llebro,
904 1993 940 2004 -

181 2051 247 2113 Non
269 2051 360 2113 habet
381 2053 512 2131 ingratos
535 2050 634 2113 fabula
657 2058 758 2113 nostra
781 2052 863 2111 iocos
885 2082 920 2093 -

138 2140 258 2221 lamque
282 2148 346 2202 erat
368 2140 403 2201 ad
428 2139 590 2218 Rhodopen
613 2139 806 2218 Pangaeaque
830 2137 934 2210 florida

685 2236 824 2304 ventum,

71 2331 123 2381 740
182 2318 332 2380 deriserae
356 2318 498 2379 comitum
522 2334 725 2396 concrepuere
748 2333 870 2376 manus.

137 2406 216 2469 Ecce
239 2424 330 2468 novae
354 2413 464 2467 coeunt
486 2405 622 2466 volucres
645 2403 802 2465 tinnitibus
825 2411 924 2482 actae,

182 2495 324 2574 Quosque
347 2502 467 2555 movent
489 2496 605 2555 sonitus
628 2511 696 2554 aera
708 2540 717 2573 ,
741 2500 909 2571 sequuntur
932 2508 1020 2573 apes.

138 2583 256 2662 Colligit
278 2590 413 2644 errantes
436 2588 467 2643 ct
488 2584 520 2642 in
543 2582 650 2643 arbore
672 2580 783 2643 claudit
805 2582 887 2641 inani

182 2671 298 2752 Liber,
317 2680 348 2734 et
370 2672 483 2732 inventi
505 2672 637 2750 praemia
659 2668 754 2731 mellis
777 2668 883 2731 babet.

72 2771 124 2824 ‘teo
139 2760 177 2822 Ut
199 2763 291 2841 satyri
314 2760 446 2840 leuisque
469 2776 561 2820 senex
584 2760 708 2838 tetigere
732 2775 885 2838 saporem,

73 2894 80 2905 ι
182 2848 371 2921 Quaerebant
393 2848 483 2910 llavos
506 2865 560 2927 per
583 2865 689 2909 nemus
712 2865 799 2909 omne
823 2848 924 2908 latos.

138 2938 228 3000 dudit
249 2939 281 2999 in
304 2955 392 3000 exesa
415 2936 574 2998 stridorem
597 2936 741 2998 examinis
764 2936 863 3014 ulmo,

181 3027 296 3106 Aspicit
319 3035 349 3088 et
371 3044 456 3088 ceras
479 3024 705 3103 dissimulatque
729 3041 837 3103 senex,

138 3112 235 3193 thue
258 3116 342 3193 piger
365 3114 454 3192 pandi
476 3120 559 3194 tergo
584 3112 734 3174 residebat
756 3110 856 3190 aselli,

72 3213 124 3265 ‘too
182 3200 317 3281 Applicat
338 3201 418 3263 hunc
441 3201 521 3287 ulmo
544 3199 767 3279 corticibusque
790 3200 886 3260 caris.

139 3289 279 3352 Constitit
301 3292 365 3369 ipse
388 3308 479 3370 super
502 3308 618 3351 ramoso
642 3291 744 3369 stipite
768 3290 874 3368 nixus,

183 3378 280 3459 dtque
302 3378 385 3440 aride
409 3385 516 3441 trunco
540 3378 658 3440 condita
681 3376 767 3437 mella
789 3377 881 3456 petit.

137 3466 216 3528 llllia
239 3466 419 3529 crabronum
441 3475 551 3529 coeunt
563 3513 572 3546 ,
595 3475 627 3528 et
649 3468 761 3527 vertice
783 3465 863 3526 nudo

183 3554 303 3637 Spicula
326 3555 458 3636 deligunt
470 3602 480 3637 ,
503 3573 614 3635 oraque
638 3556 711 3616 sima
734 3563 854 3616 notant.
