2467 4042
433 255 461 307 v.
481 257 630 309 eoo-ers.
971 256 1034 320 321

162 417 223 479 Nee
246 417 374 497 liquidae
398 419 502 479 vinctis
525 418 598 479 llore
621 417 765 480 bibuntur
788 437 898 499 aquae.

118 504 218 567 Donec
241 523 308 566 eras
330 507 440 567 mixtus
463 505 574 587 nullis,
597 505 746 588 Acheloe,
770 511 911 589 racemis,

162 594 261 655 Gratia
285 594 444 655 sumendae
469 612 527 656 non
552 603 615 656 erat
639 595 697 656 ulla
721 613 822 657 rosae.

50 694 104 743 345
119 681 254 743 Bacchus
277 691 354 743 amat
376 682 487 744 liores:
519 682 636 743 Baccho
659 684 805 762 placuisse
829 701 968 744 coronam

163 770 206 830 Ex
229 769 375 831 Ariadneo
399 770 496 831 sidere
520 788 607 832 nosse
631 779 736 850 potes.

120 858 231 937 Scaena
245 858 317 919 levis
332 859 417 920 decet
430 859 524 920 banc:
539 876 598 919 non
614 867 674 939 est,
690 859 761 920 mihi
776 859 903 939 credite,
919 877 977 920 non
992 868 1037 919 est

162 946 213 1006 llla
237 955 405 1007 coturnatas
428 949 507 1007 inter
528 946 664 1007 habenda
687 948 795 1008 deas.⁴

119 1033 218 1095 Turba
242 1035 362 1115 quidem
385 1045 439 1096 cur
462 1034 517 1095 hos
541 1034 672 1095 celebret
694 1038 862 1096 meretricia
885 1034 988 1115 ludos,

48 1135 103 1184 eoo
161 1122 226 1183 Non
251 1141 287 1182 ex
310 1122 422 1183 difficili
445 1140 533 1183 causa
556 1126 649 1202 petita
671 1123 792 1184 subest.

117 1210 182 1272 Non
206 1219 251 1272 est
274 1210 310 1272 de
332 1213 468 1291 tetricis,
491 1229 551 1272 non
576 1219 622 1272 est
644 1212 681 1273 de
705 1230 809 1291 magna
830 1213 992 1292 professis:

164 1298 231 1359 Volt
253 1317 306 1359 sua
329 1299 445 1378 plebeio
468 1316 552 1359 sacra
575 1309 677 1377 patere
701 1300 809 1361 choro.

120 1383 158 1446 Et
180 1395 281 1446 menet
303 1390 406 1447 aetatis
430 1388 551 1467 specie,
574 1386 645 1447 dom
667 1388 772 1448 floreat
783 1434 793 1469 ,
816 1390 878 1467 uti,

164 1473 319 1535 Contemni
342 1477 478 1553 spinam,
501 1491 568 1534 cum
593 1474 728 1535 cecidere
751 1493 853 1536 rosae.

50 1573 104 1623 365
120 1561 180 1623 Gur
203 1571 324 1643 minen,
347 1574 380 1622 ut
403 1561 511 1622 dantur
534 1571 631 1621 vestes
654 1561 818 1624 Cerialibus
840 1563 939 1643 albae,

165 1650 214 1711 Sic
237 1650 310 1710 baec
333 1660 380 1710 est
402 1649 483 1711 cultu
507 1648 685 1711 versicolore
709 1647 844 1712 decens?

119 1739 164 1799 An
188 1741 256 1818 quia
278 1740 404 1799 maturis
426 1737 549 1799 albescit
571 1740 677 1799 messis
700 1741 813 1817 aristis,

164 1826 202 1888 Et
225 1827 305 1888 color
328 1834 359 1887 et
382 1828 496 1906 species
519 1825 644 1887 tloribus
667 1830 763 1888 omnis
785 1823 891 1887 inest?

120 1917 252 1997 Annuit,
276 1924 306 1976 et
329 1918 417 1976 motis
440 1915 529 1975 ilores
553 1914 688 1976 cecidere
712 1915 842 1994 capillis,

50 2018 105 2067 360
164 2003 305 2065 Accidere
328 2007 359 2064 in
383 2021 500 2065 mensas
523 2010 557 2065 ut
579 2021 647 2064 rosa
671 2005 759 2064 uiissa
782 2002 877 2064 solet.

119 2091 243 2154 Lumina
265 2092 437 2172 restabant,
461 2109 587 2172 quorum
611 2109 659 2152 me
682 2110 770 2153 causa
793 2090 919 2169 latebat;

164 2181 237 2243 Cum
261 2184 304 2243 sic
328 2198 447 2241 errores
469 2178 591 2240 abstulit
613 2179 660 2240 illa
684 2197 784 2240 meos:

121 2264 189 2330 ‘Vel
213 2272 281 2348 quia
305 2271 465 2348 purpureis
489 2267 637 2329 collucent
659 2266 783 2328 lloribus
806 2269 887 2346 agri,

163 2357 287 2418 Lumina
310 2364 381 2417 sunt
403 2366 521 2417 nostros
544 2358 604 2415 visa
628 2355 735 2415 decere
758 2355 838 2436 dies,

51 2460 105 2508 365
119 2445 171 2507 Vel
195 2447 262 2524 quia
286 2463 341 2504 nec
364 2445 419 2505 llos
441 2452 488 2504 est
509 2441 610 2504 hebeti
633 2461 688 2503 nec
711 2443 826 2503 llamma
849 2441 966 2522 colore,

164 2534 261 2611 Atque
284 2533 386 2593 oculos
409 2534 439 2593 in
462 2549 495 2592 se
519 2531 659 2609 splendor
683 2539 808 2610 uterque
833 2531 939 2610 trabit3

121 2622 172 2682 Vel
195 2624 263 2699 quia
286 2621 399 2681 deliciis
423 2627 568 2680 nocturna
590 2619 709 2679 licentia
732 2621 842 2680 nostris

164 2702 328 2770 Convenit.
370 2727 387 2769 a
411 2726 480 2768 vero
504 2709 591 2768 tertia
614 2726 702 2769 causa
726 2703 840 2768 venit.’

121 2793 190 2858 ‘Est
213 2797 301 2858 breve
324 2805 499 2876 praeterea,
523 2795 559 2856 de
583 2813 642 2875 quo
667 2795 737 2855 mihi
761 2813 904 2876 quaerere
927 2803 1037 2875 restat,

50 2900 105 2949 370
166 2885 196 2946 Si
219 2881 322 2947 liceat'
346 2885 429 2947 dixi:
461 2884 535 2945 dixit
558 2892 588 2944 et
610 2883 660 2944 illa
684 2879 802 2945 ‘licetl'

121 2970 196 3036 ‘Cur
221 2974 272 3036 tibi
296 2992 351 3054 pro
375 2973 493 3052 Libycis
516 2972 696 3034 clauduntur
719 2979 783 3033 rete
806 2973 917 3032 leaenis
981 2984 1037 3032 ‹1⁷4›

163 3062 299 3124 lmbelles
322 3081 445 3142 capreae
469 3060 672 3139 sollicitusque
699 3055 823 3138 lepusl’

119 3150 183 3212 Non
208 3151 264 3212 sibi
277 3198 285 3231 ,
309 3151 483 3230 respondit,
507 3148 594 3209 silvas
618 3150 767 3227 cessisse,
791 3148 844 3208 sed
865 3147 987 3227 hortos,

163 3239 297 3317 Arvaque
321 3241 447 3318 pugnaci
470 3255 529 3297 non
553 3236 687 3297 adeunda
711 3236 807 3296 serae.

51 3342 105 3391 375
121 3327 224 3389 Omnia
248 3327 384 3388 finierat:
418 3336 523 3388 tenues
546 3327 671 3386 secessit
693 3325 724 3383 in
748 3342 852 3403 auras,

164 3416 272 3476 Mansit
294 3414 388 3475 odor:
420 3432 523 3493 posses
547 3416 624 3473 seire
649 3413 741 3472 luisse
765 3412 866 3473 deam.

121 3504 238 3565 Floreat
260 3512 294 3564 ut
317 3512 377 3564 toto
401 3520 520 3565 carmen
544 3500 669 3562 Nasonis
692 3502 723 3560 in
746 3518 834 3580 aero,

138 3645 144 3653 .
166 3593 298 3672 Sparge,
322 3610 450 3672 precor,
474 3591 559 3652 donis
582 3598 704 3669 pectora
728 3597 828 3650 nostra
852 3591 927 3650 tuis.

85 3703 165 3745 ovlb.
192 3704 236 3746 111.
844 3694 877 3742 21
