2467 4042
252 612 293 705 l.
319 609 439 705 lllll
463 611 637 706 llllllls
664 609 958 706 lllllllllllllll
983 611 1158 708 llllllll

601 795 695 860 oin
717 797 738 860 s
759 796 797 860 n.

166 1155 169 1158 -
271 1074 409 1188 'legerat
421 1113 513 1174 huius
522 1113 620 1175 Amor
633 1113 750 1175 tilulum
760 1129 936 1190 nomenque
950 1113 1062 1174 libellis

314 1197 412 1257 ‘Belia
425 1197 513 1274 mihi,
535 1197 643 1274 video,
664 1197 746 1258 bella
759 1201 915 1273 parantor’
930 1197 981 1258 aii„
1073 1249 1074 1252 ,

272 1280 380 1342 ‘Parce
393 1288 476 1342 tuum
490 1289 590 1341 vatem
607 1281 734 1342 sceleris
749 1282 909 1354 damnare,
932 1280 1063 1357 cupido,

313 1366 435 1427 Tradita
450 1366 502 1441 qni
517 1365 606 1427 toties
622 1373 652 1427 te
667 1365 745 1426 duce
759 1365 924 1441 signaculi.

246 1448 339 1510 silon
355 1464 414 1524 ego
428 1449 580 1527 lydides,
600 1466 618 1510 a
634 1465 695 1524 quo
712 1457 765 1510 luo
780 1450 886 1510 saucia
899 1457 997 1510 maten

313 1533 347 1594 ln
362 1532 508 1609 liquidum
523 1533 614 1593 rediil
628 1533 752 1595 aelhera
763 1532 869 1594 Mariis
885 1536 985 1609 equis.

273 1616 374 1693 Saepe
388 1624 492 1692 lepenl
506 1618 556 1677 alii
571 1617 709 1678 iuvenes.
731 1633 790 1692 ego
805 1633 929 1694 semper
942 1617 1060 1679 amavi:

312 1701 350 1761 m
364 1702 405 1773 si,
429 1700 504 1777 quid
517 1701 627 1761 faciam
641 1716 722 1761 nunc
737 1717 877 1777 quoque,
896 1703 1036 1776 quaeris,
1058 1715 1138 1762 amo.

272 1786 348 1860 Quin
364 1786 454 1846 eliam
469 1784 576 1861 docui,
599 1802 660 1860 qua
673 1799 787 1860 posses
802 1793 867 1846 arte
879 1787 989 1860 ponii,

230 1880 264 1932 lo
314 1869 354 1929 Et
367 1870 451 1945 quod
465 1885 545 1930 nunc
559 1868 636 1930 natio
650 1874 711 1943 est,
734 1869 866 1944 impetus
881 1876 951 1930 onie
966 1870 1031 1930 luit.

270 1954 333 2014 Nec
346 1960 393 2029 te,
412 1953 525 2014 blande
541 1969 632 2028 puer,
655 1968 712 2013 occ
726 1961 848 2015 noslras
865 1954 1023 2029 prodimus
1038 1961 1132 2027 aries,

310 2038 373 2098 Nec
388 2054 470 2098 nova
485 2038 680 2114 praeteritum
695 2053 784 2098 musa
797 2037 907 2098 relexii
920 2054 1010 2115 opus.

270 2121 375 2198 Siquis
389 2128 471 2182 amai
485 2122 569 2197 quod
584 2119 802 2195 nonciavit,
822 2121 949 2183 feliciter
964 2122 1067 2184 ardeia

257 2250 260 2254 ·
313 2205 464 2279 Gaudeat,
485 2213 517 2267 ot
529 2212 620 2266 venia
637 2205 760 2281 naviget
772 2207 822 2266 ille
836 2221 904 2267 suo.

228 2300 261 2353 lo
272 2293 315 2350 At
327 2290 425 2365 siquis
442 2291 521 2351 male
540 2290 597 2350 ient
609 2290 754 2366 indignae
768 2305 864 2364 regna
878 2290 1008 2366 puellae,

310 2374 354 2434 lle
368 2382 488 2450 percat,
509 2381 635 2435 nostroe
650 2374 762 2436 sentiat
774 2372 846 2434 erlis
862 2389 962 2449 opem.

269 2459 328 2520 Gur
341 2459 453 2534 aliquis
468 2461 579 2534 laqueo
598 2460 709 2520 collum
723 2458 856 2519 nodatus
869 2464 987 2518 amator

309 2543 338 2603 Α
353 2543 438 2603 trabe
452 2543 574 2604 sublimi
589 2542 673 2604 trislc
688 2542 835 2618 pependit
849 2549 949 2602 onusl

268 2628 328 2689 Gur
343 2626 453 2703 aliquis
469 2627 567 2702 rigido
584 2628 680 2687 fodiat
695 2643 752 2688 sua
764 2634 891 2702 pectora
905 2627 1008 2687 ferros

225 2720 260 2773 20
311 2711 460 2772 Invidiam
475 2712 595 2784 caedis,
620 2711 706 2787 pacis
724 2718 854 2782 amator,
877 2710 985 2771 habes.

268 2795 340 2871 Qui,
362 2794 422 2856 nisi
437 2795 576 2869 desistit,
599 2795 712 2857 misero
727 2796 880 2871 periturus
894 2808 1000 2854 amore
1014 2801 1072 2868 est,

308 2880 444 2940 Desinat.
465 2886 496 2940 et
510 2880 583 2939 nulli
600 2880 717 2940 funeris
733 2886 841 2941 auctor
852 2878 927 2939 eris.

267 2965 303 3024 El
318 2980 394 3040 puer
408 2980 458 3038 es,
482 2978 540 3023 nec
554 2971 584 3025 te
601 2964 764 3039 quicquam
781 2963 840 3024 nisi
854 2963 962 3025 ludere
979 2969 1099 3038 oportet

308 3048 408 3109 Lude!
431 3048 542 3109 decent
557 3064 656 3108 conos
672 3048 773 3111 mollia
787 3063 883 3122 regna
897 3053 979 3108 iuos.

184 3143 258 3195 -lo
269 3132 344 3193 Nam
359 3138 482 3208 poteras
497 3131 540 3192 uli
553 3132 645 3193 nudis
661 3133 699 3192 ad
715 3132 795 3193 bella
810 3131 942 3206 sagittis

184 3249 224 3261 -
308 3217 372 3278 Sed
385 3224 437 3277 tua
450 3216 605 3277 moniieno
622 3214 771 3293 sanguine
784 3216 845 3276 leia
859 3222 972 3276 careni.

265 3301 399 3362 Vitricus
415 3307 445 3360 cl
458 3300 569 3375 gladiis
584 3308 615 3361 ct
629 3307 718 3361 acula
734 3299 855 3360 dimicet
869 3299 965 3370 hasta,

307 3386 344 3447 let
357 3385 457 3446 victor
469 3384 564 3445 nnita
578 3386 674 3446 caede
690 3391 832 3446 cruentus
846 3391 905 3444 cal.

265 3470 308 3529 Tu
325 3470 393 3531 cole
406 3474 576 3541 maternas,
600 3476 664 3529 tulo
682 3467 793 3544 quibus
807 3468 933 3542 utimur,
954 3475 1046 3538 ones,

222 3561 258 3614 iio
310 3553 347 3612 Et
359 3568 487 3628 quarum
502 3550 576 3612 vitio
591 3554 673 3613 nulla
689 3553 723 3613 fil
736 3553 813 3613 orba
827 3568 951 3628 parens.
