2467 4042
198 231 265 298 220
606 230 800 284 66666666

287 396 427 459 Nondum
449 393 595 457 Iustitiam
619 394 733 457 lacinus
756 394 880 457 mortale
904 395 1043 475 ingaratt

222 497 274 548 666
332 483 439 547 Ultima
461 482 499 545 de
522 484 641 565 superis
662 482 711 545 1116
734 482 855 562 reliquit
877 482 1021 546 humum:

289 572 408 652 Proque
431 580 514 634 metu
535 571 680 654 populum
703 573 768 633 sine
791 574 819 632 vi
841 572 939 652 pudor
960 574 1028 652 ipse
1055 575 1201 659 regebat,

332 660 437 722 Nullus
460 668 525 722 erat
546 662 635 721 iustis
656 659 782 722 reddere
805 662 871 721 iura
893 659 993 723 labor.

287 748 335 812 Nil
357 749 430 810 mihi
452 766 522 811 cum
543 747 640 810 bello:
671 767 774 828 pacem
797 758 957 828 postesque
979 749 1098 812 tuebar

331 832 403 918 Ε1,’
427 838 539 899 clarem
561 836 745 919 ostendens,
769 832 874 898 ‘haec'
897 839 940 899 611
961 832 1066 900 ‘arma
1089 839 1199 920 gero!

223 938 275 989 666
289 924 445 988 Presserat
466 943 519 986 ora
542 924 638 987 deus.
679 933 752 987 tunc
775 928 818 987 sic
841 942 897 1004 ego
920 933 1023 987 nostra
1049 930 1186 1011 resolvi,

333 1013 412 1076 Voce
434 1031 499 1075 mea
522 1032 610 1075 voces
633 1012 769 1075 eliciente
792 1012 859 1075 dei:

289 1099 379 1165 ‘Cum
404 1109 449 1163 tot
472 1101 639 1183 61611661,
661 1119 716 1163 666
739 1110 799 1163 6166
822 1109 955 1164 sacratus
977 1103 1009 1163 in
1036 1122 1125 1186 uno,

333 1190 389 1252 liic
411 1189 463 1252 ubi
486 1192 588 1252 iuncta
609 1190 684 1251 ioris
707 1189 815 1270 templa
838 1190 954 1252 duobus
977 1189 1125 1254 hahesP'

289 1278 340 1341 1116
364 1296 453 1340 manu
476 1277 611 1340 mulcens
634 1296 795 1358 propexam
818 1278 854 1339 ad
877 1286 998 1359 pectora
1022 1279 1176 1364 barbam,

223 1380 275 1431 666
333 1368 475 1429 Protinus
498 1366 611 1428 Oebalii
634 1366 750 1429 rettulit
771 1384 852 1428 arma
875 1366 958 1448 1611,

289 1454 386 1535 thue
409 1454 483 1517 lavis
506 1464 631 1535 custos,
653 1454 776 1518 armillis
799 1464 905 1536 capta,
929 1454 1059 1519 Sabinos

333 1544 377 1605 lo
401 1561 533 1606 summae
556 1544 662 1605 tacitos
685 1543 804 1606 duxerit
826 1546 903 1605 arcis
923 1546 1000 1605 iter.

291 1628 401 1714 qudo,
427 1631 509 1695 velut
531 1649 611 1695 nuuc
635 1639 703 1714 661,
729 1649 784 1712 per
812 1650 901 1712 quem
928 1632 1158 1718 descenditis,'

816 1722 935 1800 *inquit

335 1804 465 1870 ‘Arduus
487 1810 518 1869 in
542 1807 631 1870 valles
654 1825 709 1888 per
732 1809 795 1870 lora
819 1808 913 1870 clivus
935 1818 1017 1873 erat.

225 1908 277 1961 666
291 1896 331 1959 Et
352 1899 410 1958 iam
434 1899 597 1977 contigerat
619 1904 757 1978 portam,
781 1896 919 1959 Saturnia
941 1901 1029 1960 cuius

333 1985 508 2064 Dempserat
529 1988 680 2064 oppositas
702 1984 843 2047 insidiosa
865 2003 964 2048 66666.

289 2074 364 2137 Cum
388 2082 470 2135 tanto
492 2076 606 2136 veritus
629 2076 815 2135 committere
839 2076 959 2136 numina
981 2092 1125 2156 pugnam

333 2162 400 2243 lpse
423 2179 506 2223 meae
530 2164 607 2223 movi
630 2161 753 2223 callidus
776 2165 849 2224 artis
871 2180 964 2242 opus,

289 2250 430 2331 Oraque,
453 2268 510 2330 qua
533 2249 648 2330 pollens
671 2269 728 2331 ope
751 2268 840 2331 sum,
863 2252 982 2313 lontano
1003 2254 1149 2340 reclusi,
1225 2305 1226 2328 ,

223 2351 275 2403 616
335 2339 467 2419 Sumque
490 2342 661 2418 repentinas
685 2339 846 2401 eiaculatus
869 2356 977 2419 aquas.
1225 2331 1226 2406 1

288 2428 364 2489 1616
387 2435 486 2489 tamen
509 2427 634 2489 madidis
657 2426 772 2489 subieci
794 2426 916 2507 sulpura
939 2430 1042 2510 venis,

332 2515 490 2578 Clauderet
512 2524 546 2577 61
568 2514 653 2578 'latio
676 2516 807 2579 fervidus
829 2534 916 2577 umor
937 2519 1013 2578 lter.

289 2604 380 2666 Cuius
403 2613 438 2667 61
459 2604 571 2667 61111166
594 2604 689 2684 661616
710 2611 850 2685 66666616
874 2603 1008 2686 Sabinis,

334 2692 416 2764 Quae
440 2694 558 2769 luerat,
581 2700 647 2755 1616
670 2692 785 2755 reddita
807 2694 902 2754 iorma
925 2692 989 2754 loco
1012 2703 1082 2758 est.

222 2783 346 2845 616166
369 2782 441 2842 mihi
462 2784 558 2861 posita
582 2788 628 2842 est
650 2799 741 2862 parvo
764 2782 922 2844 coniuncta
944 2781 1072 2845 sacello:

335 2868 414 2931 11666
437 2869 535 2931 adolet
556 2869 683 2931 liammis
706 2888 774 2931 cum
797 2878 881 2931 strue
903 2871 982 2931 iarra
1004 2869 1116 2933 suis.'

291 2954 340 3021 ‘lt
362 2976 417 3020 cur
439 2974 512 3037 pace
535 2957 632 3039 16166,
655 2961 802 3037 motisque
825 2956 989 3019 recluderis
1011 2963 1115 3024 armis
1125 2960 1162 3027 l'

333 3046 394 3109 Nec
417 3064 520 3126 mora,
544 3049 671 3125 quaesiti
693 3046 808 3109 reddita
831 3064 921 3108 causa
942 3046 1015 3107 mihi
1041 3058 1115 3114 est.

291 3132 345 3198 ‘Ut
367 3134 476 3216 populo
499 3134 614 3196 reditus
637 3143 757 3215 6616661
779 3134 813 3195 ad
837 3133 913 3196 bella
936 3134 1098 3220 prolecto,

222 3234 275 3287 666
333 3223 407 3286 Tota
428 3231 510 3304 patet
532 3222 651 3302 dempta
672 3225 760 3285 ianua
783 3230 885 3284 nostra
907 3241 990 3285 sera.

289 3312 364 3373 Ρ666
389 3314 468 3373 16666
492 3310 591 3392 obdo‚
613 3329 652 3374 ne
675 3329 732 3390 qua
756 3310 909 3373 discedere
933 3312 1049 3390 possita
1220 3341 1221 3424 6

334 3400 538 3480 Caesareoque
560 3400 611 3462 diu
636 3403 754 3461 nomine
778 3398 880 3461 clusus
902 3394 988 3461 ero.'

289 3486 390 3567 Dixit,
413 3495 444 3548 61
466 3487 603 3549 attollens
626 3487 728 3549 oculos
751 3488 867 3550 diversa
889 3495 1029 3565 tuentes,

333 3573 456 3652 1666611
478 3583 540 3635 1616
564 3575 708 3654 quidquid
732 3578 764 3636 in
786 3574 859 3636 orbe
883 3561 954 3637 ldit.
1219 3563 1220 3628 1

1133 2128 1146 2161 ‚
