2467 4042
394 212 477 276 74
719 230 968 267 camois
1214 211 1541 266 METAMM
1556 252 1572 267 .

566 377 784 460 Celmi,
810 377 934 438 lovi
949 425 968 459 ‚
993 377 1276 456 largoque
1304 385 1463 437 satos
1491 376 1739 438 Curetas
1766 377 1841 438 ab
1868 378 2077 461 imbri,
2095 392 2166 433 ει.
2199 392 2412 435 xu-znv.

565 466 643 529 Et
687 465 918 527 Crocon
962 468 1026 527 in
1069 484 1283 545 parvos
1328 483 1570 526 versum
1612 484 1752 527 cum
1798 465 2051 527 Smilace
2096 467 2294 528 flores

565 554 927 635 Praetereo3
971 554 1250 632 dulcique
1294 556 1521 614 animos
1565 556 1826 615 novitate
1869 554 2088 616 tenebo
2109 602 2124 615 .

435 654 537 704 285
653 642 821 703 Unde
865 643 947 704 sit
989 643 1222 703 infamis
1249 689 1269 723 ‚
1315 660 1498 721 quare
1544 642 1694 703 male
1740 642 1998 704 fortibus
2044 643 2237 705 undis

567 731 847 793 Salmacis
893 738 1137 791 enervet
1179 736 1488 810 tactosque
1534 731 1824 792 remolliat
1870 739 2035 792 artus
2052 779 2072 813 ‚

564 820 830 881 Discite.
884 836 1061 880 causa
1103 819 1289 880 latet.
1274 839 1291 854 ·
1334 821 1423 880 vis
1470 827 1564 879 est
1608 820 1914 880 notissima
1960 820 2147 881 sontis
2164 865 2183 882 .

563 908 859 969 Mercurio
904 925 1160 986 puerum
1205 906 1335 967 diva
1371 905 1722 985 Cythereide
1770 915 1975 967 natum

565 996 779 1057 Naides
825 995 1014 1055 Idaeis
1059 998 1399 1056 enutrivere
1445 993 1559 1055 sub
1605 998 1829 1077 antris;

433 1095 538 1147 290
566 1084 749 1145 Cuius
796 1092 925 1144 erat
968 1084 1194 1164 iacies,
1236 1085 1302 1144 in
1347 1101 1464 1161 qua
1507 1090 1815 1161 materque
1858 1092 2155 1163 paterque

565 1172 856 1252 Cognosci
898 1179 1186 1253 possent3
1230 1189 1449 1231 nomen
1494 1187 1733 1251 quoque
1778 1174 1960 1232 traxit
2004 1172 2079 1231 ab
2127 1172 2288 1234 illis.

563 1261 622 1321 Is
665 1262 781 1321 tria
826 1278 963 1321 cum
1006 1261 1269 1339 primum
1312 1260 1455 1321 fecit
1498 1261 1904 1338 quinquennia
1930 1308 1947 1342 ,
1993 1270 2242 1322 montes

563 1348 842 1410 Deseruit
883 1351 1108 1428 patrios
1133 1396 1151 1429 ‚
1195 1347 1415 1428 Idaque
1462 1348 1667 1408 altrice
1713 1347 1922 1409 relicta

564 1437 787 1517 Ignotis
832 1455 1034 1498 errare
1080 1436 1227 1496 locis
1253 1481 1274 1517 ,
1318 1439 1517 1515 ignota
1561 1435 1761 1496 videre

423 1538 535 1586 295
563 1525 835 1587 Flumina
878 1525 1170 1605 gaudebat
1192 1572 1212 1606 ‚
1258 1524 1457 1585 studio
1501 1526 1805 1586 minuente
1852 1523 2125 1586 laborem
2146 1573 2161 1588 .

564 1614 666 1675 Ille
714 1616 891 1675 etiam
934 1612 1141 1693 Lycias
1186 1612 1368 1674 urbes
1413 1611 1743 1691 Lyciaeque
1787 1616 2166 1693 propinquos

566 1702 744 1763 Caras
790 1702 911 1763 adit
935 1748 952 1763 .
1005 1702 1166 1762 videt
1209 1702 1308 1762 hic
1353 1708 1627 1780 stagnum
1670 1700 1926 1761 lucentis
1970 1701 2043 1761 ad
2091 1704 2291 1763 imum

563 1790 764 1871 Usque
809 1790 1002 1852 solum
1047 1789 1317 1870 lymphae
1345 1836 1360 1851 .
1416 1807 1536 1849 non
1582 1788 1702 1849 illic
1747 1806 1934 1850 canna
1976 1790 2275 1869 palustris

562 1878 688 1940 Nec
733 1879 966 1940 steriles
1012 1878 1179 1939 ulvae
1224 1897 1337 1939 nec
1382 1885 1554 1939 acuta
1600 1877 1844 1956 cuspide
1887 1879 2087 1959 iunci3

431 1980 537 2031 800
563 1968 924 2048 Perspicuus
969 1967 1165 2045 liquor
1211 1976 1305 2027 est
1330 2013 1345 2027 .
1400 1969 1593 2045 stagni
1637 1974 1836 2026 tamen
1880 1965 2087 2027 ultima
2135 1970 2275 2028 vivo

565 2056 836 2137 Caespite
882 2058 1204 2134 cinguntur
1249 2072 1603 2134 semperque
1648 2053 1978 2116 virentibus
2025 2054 2240 2116 herbis
2262 2103 2275 2115 .

565 2145 832 2224 Nympha
875 2144 1018 2205 colit
1041 2192 1060 2224 ,
1106 2144 1211 2204 sed
1257 2160 1370 2204 nec
1406 2141 1714 2203 venatibus
1760 2150 1893 2222 apta
1917 2189 1937 2223 ,
1982 2159 2098 2203 nec
2148 2161 2328 2204 arcus

562 2232 831 2293 Flectere
878 2250 1027 2312 quae
1074 2231 1260 2293 soleat
1284 2279 1303 2313 ‚
1348 2249 1461 2292 nec
1506 2247 1658 2309 quae
1703 2230 2065 2292 contendere
2111 2249 2303 2293 cursu
2318 2277 2339 2313 ,

567 2321 820 2397 Solaque
865 2320 1140 2381 naiadum
1183 2319 1368 2380 celeri
1411 2338 1533 2380 non
1577 2326 1716 2380 nota
1762 2318 2012 2381 Dianae.

435 2425 535 2469 θηρῶ
567 2409 755 2485 Saepo
803 2426 939 2470 suas
983 2408 1070 2469 illi
1114 2409 1268 2469 fama
1313 2415 1406 2469 est
1450 2408 1670 2468 dixisse
1717 2425 1954 2468 sorores

571 2497 866 2558 “fis-„munci
890 2545 910 2579 ‚
955 2497 1048 2557 vel
1091 2496 1350 2558 iaculum
1375 2544 1395 2578 ‚
1440 2495 1532 2557 vel
1575 2498 1765 2575 pictas
1810 2514 1978 2558 sume
2023 2496 2340 2577 pharetras

567 2585 643 2645 Et
691 2597 787 2645 tua
832 2604 971 2647 cum
1007 2586 1174 2647 duris
1219 2584 1528 2645 venatibus
1574 2586 1692 2645 otia
1739 2586 1921 2645 misce
1940 2579 2004 2646 .''

567 2677 687 2733 Nec:
727 2674 982 2737 iaculum
1025 2677 1209 2735 sumit
1253 2691 1365 2734 nec
1411 2676 1600 2752 pictas
1645 2672 1742 2733 illa
1788 2672 2098 2752 pharetras
2114 2720 2137 2756 ‚

567 2765 687 2821 Nec
735 2781 841 2823 sna
885 2781 1022 2824 cum
1068 2762 1234 2823 duris
1280 2760 1589 2822 venatibus
1625 2763 1744 2821 otia
1789 2763 2035 2821 miscet:

439 2865 539 2913 31ss
575 2853 683 2909 Sed
735 2851 907 2913 modo
952 2852 1116 2912 fonte
1163 2868 1274 2910 suo
1321 2850 1614 2910 formosos
1655 2849 1878 2929 perluit
1922 2856 2126 2933 artus,

571 2941 759 3017 Harpe
799 2938 1102 3019 Cytoriaco
1150 2938 1391 2999 deducit
1434 2939 1671 3017 pectine
1717 2940 1913 2998 crines
1931 2984 1949 3018 ,

571 3029 643 3085 Et
691 3026 832 3105 quid
876 3045 943 3088 se
988 3027 1196 3088 deceat
1219 3074 1241 3109 ,
1285 3033 1578 3106 spectatas
1624 3025 1883 3087 consulit
1924 3024 2153 3087 undas=

571 3117 615 3173 N
627 3137 739 3173 nm:
783 3115 1116 3193 perlucenti
1161 3114 1523 3177 circumdata
1569 3131 1790 3193 corpus
1835 3115 2051 3176 amictu

567 3205 840 3265 filurllihus
888 3213 991 3266 aut
1033 3204 1189 3265 foliis
1235 3211 1339 3266 aut
1383 3202 1661 3265 mollibus
1706 3201 1950 3264 incubat
1992 3202 2240 3264 herbis:

439 3309 539 3353 315
571 3293 759 3369 Saepe
807 3292 949 3371 legit
991 3293 1170 3353 ssores
1198 3339 1214 3353 .
1272 3301 1335 3353 et
1376 3300 1522 3353 tunc
1569 3309 1806 3371 quoque
1852 3292 2009 3351 forte
2051 3290 2325 3371 legebat,

571 3381 715 3441 Cum
763 3399 1016 3461 puerum
1060 3380 1206 3441 vidit
1229 3427 1249 3462 ‚
1293 3382 1602 3459 visumque
1650 3380 1874 3459 optavit
1915 3377 2139 3439 habere
2158 3424 2174 3441 .

571 3469 691 3529 Nec
739 3481 934 3529 tamen
979 3477 1115 3530 ante
1161 3468 1306 3530 adiit
1329 3515 1350 3552 ,
1384 3471 1500 3529 etsi
1542 3466 1902 3547 properabat
1944 3467 2109 3527 adire
2129 3514 2147 3548 ‚

571 3557 759 3625 Quam
803 3574 867 3617 se
914 3560 1249 3637 composuit
1273 3603 1292 3637 ,
1335 3574 1513 3636 quam
1557 3558 1982 3635 circumspexit
2025 3559 2284 3619 amictus
2300 3604 2319 3640 ‚
