2467 4042
432 194 475 264 V,
494 199 650 250 503-5id.
766 214 873 251 0000000
987 195 1051 261 103

19 363 209 427 54010101·
230 360 392 424 Avernales
414 359 494 424 baud
515 361 700 439 ignotissima
721 359 881 442 nymphas,

110 451 164 513 Ex
190 450 361 512 Acheronte
385 467 440 512 suo
463 447 544 510 silvis
566 450 719 529 peperisse
742 448 798 510 sub
821 452 912 531 atris3

112 538 228 620 Vidit,
251 546 283 601 st
304 538 415 600 iudicio
438 537 568 599 reditum
590 536 720 600 crudelis
742 537 868 599 ademit.

116 627 275 707 Ingemuit
296 628 399 706 regina
421 624 533 706 Erebi,
557 634 725 705 testemque
746 626 900 706 protanam

116 715 212 777 Perit
233 732 339 797 avem,
361 732 558 795 sparsumque
572 722 662 792 caput
675 712 919 793 Phlegethontide
933 715 1049 796 lympha

28 815 98 866 545
120 803 155 864 ln
181 809 317 865 rostrum
340 810 372 863 et
393 802 508 882 plumas
531 809 563 862 et
583 801 706 881 grandh
718 801 830 865 lumina
843 804 948 866 vertit.
975 817 1049 860 ela.

119 891 176 952 ille
203 889 261 952 sibi
281 889 398 952 ablatus
420 890 508 953 tulris
531 891 669 953 amicitur
690 891 723 952 in
745 889 817 973 0110,

120 980 222 1058 lnque
245 987 335 1059 caput
357 981 489 1059 crescit,
510 979 675 1059 longosque
697 977 864 1042 reflectitur
886 998 1018 1064 ungues,

120 1066 242 1146 Vixque
263 1074 365 1129 movet
380 1075 466 1130 natas
486 1085 541 1147 per
563 1068 672 1129 inertia
694 1064 832 1129 bracchia
853 1086 984 1148 pennas:

122 1154 286 1235 Foedaque
309 1155 344 1216 dt
365 1154 517 1237 volueris,
538 1157 658 1216 ”euturi
680 1157 785 1217 nuntia
806 1155 923 1239 luctus,

35 1255 104 1307 550
121 1244 254 1323 Ignarus
276 1242 380 1325 bubo,
401 1242 501 1305 dhum
522 1241 697 1307 mortalibus
720 1262 825 1307 omen.

170 1329 228 1393 1110
250 1340 350 1393 umen
373 1330 482 1393 indicio
502 1349 631 1412 poenam
652 1331 811 1412 linguaque
834 1333 928 1395 rideri

122 1420 349 1481 Commeruisse
370 1426 490 1500 potest.
517 1418 624 1501 vobis,
646 1419 842 1502 Acheloides,
864 1423 943 1491 undo
968 1437 990 1480 r.
1003 1436 1052 1480 nc.

121 1508 231 1570 Pluma
252 1508 404 1588 pedesque
427 1510 546 1588 avium,
569 1526 638 1569 eum
660 1509 783 1588 virginis
806 1526 858 1571 ora
880 1507 1016 1589 geratis?

123 1599 172 1657 An
197 1597 265 1675 quia
277 1643 288 1676 ,
311 1613 380 1658 oum
402 1595 515 1676 legeret
538 1613 645 1657 vernos
667 1595 847 1678 Proserpina
868 1596 976 1682 liores,

41 1695 107 1746 555
124 1684 159 1745 ln
186 1685 327 1746 comitum
350 1701 475 1746 numero
487 1731 497 1765 ,
520 1683 625 1746 (100ῑο0
648 1684 769 1747 Sirenes
781 1732 791 1767 ‚
814 1682 931 1748 eratis?

124 1772 224 1844 Quam
246 1779 404 1852 postquam
426 1779 489 1833 toto
512 1773 624 1834 trustra
646 1774 803 1851 quaesistis
824 1774 856 1835 in
879 1774 969 1858 orbe,

123 1860 270 1922 Protinus
293 1868 328 1923 ut
349 1868 478 1922 vestram
501 1863 648 1924 sentirent
670 1879 798 1940 aequora
820 1879 940 1946 euram,

125 1948 220 2010 Posse
243 1965 336 2029 super
357 1947 467 2011 110οῑ00
489 1947 603 2011 alarum
625 1950 764 2011 insistere
786 1952 877 2012 remis

126 2036 262 2116 Optastis
274 2083 284 2117 ,
306 2035 467 2116 facilesque
490 2036 562 2098 deos
583 2035 751 2120 habulstis,
774 2045 805 2100 et
826 2045 909 2101 artus

48 2134 111 2187 550
125 2124 250 2186 Vidistis
272 2133 388 2187 vestros
406 2124 513 2187 subitis
535 2125 694 2187 flavescere
717 2129 841 2206 pennis.

125 2211 173 2273 Ne
195 2221 296 2274 umen
317 2212 367 2274 ille
391 2230 481 2274 canor
502 2212 675 2276 mulcendas
698 2222 784 2276 natus
806 2214 842 2276 ad
866 2232 953 2278 aures

126 2300 283 2379 Tantaque
306 2300 360 2362 dos
383 2303 445 2363 oris
468 2301 584 2381 linguae
608 2301 785 2382 deperderet
809 2322 914 2384 ustum,

127 2387 261 2468 Virginei
284 2388 383 2451 vultus
406 2396 438 2451 et
459 2406 515 2450 vox
536 2389 665 2451 humana
687 2393 845 2453 remansit.

173 2478 212 2538 At
233 2476 349 2538 medius
373 2477 534 2556 fratrisque
556 2480 604 2539 001
626 2486 814 2559 maestaeque
837 2480 949 2541 sororis

53 2575 111 2627 505
127 2565 263 2646 luppiter
286 2584 323 2626 ex
346 2582 440 2645 aequo
463 2563 630 2627 volventem
652 2566 754 2628 dividit
777 2585 904 2629 annunn

126 2653 215 2714 Nunc
238 2653 315 2732 dea,
338 2671 499 2733 regnorum
521 2672 633 2716 numen
656 2672 812 2717 commune
835 2655 980 2735 duorum,

127 2741 203 2803 Cum
217 2749 312 2802 matre
327 2749 374 2802 est
386 2741 509 2804 totidem
522 2788 532 2822 ,
554 2742 680 2804 totidem
693 2760 763 2804 eum
776 2746 901 2823 coniuge
914 2760 1049 2806 menses.

127 2828 262 2891 Vertitur
285 2830 432 2910 extemplo
454 2830 545 2892 iacies
568 2839 600 2891 et
621 2833 730 2893 mentis
752 2840 783 2892 et
805 2834 883 2913 oris3

127 2916 203 2979 Nam
225 2916 313 2978 modo
337 2935 412 2997 quae
435 2924 552 2999 poterat
573 2915 634 2980 Diti
661 2937 779 2999 quoque
806 2927 918 2982 maesta
940 2918 1052 3002 videri,

57 3013 114 3067 eto
128 3003 218 3067 Laeta
241 3005 314 3067 (1000
337 3006 421 3068 lions
444 3013 491 3068 est
503 3052 513 3087 ‚
535 3015 569 3068 ut
591 3006 663 3088 sol,
686 3011 738 3086 qui
759 3016 858 3071 tectus
880 3009 999 3086 aquosis

127 3092 266 3154 Nubibus
288 3102 356 3154 ante
379 3095 437 3155 luit
449 3140 460 3175 ,
481 3096 567 3157 victis
589 3112 607 3155 e
630 3094 761 3158 nubibus
783 3098 860 3160 erit.

171 3180 274 3260 Exigit
295 3180 370 3243 alma
393 3181 508 3265 Ceres,
529 3189 599 3244 nata
621 3201 727 3245 secura
750 3193 887 3265 recepta,

128 3269 211 3340 (luae
225 3267 281 3331 tibi
294 3287 383 3332 eausa
397 3271 484 3350 lugae
496 3316 507 3352 ,
530 3288 584 3332 our
607 3274 668 3353 sis,
681 3270 846 3354 Arethusa,
860 3288 945 3333 sacer
959 3267 1054 3333 lons?

129 3356 310 3419 Conticuere
332 3359 452 3438 undae,
475 3376 603 3437 quarum
627 3358 681 3422 dea
704 3359 825 3422 sustulit
847 3360 905 3421 alto

59 3454 112 3506 500
127 3443 221 3507 Fonte
246 3453 356 3526 caput,
379 3445 547 3527 viridesque
571 3464 660 3509 manu
683 3451 792 3510 siccata
815 3445 935 3529 capillos

127 3531 273 3597 Fluminis
295 3532 361 3596 Elei
383 3542 499 3598 veteres
521 3537 652 3598 narravit
675 3553 808 3601 amores.
