2467 4042
191 208 253 274 196
549 209 689 269 ARTIS
711 209 848 269 ΑΜΑΤ.

208 373 260 425 auo
313 361 345 422 Si
360 361 434 424 nibil
447 360 599 433 attuleris,
621 359 693 433 ibis,
713 361 860 435 Homere,
885 363 978 424 foras.

272 445 349 506 Sunt
365 451 510 528 lamentet
524 445 648 519 doctae,
671 444 829 507 rarissima
842 447 945 519 turba,
968 449 1092 522 puellae

310 530 416 590 Altera
430 546 492 590 non
508 530 618 594 doctae
635 528 736 601 turba,
757 529 813 590 sed
828 545 901 592 esse
917 532 1033 592 volunt.

272 614 407 688 Utraque
420 613 561 674 laudetur
576 628 633 687 per
645 612 789 674 cannino.
815 613 948 674 carmina
962 617 1061 675 lector

313 697 511 759 Commendet
525 697 606 758 dulci
621 696 855 772 qualiacumque
870 710 975 758 sonos

208 791 258 846 285
269 782 324 842 His
339 798 412 855 ergo
425 788 479 843 aut
493 781 552 842 illis
570 781 723 855 vigilatum
741 796 863 843 carmen
880 781 911 840 in
928 783 1015 858 ipsas

311 865 450 926 Forsitan
466 864 568 940 exigni
586 865 719 925 muneris
733 864 829 927 instar
842 866 908 927 erit.

270 951 310 1010 At
324 949 410 1026 quod
423 948 484 1010 cris
499 965 555 1025 per
569 956 597 1009 te
612 949 760 1023 facturus,
782 956 813 1010 et
826 950 897 1010 utile
912 950 1023 1020 credis,

312 1033 347 1094 ld
361 1041 457 1095 tuate
473 1033 564 1094 facito
580 1049 704 1109 semper
719 1033 816 1094 amica
830 1041 924 1108 roget.

270 1118 406 1179 libertas
420 1117 511 1178 alicui
525 1117 616 1179 fuerit
631 1116 784 1193 promissa
797 1124 931 1178 tuorum:

206 1210 259 1266 290
309 1202 397 1264 Hanc
410 1209 510 1262 tamen
526 1216 545 1261 a
558 1201 682 1263 domina
697 1201 745 1261 fao
760 1208 843 1277 petat
855 1201 906 1261 ille
920 1208 981 1262 tua.

271 1286 305 1347 Si
316 1301 448 1362 poenam
462 1300 572 1358 servo,
593 1285 621 1345 si
635 1285 756 1345 vincula
770 1301 866 1346 saeva
878 1285 1014 1358 remittis,

313 1370 401 1445 Quod
416 1369 551 1430 facturus
565 1384 650 1441 eras,
673 1367 784 1429 debeat
798 1369 850 1429 illa
863 1368 925 1430 tibi.

270 1453 390 1515 Utilitas
403 1460 454 1514 tua
468 1453 522 1526 sit,
544 1453 648 1515 titulus
665 1452 797 1515 donetur
809 1452 935 1513 amicae.
990 1498 993 1504 .

310 1537 408 1598 Perde
423 1536 509 1609 nihil,
535 1536 630 1612 partis
647 1536 699 1597 illa
712 1537 845 1612 potentis
859 1545 939 1612 agat.

206 1631 256 1685 295
271 1622 333 1683 Sed
346 1630 391 1694 te,
415 1621 597 1696 cuicumque
611 1627 660 1681 est
671 1620 849 1681 retinendae
863 1636 938 1682 cura
953 1623 1090 1698 puellae,

311 1707 480 1766 Attonitum
496 1705 594 1766 forma
606 1705 656 1766 fac
672 1712 755 1780 putet
769 1720 841 1766 esse
855 1721 921 1765 sua.

270 1790 343 1850 Sive
356 1791 412 1851 erit
425 1789 456 1849 in
470 1789 586 1868 Tyriis,
607 1788 719 1866 Tyrios
733 1789 874 1851 laudabis
890 1790 1033 1861 altricius:

312 1873 385 1935 Sive
399 1873 456 1935 erit
468 1874 500 1934 in
514 1871 600 1946 Cois,
624 1872 688 1933 Coa
701 1873 814 1935 decere
827 1881 907 1949 puta.

270 1961 386 2021 Amata
398 1965 467 2019 esti
486 1958 556 2033 ipso
574 1957 628 2017 tibi
644 1956 684 2018 sit
699 1956 862 2032 pretiosior
875 1973 959 2020 auro.

205 2054 257 2106 300
309 2043 454 2118 Gausapa
470 2041 498 2102 si
511 2041 656 2117 surnpsit,
677 2056 818 2117 gausapa
831 2050 951 2117 sumpta
965 2042 1074 2119 proba.

268 2127 406 2189 Astiterit
418 2127 566 2198 tunicata,
588 2128 709 2187 ‘moves
726 2124 879 2187 incendia’
894 2127 999 2197 clama,

310 2210 374 2271 Sed
387 2209 507 2282 timida,
529 2216 639 2270 caveat
651 2208 780 2285 frigora,
805 2224 883 2270 voce
896 2225 980 2285 roga.

270 2294 468 2370 Conpositum
484 2292 647 2355 discrimen
662 2294 732 2363 erit,
754 2293 929 2354 discrimina
944 2294 1051 2354 lauda:

308 2379 442 2440 Torserit
455 2377 525 2454 igne
539 2391 675 2451 comam,
696 2384 773 2439 torte
788 2377 913 2454 capide,
934 2377 1032 2454 place.

204 2473 254 2526 305
266 2463 395 2524 Bracltla
411 2460 565 2533 saltantis,
584 2477 692 2522 vocem
707 2461 817 2522 mirare
832 2463 978 2535 canentis,

310 2547 361 2620 Et,
386 2546 472 2621 quod
486 2545 625 2620 desierit,
648 2545 742 2605 verba
756 2546 911 2620 querentis
928 2545 1015 2605 habe.

269 2632 359 2707 ipsos
372 2628 570 2702 concubitus,
591 2630 693 2705 ipsum
709 2644 855 2689 venerere
869 2629 971 2690 licebit

310 2714 398 2789 Quod
411 2713 507 2788 iuvat,
529 2720 560 2775 et
574 2713 720 2788 praedam
733 2712 847 2789 gaudia
861 2713 959 2775 uocas
975 2714 1064 2773 habe.

269 2800 305 2860 Ut
320 2799 408 2860 fuerit
424 2806 513 2859 torva
530 2797 691 2857 violentior
706 2797 757 2858 illa
771 2797 910 2872 Medusa,

205 2893 255 2946 310
306 2882 373 2944 liet
385 2883 511 2943 amatori
526 2881 603 2942 lenis
618 2888 649 2941 et
662 2897 762 2958 aequa
775 2897 843 2942 suo.

266 2969 409 3042 Tantum,
431 2983 470 3029 ne
486 2975 591 3043 pateas
607 2963 709 3027 verbis
724 2965 881 3027 simulator
896 2966 926 3026 in
943 2966 1012 3038 illis,

308 3051 421 3124 Effice,
443 3066 500 3112 nec
515 3049 599 3111 vultu
613 3049 739 3111 destrue
753 3050 835 3110 dicta
849 3058 911 3111 tuo.

266 3135 300 3197 Si
314 3136 387 3197 latet
401 3151 466 3207 ars,
489 3133 626 3209 prodest.
649 3134 748 3194 adfert
761 3134 915 3211 deprensa
929 3133 1088 3209 pudorem,
1128 3176 1132 3181 -

307 3222 408 3294 Atque
422 3215 528 3280 adimit
543 3218 649 3278 merito
664 3225 785 3294 tempus
800 3217 831 3279 in
847 3233 936 3279 omne
950 3216 1054 3278 fidem.

203 3312 253 3364 art
264 3301 366 3377 Saepe
380 3302 437 3361 sub
454 3312 645 3374 autumnum,
669 3318 737 3362 cum
752 3302 993 3363 formosissimus
1008 3317 1119 3381 annus,

307 3384 462 3459 Plenaque
477 3399 633 3460 purpureo
648 3384 794 3445 submbct
810 3402 870 3447 uva
884 3402 978 3460 mero,

266 3468 339 3527 Cum
354 3467 446 3529 modo
462 3467 626 3542 frigoribus
640 3469 798 3544 premitur,
816 3470 908 3531 modo
923 3470 1052 3531 solvitur
1062 3481 1168 3544 aestu,
