2467 4042
597 231 792 286 PASTORUM

546 428 556 447 ”
622 443 672 514 10.
695 442 764 508 Au

279 569 318 631 At
341 569 428 631 simul
450 571 555 631 auritis
577 568 671 630 violae
694 568 855 631 demuntur
876 568 980 631 asellis
987 616 997 652 ,

212 669 266 720 411
323 656 361 718 Et
384 657 501 719 Cereris
523 658 625 735 fruges
648 674 751 735 aspera
774 675 843 718 saxa
864 665 988 737 terunt,

278 744 382 806 Navita
403 764 503 825 puppe
525 744 633 806 sedens
656 740 820 825 ‘Delphina
841 744 1012 806 ridebimus
1027 742 1056 826 ,'
1081 750 1166 827 iuquit

323 828 533 895 ε1111113111]
556 832 642 913 pulso
665 849 723 893 uox
747 834 805 893 erit
827 841 892 894 orta
914 828 998 894 die.'

540 970 590 1035 11
612 969 641 1033 B
659 966 810 1034 MATR
817 966 850 1033 N
1003 974 1009 983 “
1207 950 1208 1027 l

279 1095 339 1157 lam
349 1095 502 1177 ,Phryx,
525 1113 542 1156 a
563 1104 656 1175 nupta
679 1096 836 1176 queraris,
859 1094 987 1156 ’11111113
1002 1096 1172 1178 ,relinqui¹
1207 1106 1208 1153 t

211 1196 213 1205 ’
322 1182 361 1244 Et
383 1182 451 1261 vigil
473 1185 535 1244 eois
558 1183 664 1245 lucifer
686 1185 748 1244 exit
769 1185 872 1262 aquis.

213 1270 829 1350 411113,11131131111,-11111111
852 1268 985 1331 Matralia
1009 1271 1170 1334 festum-

321 1356 468 1437 Flavaque
489 1319 646 1420 Thebanae
668 1358 784 1419 reddite
805 1357 865 1418 liba
887 1351 977 1418 deae.

277 1446 422 1508 Pontibus
444 1453 476 1506 11
497 1463 602 1525 magno
625 1449 727 1508 iuncta
748 1453 795 1507 est
818 1445 1014 1507 celeberrima
1038 1447 1126 1509 Circo

321 1533 419 1614 Area,
442 1551 518 1612 quae
539 1535 638 1614 posito
659 1535 697 1596 de
719 1533 793 1595 hore
817 1551 925 1594 nomen
948 1533 1058 1597 habet.
1207 1528 1208 1531 '

279 1619 340 1682 Hac
362 1620 404 1681 ibi
427 1621 493 1682 luce
517 1622 618 1683 ierunt
639 1621 768 1682 Matutae
790 1639 875 1682 sacra
896 1624 1019 1700 parenti
1207 1632 1208 1691 1

213 1721 267 1773 480
326 1709 521 1788 sceptriferas
544 1710 629 1770 Servi
652 1709 760 1788 templa
781 1708 899 1769 dedisse
921 1725 1049 1771 manus.
1207 1704 1208 1717 ¹

280 1798 362 1870 Quae
384 1797 440 1857 dea
462 1799 502 1857 eit
514 1815 638 1876 ‚quare
661 1797 783 1859 famulas
806 1814 823 1857 a
844 1796 945 1857 limine
968 1797 1077 1876 templi
1207 1804 1208 1877 1

322 1885 508 1964 Arceat,·-
531 1893 614 1946 arcet
636 1887 772 1946 11111-
794 1884 913 1962 libaque
935 1892 1015 1945 tosta
1038 1883 1208 1964 petati

278 1972 414 2052 Bacche,
436 1974 628 2034 racemiferos
649 1972 760 2033 hedera
782 1970 918 2033 redimite
941 1972 1089 2053 capillos,

324 2060 356 2122 Si
379 2061 484 2121 domus
505 2060 555 2121 illa
577 2067 629 2121 tua
652 2069 719 2140 est,
740 2059 836 2138 dirige
858 2061 932 2120 vatis
955 2078 1051 2139 opus.
1207 2116 1208 2121 ,

212 2160 265 2211 481
279 2149 399 2210 Arserat
421 2147 563 2227 obsequio
588 2147 703 2209 Semele
724 2147 823 2207 lovis.
863 2149 971 2225 accipit
991 2146 1048 2208 lno
1207 2158 1208 2227 1

323 2235 365 2297 Te
387 2255 484 2317 puer,
508 2245 538 2297 et
560 2253 676 2296 summa
699 2234 799 2296 sedula
822 2236 918 2295 nutrit
939 2252 1014 2313 ope.
1207 2234 1208 2259 ¹

278 2324 422 2386 intumuit
444 2324 540 2404 luno,
562 2332 680 2402 raptum
704 2322 782 2401 quod
804 2322 916 2402 paelice
939 2329 1044 2384 uatum

322 2411 458 2473 Educet.
500 2421 530 2472 31
552 2413 673 2488 sanguis
695 2410 744 2471 ille
767 2412 878 2470 sororis
901 2418 981 2471 erat.

278 2500 354 2562 11111
377 2503 473 2578 agitur
495 2501 582 2560 furiis
605 2499 743 2560 Athamas
765 2505 796 2558 ct
818 2500 945 2576 imagine
967 2497 1058 2579 falsa,

213 2599 265 2650 490
322 2588 428 2667 Tuque
451 2587 531 2648 cadis
554 2589 671 2667 patria,
694 2604 782 2665 parre
804 2584 958 2666 Learche,
979 2604 1092 2649 11311.

278 2676 388 2737 Maesta
410 2675 574 2737 Learcheas
596 2682 692 2735 mater
713 2672 908 2734 tumulaverat
929 2672 1052 2735 umbrae

322 2764 361 2825 Et
383 2763 505 2824 dederat
525 2765 644 2824 miseris
666 2763 765 2823 omuia
785 2764 864 2823 iusta
886 2762 983 2840 rogis.

278 2851 357 2913 llaec
380 2868 520 2930 quoque,
542 2851 677 2911 funestos
700 2858 734 2911 11
754 2856 820 2910 erat
842 2848 950 2910 laniata
972 2848 1119 2933 capulos,

322 2939 466 3020 Prosilit,
488 2945 519 2999 et
540 2941 627 2999 cuuis
650 2947 702 3017 te,
724 2936 896 3017 Melicerta,
918 2938 1014 3017 rapit.

214 3026 332 3089 1111131
353 3028 447 3106 spatio
470 3032 623 3088 contracta
644 3024 728 3086 hrevi
739 3072 749 3106 ,
771 3025 848 3085 treta
869 3024 939 3086 hina
961 3023 1105 3109 repellit,

322 3114 445 3195 Unaque
468 3114 603 3194 pulsatur
626 3122 706 3174 terra
727 3110 843 3196 duabus
866 3114 968 3191 aquis.

278 3201 344 3266 Huc
365 3204 447 3264 veuit
468 3204 580 3263 insanis
602 3210 704 3263 natum
727 3200 879 3279 complexa
900 3200 1040 3282 lacertis,

321 3290 361 3352 Et
382 3307 484 3352 secum
507 3309 524 3350 1
547 3288 626 3350 celso
649 3290 740 3350 mittit
761 3290 792 3349 iu
815 3287 873 3349 alta
893 3291 981 3368 iugo.
1207 3348 1208 3391 ,

278 3376 395 3457 Excipit
416 3378 533 3439 illaesos
554 3377 673 3456 Panope
696 3383 875 3455 centumque
899 3392 1036 3450 sorores,
1207 3404 1208 3453 1

212 3474 264 3525 ooo
322 3465 360 3526 lit
381 3465 495 3545 placido
518 3465 602 3543 lapsu
624 3481 679 3543 per
701 3481 754 3525 sua
777 3481 868 3543 regna
891 3465 1008 3525 lerunt.
1207 3466 1208 3475 ’

277 3549 414 3612 Nondum
436 3551 626 3630 Leucothea,
651 3550 881 3630 noudumpuer
903 3550 952 3612 ille
973 3549 1143 3615 Palaemon
1150 3598 1164 3636 ,
