2467 4042
2266 6 2467 115 “¹-

414 279 499 343 36
1244 272 1649 334 AMORUM

582 424 833 489 Femina
865 422 1169 486 silvestris
1196 423 1493 500 Lapithas
1523 429 1943 502 populumque
1974 428 2318 494 biformem

497 525 569 578 20
674 512 955 586 Turpiter
984 508 1272 584 adposito
1306 511 1488 570 vertit
1515 511 1578 570 in
1607 527 1778 572 arma
1804 527 1996 573 mero.

581 595 834 657 Femina
858 594 1160 654 Troianos
1188 593 1406 655 iterum
1435 611 1597 655 nova
1624 594 1786 656 bella
1813 612 2067 659 movere

667 680 913 756 Impulit
940 679 999 737 in
1025 694 1248 754 regno,
1294 680 1455 740 iuste
1480 679 1724 753 Latine,
1770 687 1894 742 tuo.

582 764 833 824 Femina
859 762 1154 825 Romanis
1197 763 1379 823 etiam
1409 779 1571 826 nunc
1600 763 1768 824 Urbe
1795 767 2027 826 recenti

669 849 903 908 Inmisit
934 862 1190 908 soceros
1229 863 1525 924 armaque
1553 863 1744 909 saeva
1773 849 1959 910 dedit.

500 943 569 996 25
592 933 739 993 Vidi
768 947 884 1007 ego
916 947 1028 1008 pro
1060 931 1243 992 nivea
1271 941 1615 1009 pugnantes
1647 935 1908 1008 coniuge
1934 940 2157 996 tauros
2177 960 2192 991 ε

675 1016 1023 1093 Spectatrix
1052 1017 1291 1076 animos
1321 1018 1462 1094 ipsa
1488 1019 1751 1078 iuvenca
1779 1018 1983 1078 dabat.

587 1102 687 1161 Me
718 1117 999 1176 quoque,
1047 1100 1151 1175 qui
1179 1103 1436 1177 multoS,
1481 1102 1598 1163 sed
1623 1116 1723 1161 me
1754 1102 1888 1162 sine
1921 1104 2149 1178 caede,
2195 1102 2432 1180 Cupido

670 1184 858 1247 Iussit
885 1183 1133 1245 militiae
1164 1185 1345 1261 signa
1377 1202 1628 1247 movere
1658 1201 1828 1247 suae.

428 1402 535 1495 13
596 1402 769 1499 Dum
796 1437 1127 1499 labefactat
1155 1452 1317 1498 onus
1344 1436 1584 1511 gravidi
1614 1439 1936 1498 temeraria
1963 1443 2207 1501 ventris
2223 1488 2241 1515 ,

671 1523 741 1582 ln
778 1522 965 1583 dubio
1006 1523 1166 1581 vitae
1195 1522 1366 1581 lassa
1399 1521 1661 1582 Corinna
1687 1523 1864 1582 iacet.

587 1608 699 1667 Illa
731 1606 981 1681 quidem
1011 1608 1168 1667 clam
1194 1621 1293 1665 me
1321 1610 1552 1666 tantum
1585 1607 1794 1668 molita
1822 1607 2033 1683 pericli

674 1691 775 1751 Ira
806 1691 992 1766 digna
1020 1706 1178 1752 mea.
1235 1689 1348 1749 sed
1382 1691 1547 1751 cadit
1573 1690 1663 1751 ira
1692 1698 1877 1752 metu.

534 1787 567 1838 5
591 1775 718 1835 Sed
750 1782 956 1836 tamen
993 1782 1095 1836 aut
1125 1791 1205 1835 ex
1232 1790 1332 1833 me
1362 1781 1760 1851 conceperat,
1804 1784 1910 1835 aut
1939 1791 2054 1852 ego
2088 1776 2311 1836 credo.

669 1860 785 1920 Est
812 1859 958 1919 mihi
986 1875 1100 1936 pro
1134 1860 1295 1919 racto
1328 1874 1551 1934 saepe,
1596 1860 1767 1935 quod
1796 1874 1941 1919 esse
1969 1867 2202 1936 potest.

591 1944 672 2004 Isi
691 1991 706 2019 ,
749 1944 1178 2005 Paraetonium
1207 1943 1599 2020 genialiaque
1629 1961 1779 2005 arva
1811 1943 2041 2020 Canopi

676 2028 847 2103 Quae
877 2027 1030 2088 colis
1057 2036 1118 2089 et
1142 2027 1455 2103 Memphin
1485 2029 1990 2109 palmiferamque
2017 2028 2298 2104 Pharon,

592 2116 849 2188 Quaque
879 2113 1043 2172 celer
1068 2113 1239 2173 Nilus
1271 2111 1393 2172 lato
1413 2112 1721 2188 ‘delapsus
1752 2113 1813 2171 in
1851 2113 2027 2172 alveo

516 2212 572 2256 m
678 2195 795 2256 Per
824 2204 1061 2271 septem
1091 2204 1310 2272 portus
1342 2196 1403 2255 in
1433 2196 1622 2257 maris
1653 2198 1779 2257 exlt
1808 2212 2031 2272 aquas,

592 2280 702 2340 Per
729 2287 833 2341 tua
863 2280 1050 2341 sistra
1079 2296 1332 2356 precor,
1373 2296 1489 2355 per
1520 2281 1828 2342 Anubidis
1860 2296 1969 2340 ora
1998 2281 2297 2343 verendi=

674 2363 778 2425 Sic
808 2372 912 2425 tua
940 2381 1122 2425 sacra
1150 2365 1291 2442 pius
1327 2380 1574 2440 semper
1604 2365 1798 2426 Osiris
1830 2373 2019 2438 amet,

596 2452 892 2526 Pigraque
923 2449 1163 2511 labatur
1200 2449 1365 2509 circa
1394 2451 1651 2510 donaria
1679 2465 1970 2525 serpenS,

675 2533 752 2593 Et
782 2548 993 2595 comes
1024 2535 1085 2594 in
1117 2550 1347 2610 pompa
1376 2535 1658 2610 corniger
1683 2535 1842 2609 Apis
1877 2542 2004 2593 eat=

516 2632 568 2680 1¹5
604 2620 727 2678 Huc
759 2618 985 2679 adhibe
1014 2620 1252 2693 vultus,
1301 2626 1361 2679 et
1390 2619 1450 2678 in
1479 2635 1605 2679 una
1637 2634 1826 2695 parce
1856 2617 2123 2678 duobus,

672 2703 827 2762 Nam
853 2704 1038 2764 vitam
1066 2704 1356 2765 dominae
1385 2710 1450 2763 tu
1479 2703 1658 2763 dabis
1675 2749 1690 2777 ,
1734 2703 1839 2762 illa
1867 2702 2031 2762 mihi.

596 2788 795 2862 Saepe
821 2787 931 2848 tibi
960 2788 1121 2849 sedit
1149 2787 1331 2848 certis
1363 2794 1619 2862 operata
1643 2786 1896 2859 diebuS,

675 2871 805 2946 Qua
833 2871 1008 2947 tingit
1034 2873 1243 2933 laurus
1276 2871 1509 2932 Gallica
1534 2879 1736 2932 turma
1769 2879 1930 2932 tuas.
2458 2921 2459 2936 ,

590 2956 803 3031 Tuque
833 2957 1185 3017 laborantes
1217 2963 1390 3016 utero
1422 2956 1710 3017 miserata
1742 2955 2012 3032 puellas,
2458 2951 2461 3024 l

508 3064 572 3096 ιιι
682 3039 949 3113 Quarum
978 3042 1154 3102 tarda
1182 3042 1380 3101 latens
1413 3056 1678 3116 corpora
1703 3040 1901 3100 tendit
1931 3054 2120 3114 onuS,
2455 3058 2457 3066 ⁴

596 3124 771 3184 Lenis
804 3124 988 3199 ades,
1023 3125 1440 3200 precibusque
1469 3126 1621 3186 meis
1654 3126 1824 3199 save,
1872 3123 2116 3201 Ilithyia

674 3208 874 3284 Digna
903 3217 1029 3283 est,
1078 3226 1262 3284 quam
1294 3210 1508 3270 iubeas
1540 3209 1808 3270 muneris
1843 3225 1985 3269 esse
2013 3207 2123 3268 tui,

596 3296 734 3368 Ipse
766 3309 881 3368 ego
910 3302 1046 3354 tura
1075 3293 1237 3354 dabo
1272 3295 1531 3356 fumosis
1573 3293 1874 3354 candidus
1906 3293 2061 3366 ariS,

672 3378 816 3451 Ipse
846 3378 1037 3438 feram
1068 3386 1209 3439 ante
1239 3387 1382 3441 tuos
1412 3395 1665 3440 munera
1691 3386 1840 3439 vota
1869 3377 2064 3454 pedes

508 3472 568 3520 *Δ
600 3460 878 3522 Adiciam
905 3463 1140 3525 titulum
1172 3461 1458 3524 ‘Servata
1485 3464 1650 3524 Naso
1684 3462 1992 3525 Corinna.’

669 3544 760 3606 Tu
788 3547 974 3610 modo
1008 3548 1106 3608 fac
1135 3549 1305 3609 titulo
1338 3549 1820 3624 muneribusque
1846 3549 2067 3609 locum.
