2467 4042
1036 239 1130 295 XXIX

116 403 306 480 aliquantum
330 401 425 462 oratio
443 405 556 478 restat3
585 403 638 462 sed
659 402 807 463 insertum
828 405 965 480 lacunae,
993 406 1129 481 quamvis

115 491 246 551 ascitum
268 490 406 550 fortassis
428 509 466 550 ex
487 491 622 568 margine
645 492 810 568 archetypi,
833 494 868 550 nt
886 491 923 551 de
945 492 1017 552 locis
1035 493 1128 553 Ibidis

118 581 193 654 439,
215 581 279 639 461
304 578 409 639 nisum
464 579 568 638 eodem
589 579 678 654 plane
700 580 788 639 medo
808 578 836 636 V
856 582 919 640 633
942 581 1128 657 antiquariae

116 666 272 728 doctrinae
298 667 463 727 lrmstnlum
489 667 554 727 loco
575 685 637 726 non
658 685 713 727 suo
735 668 768 726 in
790 671 923 727 extrema
944 669 1054 746 pagina
1076 688 1128 745 pc-

119 755 220 829 silum,
238 754 340 831 qualia
358 754 437 828 alibi,
457 757 492 815 ut
509 754 526 813 I
543 757 608 816 323
630 757 703 831 609,
720 755 769 815 ΙΠ
789 758 862 832 933,
880 757 979 816 locum
998 761 1127 819 remant.

207 843 279 922 Pag.
298 855 367 904 xcv
386 846 519 903 extrema
536 843 597 903 tria
614 846 686 903 sunt
703 844 840 929 disticha,
859 844 906 903 III
920 847 983 905 499
1000 845 1038 904 ad
1051 847 1128 922 504,

117 950 213 992 unam
235 932 398 993 absurdum
420 949 480 991 nee·
498 931 692 1008 emendabile,
715 932 774 992 duo
793 932 950 992 sententiis
969 934 1078 993 coactis
1097 936 1128 993 et

118 1020 278 1096 affectatis,
311 1038 387 1096 quae
415 1037 511 1096 neque
534 1020 688 1095 scripsisse
719 1023 852 1097 poetam,
882 1039 992 1098 neque,
1024 1022 1050 1082 si
1077 1022 1126 1081 de·

117 1110 245 1186 leantur,
267 1109 384 1185 reliqua
406 1111 470 1168 tam
491 1108 592 1168 ieiuna
613 1111 646 1167 et
668 1125 774 1184 aspera
795 1109 927 1169 voluisse
945 1110 1127 1185 putaverim

116 1215 171 1257 neo
192 1216 273 1257 nune
292 1196 503 1272 dubitaverim,
526 1197 600 1272 quin
618 1214 763 1256 numeras
786 1215 927 1258 versunum
949 1198 1127 1258 amissorum

117 1285 202 1345 velut
224 1304 243 1344 a
264 1284 398 1345 Lucretii
420 1285 519 1344 scriba
540 1284 671 1344 traditus
694 1285 794 1345 fuerit.

208 1373 282 1449 Pag.
306 1386 388 1434 cxvs
416 1390 521 1432 versus
548 1385 602 1432 1111
626 1375 666 1432 81
692 1374 731 1432 ad
754 1375 796 1433 84
818 1392 879 1434 nen
902 1374 1128 1451 chcumscripsi,

118 1460 190 1537 quis
216 1461 293 1522 vitia
318 1460 456 1521 dictionis
483 1463 537 1520 ant
562 1462 677 1521 absona
703 1461 810 1537 aliqui,
837 1464 872 1521 ut
894 1463 1002 1538 reliqui
1024 1482 1127 1524 omnes

118 1548 151 1608 hi
172 1549 245 1624 loci,
270 1567 332 1608 non
353 1549 474 1608 habent
528 1552 655 1625 pessunt
682 1551 784 1608 antem
811 1551 1037 1610 commemorari
1059 1570 1127 1611 con·

118 1637 283 1697 troversiae
305 1637 388 1697 illius
410 1637 538 1713 nomine,
561 1656 638 1713 quae
660 1641 708 1697 est
731 1636 767 1695 de
790 1638 1003 1697 retractatione
1022 1639 1127 1698 Fasto-

117 1745 185 1784 rum
211 1729 282 1802 post
308 1736 419 1785 annum
442 1726 478 1786 U.
501 1743 525 1784 c.
549 1737 693 1799 Deam,
720 1724 757 1785 de
780 1744 840 1801 qua
862 1726 934 1786 olim
956 1728 1006 1805 egi
1028 1727 1059 1785 in
1083 1728 1126 1787 ed.
1179 1720 1184 1731 ”

118 1814 212 1875 Reim.
248 1834 276 1890 p.
314 1825 441 1874 chvn.
496 1832 556 1874 non
592 1812 760 1890 spernenda
798 1816 846 1874 est
888 1814 1127 1890 interpolationis

119 1902 201 1979 haec,
225 1902 311 1978 siqua
332 1904 388 1978 est,
410 1901 617 1977 probabilitas,
645 1902 671 1960 si
694 1903 868 1976 scrupulum
890 1902 976 1961 illum
998 1902 1127 1962 eximere

118 1990 222 2065 possit.
276 1990 412 2050 versibus
436 1992 591 2067 quattuor,
614 1990 668 2065 qui
690 1993 886 2066 evanuerant,
913 1994 1042 2051 nonest
1064 2009 1125 2051 cre·

117 2078 210 2138 dibile
228 2079 305 2138 ahos
322 2078 491 2138 nominatos
505 2077 598 2137 finisse
613 2077 756 2137 Graeciae
769 2079 907 2152 advenas,
926 2079 1127 2154 Idomeneum,

117 2167 248 2243 Epeum,
279 2167 479 2243 Philocteten3
515 2183 570 2231 nec
603 2166 750 2242 suppetit,
787 2166 859 2242 quid
896 2166 954 2226 dici
985 2168 1126 2242 potnerit.

117 2274 146 2315 v.
161 2257 202 2315 83
221 2273 299 2331 quae
317 2255 489 2332 incongrua,
511 2273 550 2314 ne
572 2254 725 2314 emendari
747 2254 867 2331 quidem
885 2255 1038 2314 commode
1057 2275 1126 2331 pes·

119 2345 197 2402 sunt.
252 2342 392 2403 admonet
427 2361 477 2401 me
513 2361 562 2403 res
597 2344 801 2419 inexspectata
833 2360 937 2403 versus
968 2343 1128 2421 Aeschylei

118 2429 202 2489 Pers.
225 2432 304 2505 850,
327 2429 378 2506 qui
400 2429 437 2491 rh
455 2429 643 2507 Koechlynm
664 2432 768 2490 multis
791 2430 877 2491 annis
899 2431 1074 2507 exagitabat
1097 2436 1128 2492 et

119 2518 159 2577 ad
180 2518 368 2595 ingeniosam
394 2518 432 2577 de
460 2537 496 2578 ea
518 2519 638 2580 fabulae
660 2521 861 2580 commentum
884 2519 1020 2580 adduxit:
1044 2539 1126 2580 nam·

119 2625 176 2682 que
203 2607 255 2667 ille
281 2624 399 2684 quoque
425 2626 531 2669 versus
554 2607 636 2668 cadit
656 2609 689 2668 in
710 2608 837 2684 paginae
861 2609 1015 2685 archetypi
1037 2622 1128 2669 xxm

119 2695 257 2757 lacunam
283 2714 318 2755 ac
344 2694 490 2757 conflatus
518 2716 534 2756 e
559 2697 676 2757 duobus
702 2698 783 2756 lectu
804 2695 976 2757 difficilibus
998 2697 1126 2758 videtur.

206 2785 279 2864 Pag.
293 2796 388 2846 cxxv
407 2786 554 2847 distichon
571 2784 635 2844 1111
649 2787 714 2845 234
733 2787 796 2846 235
820 2786 956 2862 spurium
973 2788 1005 2846 et
1023 2787 1126 2845 abeur-

119 2870 191 2932 dum
213 2874 333 2950 egregie
354 2873 499 2934 indicavit
520 2873 568 2933 vir
590 2873 695 2933 doctus
714 2873 762 2933 W.
781 2872 899 2934 Gemoll
920 2874 953 2933 in
971 2874 1127 2933 annalibus

118 2960 260 3021 Fleckeis.
288 2962 360 3021 anni
388 2964 482 3022 1878.
537 2961 590 3021 sed
615 2960 766 3021 inserendi
793 2979 914 3021 causam
940 2962 1055 3020 nullam
1083 2962 1126 3020 di·

119 3047 236 3123 spicias,
266 3048 326 3107 nisi
351 3049 459 3108 lacum
485 3049 608 3108 inventa
633 3049 732 3108 fuerit,
786 3047 963 3108 crediderim
994 3049 1128 3108 eiusdem

119 3134 199 3200 arch.
222 3135 348 3194 schedae
370 3138 481 3212 pagina
503 3154 610 3196 aversa
632 3137 725 3195 etiam
747 3139 970 3211 pentametrum
993 3137 1128 3196 ablatum

118 3223 225 3298 fuiss03
248 3241 319 3282 nam
342 3224 394 3299 qui
411 3223 498 3283 adest
516 3225 590 3300 306,
613 3222 713 3283 Ovidii
730 3241 790 3282 non
808 3222 937 3298 videtur,
959 3243 1048 3300 quem
1067 3243 1127 3285 non

119 3311 242 3371 memini
267 3314 443 3373 aebdttetcm
472 3313 559 3386 fecici
585 3314 639 3370 aut
666 3312 743 3371 alius
770 3311 814 3371 rei
841 3314 981 3371 externae
1008 3314 1127 3389 dixisse,

118 3402 328 3477 praeterquam
355 3418 414 3460 uno
436 3401 515 3476 loco,
543 3418 633 3476 quem
659 3401 784 3476 posthae
811 3403 985 3475 corruptum
1007 3402 1125 3461 demon·

119 3489 231 3566 strabo,
254 3508 273 3549 a
294 3508 353 3566 quo
375 3484 575 3566 interpolator
596 3489 687 3548 etiam
710 3488 877 3549 ablativum
899 3482 1057 3551 ‘nocane
1068 3509 1126 3566 pro

118 3571 160 3654 ts',
183 3581 219 3638 ut
241 3582 328 3639 vetus
345 3578 495 3655 glossator
516 3578 661 3655 habebat,
684 3577 798 3638 ascivit.
