2467 4042
157 197 222 263 123
566 194 617 245 nx
634 192 752 245 nonno

196 374 231 425 15
244 361 392 440 Tempore
415 359 542 422 ducetur
564 357 651 436 longo
675 357 800 419 fortasse
823 357 964 439 cicatrix3

288 449 418 511 Horrent
441 447 573 509 admotas
595 444 718 508 vulnera
740 445 832 507 orudn
853 464 977 508 monus.

243 538 310 600 Non
333 545 380 598 est
401 540 432 598 in
450 535 565 598 medico
588 552 728 614 semper,
750 533 899 596 relevetur
921 543 957 597 ut
979 554 1096 619 aeger.
1135 559 1180 608 (ur

288 625 441 688 Interdum
465 623 551 685 docto
573 622 640 702 plus
664 622 739 683 valet
761 630 826 684 arte
848 622 975 685 molum.

244 714 373 796 Cernis,
396 722 431 775 ut
453 730 470 773 e
492 710 574 772 molli
596 713 716 790 sanguis
738 709 877 788 pulmone
900 715 1051 779 remissus

197 817 231 866 20
289 802 335 864 dd
358 801 475 881 Stygius
498 808 580 861 certo
603 798 697 860 limite
720 798 809 859 ducat
831 816 938 878 aquus.

245 891 356 952 Aderat
377 893 441 969 ipse
464 889 534 949 linet
557 905 656 949 saeros
678 885 858 967 Epidaurins
879 887 1007 954 herbas.

290 977 412 1039 Sanabit
433 976 513 1038 nulla
536 976 659 1037 vulnera
681 974 780 1035 cordis
803 993 876 1054 ope.

214 1112 220 1124 .
244 1066 361 1129 Tollere
385 1065 527 1126 nodosam
549 1066 645 1126 nescit
667 1062 813 1124 medicina
835 1062 1015 1149 podagrum,

288 1154 349 1217 Neo
372 1154 538 1215 formidatis
560 1152 718 1214 ambiatur
739 1153 842 1231 aquis.

197 1254 230 1306 25
245 1243 322 1305 Cura
346 1260 465 1324 qnoque
487 1241 638 1303 interdum
661 1239 741 1303 nulla
763 1239 946 1303 medicabilis
967 1250 1055 1327 arte,
1075 1279 1115 1289 —

289 1331 348 1393 Aut
360 1377 370 1411 ,
393 1333 510 1410 utsii,
533 1329 620 1409 longo
643 1336 688 1390 est
711 1328 896 1398 extenuanda
918 1347 1019 1391 moro.

245 1420 318 1481 Cum
341 1418 418 1480 hene
440 1419 597 1479 firmarunt
619 1419 750 1478 animum
772 1425 930 1497 praecepta
952 1420 1129 1505 iacentem,

289 1507 472 1587 Sumpteque
495 1513 566 1567 sunt
588 1505 674 1567 nobis
696 1507 826 1584 pectoris
849 1523 930 1567 ormo
953 1507 1016 1588 tui,

243 1596 360 1657 Rursus
383 1612 466 1656 amor
488 1597 601 1674 petride
625 1596 740 1655 ratione
763 1593 906 1655 volentior
924 1596 1006 1656 omni

197 1697 231 1746 ³0
289 1683 375 1756 Quod
398 1691 449 1745 tua
472 1683 609 1744 lecerunt
631 1685 742 1761 scripta
754 1727 763 1763 ,
786 1685 894 1743 retexit
916 1700 1009 1762 opus.

245 1772 313 1833 Sive
335 1774 418 1852 pium
440 1772 485 1832 ris
508 1771 586 1852 boe,
610 1773 672 1832 sive
694 1771 751 1831 boo
773 1769 918 1831 muliebre
941 1774 1061 1855 vocari,

289 1859 439 1921 Confiteor
459 1861 571 1921 misero
594 1859 682 1920 molle
705 1877 758 1920 cor
781 1876 846 1920 esse
870 1858 960 1921 milri.

243 1948 310 2009 Non
332 1947 422 2010 dubia
445 1956 492 2009 est
512 1947 607 2009 ltbooi
628 1946 808 2027 prudentio:
832 1947 885 2009 sed
907 1955 1006 2009 tamon
1031 1957 1123 2029 optat

288 2036 415 2097 Tnmnm
438 2035 481 2097 de
497 2037 602 2116 patriis
626 2053 714 2114 posse
737 2035 837 2096 videre
859 2035 951 2097 loeis.

197 2136 230 2186 st
244 2124 350 2186 Nescio
373 2142 431 2204 quo
455 2123 551 2186 natale
575 2124 670 2184 solnm
693 2124 849 2186 dulcedine
872 2131 996 2186 cunctos

287 2212 398 2294 Ducit,
421 2220 452 2274 et
473 2214 653 2273 inmemores
676 2230 736 2273 non
759 2213 830 2273 sinit
853 2230 920 2273 esse
943 2213 1006 2274 sni.

244 2301 322 2374 Quid
344 2301 451 2362 melius
474 2298 598 2362 Romo?
635 2299 773 2380 Scythico
795 2301 869 2379 qnid
890 2301 1000 2379 frigore
1024 2302 1149 2381 peius?

287 2388 354 2452 llus
376 2396 476 2450 tomen
499 2408 536 2450 ex
558 2388 607 2450 illa
630 2388 774 2450 barbarus
796 2387 872 2449 urbe
894 2388 987 2467 fugit.

244 2478 318 2539 Cum
341 2476 417 2539 bene
440 2480 480 2539 sit
502 2477 618 2539 olnnsue
642 2495 730 2539 eavea
751 2475 900 2537 Pandione
923 2483 1026 2558 natue,
1130 2495 1182 2549 (rs)

196 2576 230 2627 40
288 2565 402 2627 Nititur
424 2568 456 2628 in
479 2565 566 2628 silves
588 2566 639 2626 illo
661 2565 760 2627 redire
783 2583 867 2628 suos.

243 2653 391 2716 Adsuetus
413 2655 493 2716 tauri
516 2654 608 2716 soltus
620 2700 630 2734 ‚
654 2654 775 2716 adsueto
797 2653 899 2716 leones
916 2685 971 2731 -,

287 2741 349 2804 Neo
372 2743 474 2805 feritas
496 2741 563 2804 illos
585 2741 710 2821 impedit
732 2775 766 2785 -
789 2750 874 2803 antro
896 2748 1019 2821 petunt.

244 2830 289 2892 Tu
312 2838 411 2892 temen
435 2828 515 2892 exilii
537 2847 655 2891 morsus
679 2849 695 2891 e
718 2838 840 2909 peotore
862 2838 966 2892 nostro

287 2918 439 2980 Tomentis
462 2936 565 2998 speras
588 2917 695 2981 cedere
717 2937 806 2998 posse
828 2920 906 2980 tuis.

195 3017 230 3068 45
244 3005 359 3089 Effice,
381 3025 434 3068 vos
456 3009 514 3087 ipsi
537 3025 574 3068 no
597 3016 658 3068 tam
679 3006 754 3068 mibi
777 3009 843 3069 sitis
865 3006 998 3087 amandi,

287 3094 408 3157 Talibus
431 3103 466 3157 ut
488 3096 583 3156 levius
605 3096 646 3156 sit
668 3096 800 3158 seruisse
822 3095 951 3158 melum.

242 3183 303 3263 At,
325 3191 421 3267 puto,
445 3202 503 3264 que
526 3185 640 3245 ineram
660 3175 805 3266 penitus,
826 3182 934 3246 tellure
957 3184 1073 3245 carenti

286 3270 320 3332 ln
344 3279 442 3334 tomen
465 3272 594 3334 humano
617 3273 743 3352 configit
765 3289 831 3334 esse
854 3270 937 3334 loeo.

243 3357 332 3420 Orbis
355 3362 386 3421 ln
410 3363 535 3423 extremi
556 3362 639 3422 iaceo
662 3361 799 3423 desertus
821 3359 959 3441 herenis,

195 3454 230 3506 oo
287 3445 359 3508 Fert
381 3447 433 3509 nbi
455 3456 616 3528 perpetuas
639 3448 745 3511 obrute
768 3458 849 3511 torro
870 3449 972 3511 nives.

242 3530 307 3593 Non
330 3550 400 3612 ager
422 3533 471 3597 bio
494 3553 637 3616 pomum,
660 3553 719 3597 non
743 3535 846 3599 dulces
868 3535 976 3600 educat
997 3534 1146 3630 herbas,
