2467 4042
442 253 470 305 v.
490 256 638 306 aon-aas.
980 254 1042 318 321

171 416 232 477 Nee
255 415 383 495 liquidae
406 417 511 477 vinctis
533 416 607 477 ssore
630 416 774 479 bibuntur
797 436 906 497 aquae.

127 502 227 564 Donec
250 522 316 565 eras
339 506 449 565 mixtus
472 504 583 585 nullis,
605 505 733 566 Acheloe
745 553 755 586 ,
778 509 920 587 racemis,

171 593 270 653 Gratia
293 593 453 654 sumendae
477 610 536 653 non
560 601 625 654 erat
647 593 706 653 ulla
729 611 831 655 rosae.

60 693 113 741 345
128 680 262 742 Bacchus
286 689 363 741 amat
385 682 496 741 liores:
528 680 645 741 Baccho
668 682 814 760 placuisse
838 699 976 742 eoronam

171 769 214 829 Ex
237 769 384 829 Ariadneo
408 769 505 829 sidere
528 787 616 830 nosse
640 777 745 848 potes,

129 857 240 935 Scaena
254 856 326 917 levis
341 857 426 918 decet
439 857 532 918 hanc:
548 875 607 917 non
623 866 683 938 est,
698 857 770 918 mibi
785 857 912 937 credite,
927 876 985 918 uon
1001 866 1046 918 est

170 944 223 1004 llla
245 953 414 1006 coturnatas
437 948 516 1005 inter
537 945 672 1005 habenda
695 946 805 1006 deas·

127 1031 228 1093 Turba
251 1033 371 1112 quidem
394 1044 448 1094 cur
471 1033 526 1093 bos
549 1032 681 1093 celebret
703 1035 871 1094 meretricia
894 1033 996 1114 ludos,

57 1134 112 1183 350
169 1121 235 1181 Nou
259 1140 296 1182 111
319 1120 431 1182 difficili
454 1138 541 1182 eausa
564 1124 657 1199 petita
681 1121 800 1182 subest.

126 1210 191 1270 Non
215 1219 261 1271 est
282 1208 318 1270 de
342 1212 477 1288 tetricis,
500 1228 560 1270 nnn
584 1218 631 1270 est
653 1210 690 1270 de
713 1228 817 1289 magna
840 1211 1001 1290 protessis:

172 1296 239 1357 Volt
263 1316 315 1358 sua
338 1298 453 1377 plebeio
477 1314 561 1358 sacra
584 1306 686 1376 patere
710 1298 818 1359 choro.

128 1383 167 1446 Et
188 1393 290 1445 menet
312 1388 415 1446 aetatis
439 1388 559 1465 speeie,
582 1384 653 1445 dum
676 1385 780 1446 lloreat
792 1432 801 1467 ,
824 1389 886 1466 uti3

173 1472 328 1533 Contemni
351 1476 486 1553 spinam,
510 1490 578 1532 cum
601 1472 736 1533 cecidere
760 1492 861 1534 rosae.

59 1572 113 1621 355
129 1560 189 1621 Cur
212 1570 333 1641 tamen,
355 1570 389 1620 ut
412 1560 519 1620 dantur
543 1569 639 1621 vestes
663 1559 826 1621 Cerialibus
849 1561 947 1641 albae,

173 1648 223 1709 Sic
246 1648 319 1709 baec
342 1659 388 1709 est
411 1647 492 1709 cultu
516 1648 694 1709 versicolore
718 1645 852 1711 decens?

128 1738 173 1798 An
197 1740 265 1816 quia
288 1739 412 1798 maturis
434 1734 558 1797 albescit
580 1738 685 1797 messis
709 1739 821 1816 aristis,

172 1824 210 1886 Et
234 1826 314 1886 color
337 1833 368 1886 et
391 1827 505 1904 species
528 1824 652 1885 lloribus
676 1828 771 1886 omnis
794 1821 899 1886 inest?

129 1914 261 1993 Annuit,
285 1922 315 1974 et
338 1916 426 1974 motis
448 1913 538 1974 ilores
562 1913 697 1974 cecidere
721 1913 851 1993 capillis,

58 2016 114 2064 360
173 2001 314 2063 Accidere
338 2005 368 2063 in
392 2019 508 2063 mensas
532 2009 566 2062 ut
588 2020 656 2062 rosa
679 2004 767 2062 niissa
791 2000 885 2062 solet.

128 2089 252 2152 Lumina
273 2091 445 2170 restabant,
470 2107 596 2169 quorum
621 2107 667 2150 me
691 2108 778 2151 causa
801 2089 927 2168 latebat3

173 2179 246 2241 Cum
270 2181 313 2242 sie
337 2196 455 2239 errores
478 2177 599 2239 abstulit
622 2177 670 2237 illa
693 2196 792 2239 meos:

130 2262 198 2328 ‘Vel
222 2270 290 2346 quia
314 2269 474 2346 purpureis
497 2266 646 2327 collucent
668 2265 792 2326 lloribns
815 2268 896 2345 agri,

172 2355 296 2416 Lumina
319 2362 389 2416 sunt
412 2363 530 2415 nostros
553 2357 613 2414 visa
637 2354 743 2414 decere
766 2354 847 2434 dies3

58 2458 113 2506 365
128 2443 180 2505 Vel
204 2447 271 2523 quia
295 2461 350 2503 nec
373 2444 427 2504 llos
450 2451 497 2503 est
518 2441 618 2502 hebeti
643 2459 697 2501 nee
719 2441 835 2502 ilamroa
859 2439 975 2518 colore,

172 2532 269 2610 Atque
293 2532 395 2592 oeulos
417 2534 448 2592 in
471 2548 503 2591 se
528 2529 667 2608 splendor
691 2538 817 2607 uterque
841 2528 948 2608 trabit,

130 2620 181 2681 Vel
204 2622 272 2698 quia
295 2618 408 2680 deliciis
431 2627 577 2678 nocturna
599 2617 718 2678 licentia
741 2620 851 2678 nostris

173 2701 337 2768 Convenit.
380 2726 396 2766 a
420 2724 488 2766 vero
513 2708 600 2766 tertia
623 2723 711 2766 eausa
735 2701 848 2766 venit.'

130 2792 199 2857 ‘Est
221 2795 310 2855 breve
333 2802 487 2874 praeterea
499 2840 508 2874 ,
532 2793 568 2854 de
592 2812 651 2872 quo
676 2794 746 2854 mihi
770 2812 913 2873 quaerere
936 2801 1046 2873 restat,

57 2899 113 2948 370
174 2885 205 2945 Si
228 2879 331 2944 liceat'
355 2884 438 2944 dixi:
471 2881 544 2943 dixit
567 2890 597 2942 et
620 2881 669 2942 illa
693 2877 810 2943 ‘licetl'

129 2969 205 3034 ‘Cur
230 2973 281 3033 tibi
305 2990 360 3052 pro
384 2971 502 3050 Libycis
525 2969 704 3032 clauduntur
727 2978 791 3031 rete
816 2971 925 3030 leaenis
989 2982 1046 3031 (1⁷4)

172 3060 308 3121 lmbelles
331 3079 454 3139 capreae
479 3058 681 3137 sollicitusque
707 3054 832 3137 lepus‘l'

128 3148 193 3209 Non
217 3149 294 3229 sibi,
318 3148 471 3227 respondit
483 3196 492 3229 ,
516 3147 603 3207 silvas
627 3149 776 3226 cessisse,
800 3147 852 3207 sed
875 3146 995 3226 hortos,

172 3239 305 3315 Arvaque
329 3240 456 3315 pugnaci
480 3254 538 3296 non
562 3234 696 3295 adeunda
719 3235 815 3294 serae.

59 3326 232 3389 3150111111
256 3325 393 3385 linierat:
427 3334 532 3385 tenues
555 3325 679 3384 secessit
702 3324 733 3382 in
757 3340 860 3403 auras,

173 3414 280 3474 Mansit
303 3412 397 3473 odor:
429 3431 532 3491 posses
556 3415 633 3472 scire
657 3412 749 3471 fuisse
773 3411 874 3472 deam.

130 3503 247 3563 Floreat
269 3511 303 3561 ut
325 3511 386 3562 toto
410 3518 529 3561 carmen
552 3499 677 3560 Nasonis
701 3501 731 3559 in
755 3517 842 3580 aero,

147 3644 152 3651 .
174 3591 307 3670 Sparge,
331 3607 459 3670 precor,
483 3589 568 3650 donis
592 3596 713 3666 pectora
737 3596 837 3649 nostra
861 3590 935 3649 tuis.

93 3701 174 3743 ovtn.
200 3702 244 3744 111
853 3693 886 3740 Ἡ
