2467 4042
994 233 1057 288 XIX

51 391 233 473 πλεόντων,
259 416 319 457 non
345 400 381 457 ut
407 397 532 457 licenter
560 400 642 459 stella
664 397 701 457 de
724 396 897 459 Castoribus
919 400 1057 476 intellegi

50 486 153 564 possit,
176 503 249 562 quos
272 504 326 544 nec
348 485 508 561 Euripides
531 485 599 547 Hel.
620 488 703 547 1499
727 486 774 547 El.
795 489 856 547 991
883 488 964 546 aliud
986 488 1057 564 quid

51 592 138 649 quam
154 571 309 648 λαμπρῶν
323 568 448 648 ἄετρων
462 568 521 634 ὑπ’
539 568 668 635 ἀέλλαις
682 577 713 634 et
727 571 893 650 φλογερὰν
907 570 1006 649 αἰθέρ’
1019 573 1056 636 ἐν

51 656 174 735 ἄετροιε
206 657 307 722 ναίειν
340 665 479 722 testatur.
534 662 570 721 de
602 662 731 722 veritate
763 663 948 723 coniecturae
981 664 1056 722 nihil

51 751 219 826 receperim.
269 769 297 810 v.
325 751 389 810 576
422 750 528 826 scripsi
555 748 717 827 Argolicis,
750 755 925 828 argumento
953 755 1056 827 postu·

50 840 144 913 lante,
175 856 232 898 usu
259 842 365 913 poetae
398 838 600 914 permittente.
656 838 708 898 cfr.
737 839 851 899 Neuius
883 840 899 898 Ι
926 859 954 915 p.
983 842 1056 900 318.

50 926 190 985 Ellisinm
213 943 371 1002 occupasse
393 926 482 986 modo
502 926 621 987 demum
638 926 737 986 video:
761 946 820 1004 quo
838 927 991 987 admoneri
1009 946 1056 986 me

49 1014 204 1093 intellego,
236 1013 446 1074 discedendum
478 1016 515 1074 ab
543 1014 685 1090 opusculo
718 1016 870 1093 exagitato
898 1034 962 1075 csse
990 1034 1057 1075 curn

49 1103 222 1180 gratissima
244 1102 366 1163 editoris
389 1102 567 1162 meritorum
589 1102 794 1163 recordatione
817 1106 849 1163 et
870 1104 1022 1164 memoria.

137 1189 242 1267 Siquid
267 1191 300 1250 in
325 1190 410 1250 Ibide
439 1190 595 1250 molestius
622 1191 686 1250 iere
719 1210 809 1267 quam
836 1210 955 1252 necesse
983 1195 1057 1267 erat,

51 1279 250 1354 disceptatum
279 1282 337 1355 est,
367 1279 399 1338 in
425 1279 557 1339 Ponticis
584 1279 742 1354 respiratio
770 1279 903 1356 dabitur,
931 1299 1057 1356 quorum

50 1368 127 1426 ratio
151 1367 264 1442 eadem,
287 1366 339 1426 sed
361 1366 493 1442 apertior
514 1367 546 1425 in
567 1369 653 1426 tanto
676 1368 819 1444 ampliore
843 1368 977 1429 materia.

138 1455 273 1514 Lacunas
303 1454 478 1514 manifestas
504 1455 536 1512 in
562 1455 648 1514 libris
670 1459 772 1515 extare
795 1456 878 1515 vides
900 1459 1056 1532 quattuor:

50 1546 118 1619 post
144 1561 265 1603 versum
291 1543 306 1601 Ι
333 1555 360 1603 11
388 1545 441 1618 11,
471 1542 598 1619 paginae
626 1544 783 1619 archetypi
807 1537 870 1624 (4);
900 1547 969 1620 post
991 1544 1057 1604 v.I

50 1643 113 1690 vm
140 1633 197 1706 19,
223 1630 351 1707 paginae
375 1623 459 1711 (27),
491 1634 560 1706 post
586 1630 718 1691 v.H11
746 1634 787 1691 39
819 1632 945 1709 paginae
969 1624 1057 1712 (39);

49 1722 119 1795 post
147 1739 176 1779 ν.
193 1718 257 1777 IIII
279 1732 320 1778 111
343 1721 384 1779 43
413 1719 539 1795 paginae
563 1712 667 1799 (110).
718 1719 833 1780 accedit
859 1723 966 1797 quarto
993 1720 1057 1780 loco

52 1808 198 1884 habenda,
222 1826 311 1883 quam
330 1805 456 1867 schedae
477 1807 613 1884 integrae
637 1807 766 1868 indicavi
787 1811 856 1884 post
877 1829 906 1869 v.
919 1808 950 1866 H
968 1822 992 1868 ν
1008 1810 1057 1867 30.

137 1894 251 1954 Earum
273 1896 386 1970 primae
404 1896 437 1954 in
453 1896 676 1973 Hamburgensi
694 1896 810 1955 nullum
827 1896 976 1971 indicium,
999 1896 1057 1955 nisi

49 1984 127 2043 forte
151 1983 270 2060 signum
293 1987 424 2044 extremo
446 1984 548 2044 versui
570 1987 606 2043 11
633 1982 817 2060 adpositum,
843 1987 932 2059 fateri
954 1979 992 2064 ·l.,
1014 1985 1059 2043 ita

49 2070 324 2148 interpretandum
347 2073 434 2147 quale
458 2072 550 2132 etiam
568 2071 600 2130 ΙΙ
618 2085 669 2132 vll
686 2073 729 2131 49
753 2075 886 2131 extremo
910 2072 1058 2131 adiectum

49 2164 152 2220 monet
173 2180 202 2222 v.
226 2162 267 2220 43
291 2158 394 2220 decue
417 2160 449 2219 in
471 2160 583 2234 ordine,
607 2160 659 2236 qui
681 2160 855 2220 subiunctus
877 2160 908 2219 in
930 2160 989 2218 fine
1007 2179 1058 2236 pa·

48 2249 147 2323 ginae,
170 2251 316 2324 quantum
338 2247 448 2321 notavi,
471 2267 532 2307 non
554 2249 664 2307 iterato
682 2248 777 2325 signo.
830 2248 909 2308 idem
927 2248 1058 2324 positum

49 2336 65 2394 Ι
89 2349 116 2395 11
140 2338 180 2396 89
205 2340 237 2395 et
261 2338 315 2410 91,
346 2336 401 2395 sed
420 2336 606 2413 ineuntibus,
633 2356 661 2396 v.
685 2339 728 2396 90
751 2336 873 2412 omisso,
896 2355 984 2412 quem
1006 2337 1056 2393 ad-

48 2423 171 2482 modum
194 2422 273 2502 quod
296 2423 451 2484 adnotavit
473 2425 557 2484 Korn
578 2425 613 2483 in
632 2442 721 2485 versu
744 2424 822 2483 IIII
843 2426 915 2499 108,
938 2424 1058 2484 distichi

49 2512 202 2587 absumpti
233 2514 336 2571 notam
367 2512 461 2571 fuisse
493 2515 576 2589 puto.
631 2514 803 2573 hexametro
830 2512 845 2570 l
873 2525 900 2571 11
925 2514 962 2571 11
989 2512 1057 2571 snb-.

48 2600 185 2676 iungitur
202 2618 256 2675 pro
275 2602 463 2676 pentametro
485 2603 535 2677 13,
555 2604 719 2677 sequuntur
737 2602 777 2660 14
797 2600 1058 2676 rapacissimo,

47 2687 245 2764 pentametris
262 2688 433 2766 praeposito
453 2709 486 2764 o,
504 2690 690 2765 hexametro,
710 2689 789 2765 qnod
806 2689 936 2765 miraris,
954 2688 1058 2748 eodem

47 2777 101 2836 illo
129 2771 178 2855 '..)
231 2796 352 2839 versum
380 2780 419 2837 19
449 2779 521 2837 olim
552 2778 667 2838 scribae
695 2778 887 2854 neglegentia
915 2777 1058 2837 excidisse

45 2866 200 2943 putabam,
219 2885 308 2941 quem
326 2865 487 2926 admodum
504 2869 628 2942 propter
645 2866 788 2925 iteratum
805 2867 896 2926 biems
914 2857 1057 2945 (hyemps)

47 2953 199 3012 distichon
222 2956 262 3014 97
288 2956 330 3013 98
356 2948 429 3032 (non
446 2954 526 3030 quod
543 2953 628 3014 Korn
646 2945 788 3034 scripsit),
812 2957 844 3012 et
861 2955 983 3029 propter
1000 2954 1059 3011 Ille

46 3042 106 3099 llic
136 3058 240 3100 versus
275 3042 315 3100 36
349 3033 424 3119 (non
456 3035 512 3121 34)
546 3042 578 3109 in
607 3040 715 3100 Hamb.
748 3039 928 3100 exciderunt.
982 3057 1058 3099 nunc

47 3128 125 3187 illud
147 3146 196 3187 mc
218 3127 345 3186 maxime
364 3128 502 3202 advertit,
527 3127 606 3203 quod
623 3128 703 3186 inter
717 3127 841 3187 omissos
855 3130 1058 3201 pentametros

48 3220 90 3276 19
116 3218 147 3274 ct
166 3218 218 3284 36,
242 3216 268 3275 si
288 3218 328 3275 97
354 3218 395 3275 98
416 3215 506 3274 etiam
524 3215 556 3272 in
574 3215 736 3291 archetypo
754 3215 819 3273 loco
834 3217 948 3272 motum
966 3214 1058 3273 fuisse

45 3308 148 3382 putes,
180 3303 239 3379 ipsi
261 3317 336 3363 xxn
363 3321 467 3363 versus
495 3301 621 3363 schedae
648 3321 771 3362 aversae
794 3302 952 3361 intersunt.
1007 3303 1059 3361 sed

45 3393 187 3453 credibile
211 3395 344 3469 nonest,
368 3411 387 3451 a
409 3391 567 3451 diorthotis
586 3393 641 3450 aut
658 3391 789 3452 librariis
807 3389 877 3448 ullis
896 3389 1058 3466 archetypo

44 3482 198 3559 pleniores
217 3481 332 3541 codices
349 3481 510 3555 consultos,
529 3483 583 3539 aut
600 3498 720 3539 versum
736 3482 776 3541 36
796 3478 878 3537 felici
890 3478 1059 3538 coniectura

45 3572 218 3647 suppletum
237 3588 313 3633 esse.
366 3570 468 3645 itaque
482 3572 600 3629 tantum
617 3587 722 3629 versus
744 3572 782 3628 11
803 3568 939 3647 lacunam
958 3560 1057 3626 statuo

808 3665 847 3720 b*
