2467 4042
568 230 741 282 TRISTIUM

237 393 311 457 Nam
332 410 402 473 spes
425 399 473 455 est
495 394 586 453 animi
608 400 712 453 nostra
735 392 841 452 timore
865 392 978 452 minor.

238 481 380 561 Quaeque
403 479 597 559 quiescebat,
621 497 659 541 ne
682 486 763 540 mota
784 480 929 542 resaeviat
951 481 1015 560 irav

237 570 276 632 Et
297 586 410 650 poenae
433 576 467 629 tu
490 570 532 630 sis
555 568 647 628 altera
670 584 781 647 eausa,
804 564 893 627 cave!

173 672 223 722 105
238 658 312 720 Cum
335 658 488 719 tamenin
511 663 648 732 nostrum
671 655 764 716 fueris
786 652 938 736 penetrale
961 663 1125 737 receptus,

238 746 464 825 contigerisque
487 752 592 825 tuam,
615 744 725 804 scrinia
747 760 860 822 curva,
883 742 1023 806 domum:

238 836 372 915 Aspicies
393 832 453 893 illic
476 834 590 913 positos
612 849 650 893 ex
673 831 776 891 ordine
800 831 926 913 iratres,

238 922 320 994 Quos
343 920 474 983 studium
498 928 623 994 cunctos
646 918 792 998 evigilavit
814 918 911 979 idem.

238 1010 344 1072 Cetera
366 1008 453 1071 turba
476 1008 572 1088 palam
594 1007 698 1068 titulos
721 1004 859 1068 ostendet
880 1013 1019 1087 apertos,

175 1112 226 1162 110
240 1099 279 1160 Et
301 1115 354 1160 sua
377 1097 493 1159 detecta
516 1098 636 1158 nomina
659 1096 756 1156 ironic
780 1102 881 1174 geret.

238 1187 313 1248 Tres
335 1185 440 1266 procul
464 1184 591 1246 obscura
613 1183 763 1245 latitantes
784 1191 869 1262 parto
892 1181 1024 1265 videbis3
1045 1216 1082 1227 --

238 1274 288 1337 Sic
311 1292 452 1355 quoque,
475 1273 555 1353 quod
578 1290 665 1334 nemo
688 1273 806 1353 nescit,
829 1288 928 1332 amaro
952 1271 1060 1333 docent
1081 1306 1119 1316 -

236 1362 298 1424 ilos
321 1371 355 1424 tu
376 1361 423 1423 vel
445 1362 562 1440 logias,
584 1359 654 1441 vei,
676 1362 704 1420 si
726 1361 797 1420 satis
820 1360 882 1419 oris
904 1358 1048 1441 babebis,

238 1449 404 1531 Oedipodas
427 1450 515 1511 lacito
538 1448 763 1527 Telegonosque
785 1464 893 1507 voces.

167 1554 222 1603 >115
237 1539 339 1619 Deque
358 1537 479 1618 tribus,
500 1554 632 1617 moneo,
654 1538 757 1615 siqua
777 1534 895 1596 esttibi
913 1552 985 1598 cura
1007 1538 1169 1619 parentis,

237 1627 281 1689 No
304 1643 505 1707 quemquam,
528 1626 662 1703 quamvis
684 1626 748 1704 ipse
773 1622 913 1704 docebit,
936 1641 1032 1685 ames.

239 1715 315 1777 Sunt
333 1707 452 1795 quoque
470 1720 618 1792 mutatae,
636 1718 683 1772 ter
697 1713 829 1791 quinque
846 1710 1012 1793 volumina,
1031 1711 1169 1796 formae,

237 1803 339 1884 Nuper
362 1802 399 1863 ab
422 1803 556 1882 exequiis
579 1802 710 1861 carmina
732 1806 816 1879 rapta
838 1801 930 1861 meis.

238 1891 291 1953 iiis
314 1890 420 1964 mando
444 1890 547 1966 dieas,
570 1891 649 1950 inter
671 1894 783 1949 mutata
806 1888 914 1948 referri

173 1994 223 2043 120
237 1980 386 2041 Fortunae
409 1979 524 2040 vultum
547 1994 673 2056 corpora
695 1993 784 2055 posse
810 1993 911 2037 meae.

241 2067 373 2147 Namque
396 2084 431 2128 ea
455 2065 606 2128 dissimilis
630 2063 729 2126 subito
753 2070 800 2125 est
822 2064 927 2126 clienta
948 2065 1060 2145 priori,

238 2155 407 2235 Flendaque
430 2173 534 2235 nunc,
557 2153 656 2233 aliquo
679 2160 814 2231 tempore
836 2151 913 2214 laeta
935 2152 1009 2214 luit.

237 2244 326 2306 Plura
348 2242 468 2322 quidem
491 2241 631 2304 mandare
654 2239 732 2320 tibi,
755 2241 781 2300 si
805 2241 923 2319 quaeris
935 2286 945 2320 ,
967 2238 1131 2302 habebam.

238 2332 296 2394 Sed
320 2350 425 2393 vereor
447 2330 548 2393 tardae
571 2329 776 2391 causatutsse
799 2345 920 2411 morae,

173 2434 223 2482 125
237 2420 277 2482 Et
299 2423 347 2502 si,
374 2438 449 2499 quae
473 2418 625 2498 subeunt,
652 2425 752 2480 tecum
764 2462 775 2496 ,
798 2415 897 2498 libor,
920 2418 1017 2479 omnia
1040 2417 1161 2502 serres,

239 2508 360 2570 Sarcina
382 2508 479 2569 laturo
501 2523 607 2586 magna
629 2505 749 2567 futurus
772 2521 857 2566 oras.

237 2596 337 2675 Longa
359 2599 405 2657 via
428 2605 497 2677 est,
519 2592 670 2675 properal
702 2591 788 2655 nobis
811 2591 992 2656 habitabitur
1015 2591 1097 2656 orbis

238 2685 387 2766 Ultimus,
410 2703 428 2746 a
449 2693 530 2746 terra
552 2691 633 2744 terra
655 2688 770 2742 remota
792 2699 875 2743 mea.

631 2874 677 2950 IL

238 3035 275 3097 bi
297 3038 387 3097 maris
411 3043 440 3097 et
463 3034 537 3096 caeli
549 3081 559 3116 ,
585 3066 630 3079 -
665 3033 737 3114 quid
764 3036 844 3096 onim
872 3035 931 3097 nisi
957 3043 1024 3096 vota
1056 3051 1163 3116 super·

631 3175 634 3180 ⁴
724 3119 822 3186 sunt?
845 3155 883 3166 -

240 3211 360 3273 Solvere
383 3218 537 3290 quassatae
560 3213 674 3291 parcite
696 3210 829 3273 membra
852 3213 943 3292 ratis,

237 3300 340 3379 Neve,
362 3317 494 3382 precor,
516 3302 616 3379 magni
639 3299 817 3361 subscribite
830 3299 975 3378 ,Caesaris
997 3297 1079 3361 irael

240 3387 334 3468 Saepe
357 3396 512 3467 premente
535 3387 590 3449 deo
614 3388 674 3449 lert
696 3387 770 3450 deus
793 3388 867 3450 alter
890 3405 995 3468 opem.

208 3475 383 3537 abiulciber
405 3479 436 3536 in
448 3476 601 3555 Troiam,
624 3494 679 3555 pro
702 3476 792 3538 Troia
809 3476 905 3540 stabat
927 3475 1049 3557 Apollo:

240 3564 340 3643 Aequa
362 3562 462 3626 Venus
484 3564 633 3647 Teucris,
655 3562 750 3626 Pallas
773 3567 874 3645 iniqua
897 3566 971 3627 luit.
