2467 4042
159 220 223 288 182
326 237 474 277 omarum
571 216 750 273 uuum.

246 386 399 451 Tendebat
421 386 547 466 gravitas
570 393 691 447 uterum
713 383 807 467 mihi,
830 383 969 465 quodque
993 384 1167 468 ferebam,

245 477 375 538 Tantum
398 483 483 557 erat,
505 481 540 535 ut
560 491 665 554 posses
688 481 840 535 auctorem
863 474 963 535 dicere
986 477 1063 535 teeti

246 565 391 627 Ponderis
415 580 481 624 esse
504 561 624 624 lovem.
653 580 709 624 nec
731 565 790 623 iam
812 562 940 624 tolerare
962 561 1090 624 labores

180 667 232 719 tio
246 654 376 716 Ulterius
398 659 555 732 poteram.
583 653 656 730 quin
678 668 758 713 nune
781 668 900 730 quoque
918 651 1048 731 frigidus
1076 660 1174 713 artus
1186 699 1197 734 ,

247 742 322 804 Dum
341 742 469 822 loquor,
491 740 600 801 horror
618 738 729 822 habet,
751 756 880 821 parsque
899 748 946 801 est
963 742 1154 801 meminisse

1045 828 1194 890 doloris.

248 920 369 1002 Septem
392 938 447 1000 ego
469 938 524 1000 per
547 927 651 981 noctes
663 966 673 1001 ,
695 919 819 981 totidem
842 920 974 981 cruciata
997 917 1135 1000 diebus,

247 1010 337 1071 Fessa
359 1009 461 1090 malis,
483 1008 670 1088 tendensque
693 1008 730 1070 ad
748 1006 863 1069 caelum
881 1006 1044 1087 bracchia,
1072 1024 1192 1085 magne

248 1098 391 1160 Lucinam
413 1096 563 1176 Nixosque
586 1106 687 1176 patres
710 1095 838 1158 clamore
860 1094 1019 1157 vocabam.

181 1199 233 1251 tii
248 1186 298 1247 llla
321 1186 441 1266 quidem
463 1187 544 1246 venit
556 1233 565 1266 ,
589 1185 642 1245 sed
664 1192 900 1265 praecorrupta,
922 1200 1093 1263 meumque

249 1274 330 1347 Quae
354 1274 465 1336 donare
488 1282 578 1353 caput
600 1272 707 1334 lunoni
728 1273 817 1335 vellet
838 1275 974 1352 iniquae.

247 1363 345 1443 thue
368 1380 450 1424 meos
474 1361 556 1423 audit
578 1363 730 1444 gemitus,
752 1360 887 1424 subsedit
908 1363 940 1422 in
963 1361 1014 1422 illa

247 1452 323 1513 Ante
346 1452 426 1512 iores
449 1468 522 1532 ara,
545 1450 710 1529 dextroque
733 1467 750 1510 a
771 1449 883 1531 poplite
905 1448 1022 1512 laevum

247 1539 355 1601 Pressa
377 1556 456 1618 genu
479 1546 510 1599 et
532 1538 634 1618 digitis
655 1540 735 1600 inter
758 1557 790 1599 se
813 1540 933 1619 pectine
954 1541 1069 1600 iunctis

182 1641 235 1692 too
250 1628 399 1690 Sustinuit
420 1634 545 1708 partus.
568 1629 658 1688 tacita
680 1644 800 1707 quoqne
822 1629 953 1688 carmina
976 1645 1047 1687 voce

248 1716 350 1798 Dixit,
373 1724 403 1777 et
425 1718 579 1795 incoeptos
601 1723 765 1777 tenuerunt
786 1717 916 1776 carmina
939 1724 1062 1796 partus.

248 1805 357 1886 Nitor,
380 1812 411 1865 et
432 1806 549 1883 ingrato
567 1805 643 1865 laeio
667 1806 799 1866 convicia
822 1802 944 1864 demens

250 1893 329 1953 Vana
352 1891 413 1953 lovi
425 1939 435 1974 ,
458 1894 605 1972 cupioque
629 1895 728 1974 mori,
751 1900 928 1972 moturaque
951 1891 1043 1954 duros

249 1980 344 2043 Verba
368 1998 478 2060 queror
501 1979 621 2042 silices.
649 1989 760 2042 matres
784 1980 956 2042 Cadmeides
979 1980 1110 2064 adsunt,

183 2084 235 2134 80⁶
249 2070 382 2149 Votaque
405 2069 593 2150 suscipiunt,
616 2069 871 2149 exhortanturque
894 2068 1060 2131 dolentem.

249 2159 313 2222 Una
335 2159 561 2237 ministrarum,
584 2157 680 2218 media
703 2158 740 2219 de
762 2156 871 2240 plebe,
894 2156 1061 2239 Galanthis,

249 2247 337 2309 Flava
360 2263 459 2307 comas
471 2294 480 2327 ,
504 2245 627 2329 aderat,
651 2246 793 2308 iaciendis
817 2254 939 2308 strenua
961 2247 1070 2328 iussis,

250 2335 363 2397 (illiciis
386 2334 492 2395 dilecta
515 2336 599 2396 suis.
632 2352 667 2396 ea
689 2336 783 2396 sensit
804 2336 905 2414 iniqua

249 2424 356 2485 Nescio
380 2423 452 2502 quid
474 2423 587 2485 lunone
610 2424 697 2503 geri:
719 2423 848 2503 dumque
872 2426 933 2485 exit
955 2433 987 2485 et
1009 2427 1102 2486 intrat

184 2524 236 2576 tto
251 2512 344 2592 Saepe
367 2511 469 2593 iores,
492 2511 587 2573 diram
609 2510 791 2574 residentem
814 2511 886 2575 vidit
907 2515 939 2573 in
962 2529 1013 2573 ara

248 2600 451 2679 Bracchioque
474 2602 506 2660 in
529 2599 655 2679 genibus
678 2600 778 2680 digitis
801 2617 912 2662 conexa
935 2609 1107 2684 tenentem,

249 2689 288 2751 Et
306 2684 535 2768 “quaecumque
550 2705 583 2750 es
595 2683 616 2770 ,'
640 2690 682 2750 ait
695 2682 842 2751 ‘dominae
856 2697 973 2769 gratare
988 2736 996 2750 .
1019 2690 1113 2752 levata
1128 2702 1172 2752 est

249 2776 365 2857 Argolis
388 2776 550 2857 Alcmene,
571 2778 745 2856 potiturque
767 2795 915 2859 puerpera
933 2772 1044 2840 roto.''

249 2865 397 2947 Exsiluit,
419 2868 595 2945 iunctasque
618 2883 724 2928 manus
745 2866 896 2946 pavefacta
918 2868 1034 2928 remisit

184 2965 235 3017 ait
250 2954 321 3016 Diva
344 2961 450 3034 potens
474 2955 574 3015 uteri:
596 2953 702 3016 vinclis
724 2954 806 3015 levor
827 2956 892 3035 ipsa
914 2957 1065 3017 remissis.

250 3043 378 3104 Numine
402 3043 526 3122 decepto
550 3043 652 3103 risisse
676 3041 849 3105 Galanthida
871 3045 948 3106 lama
971 3053 1034 3106 est.

250 3130 406 3193 Ridentem
428 3148 627 3210 prensamque
650 3131 724 3211 ipsis
746 3132 801 3193 dea
823 3149 909 3195 saera
931 3131 1044 3214 capillis

251 3219 375 3301 Traxit,
398 3227 429 3281 et
451 3237 468 3279 e
491 3227 572 3281 terra
594 3237 705 3300 corpus
728 3220 859 3282 relevare
881 3220 1030 3284 volentem

254 3308 380 3389 Arcuit,
402 3309 493 3387 inque
515 3308 607 3387 pedes
631 3311 754 3371 mutarit
776 3308 914 3371 bracchia
935 3312 1064 3390 primos.

184 3407 236 3459 tao
252 3395 420 3457 Strenuitas
443 3397 563 3476 antiqua
586 3404 707 3478 manet3
729 3415 785 3458 nec
808 3406 891 3477 terga
914 3399 1044 3460 colorem

250 3484 382 3544 Amisere
406 3501 516 3545 suum:
539 3485 633 3546 lorma
656 3493 703 3547 est
725 3485 840 3547 diversa
862 3489 973 3566 priori.

250 3570 332 3641 Quae
356 3572 423 3649 quia
447 3572 582 3633 mendaci
602 3576 768 3654 parientem
789 3577 904 3638 iuverat
925 3593 997 3660 ore,
1019 3589 1042 3633 t.
1055 3592 1161 3635 mnu.
