2467 4042
960 247 1021 303 XLI

23 417 107 477 nucia
148 416 295 476 innocens
315 414 407 474 Ianus
430 413 482 474 ille
505 413 681 490 Fastorum,
704 414 795 473 1247
819 413 859 471 ad
883 415 956 491 253,
979 414 1022 473 di·

23 504 94 580 citur,
113 505 147 562 ut
167 503 338 563 Deucalion
360 502 466 580 1327;
496 502 571 562 satis
594 502 804 563 convenienter
826 501 866 561 ad
887 502 1022 561 nativam

24 597 50 651 et
68 591 246 652 defaecatam
269 590 451 651 narrationis
473 591 608 668 reliquae
632 590 863 666 simplicitatem.
956 586 1021 652 383

21 672 134 751 NEQUE'
155 691 217 739 m
244 673 436 739 ‘Renum
482 678 525 738 sic
551 678 610 737 ΜΕ
639 681 678 755 et,
706 677 785 754 quod
813 678 901 738 modo
923 678 1021 756 video,

23 767 132 828 maxima
156 785 230 845 pars
260 768 421 846 librorum3
446 769 482 826 ut
510 766 661 843 scriptura
682 767 808 842 vulgata
834 783 924 839 necue
945 770 1022 826 crum

24 857 120 916 reddere
143 874 182 916 ne
209 855 388 917 vetustioris
418 854 538 931 quidem
565 855 805 930 interpolationis
834 872 899 914 esse
921 854 1021 915 videa·

23 947 74 1002 tun:
100 962 283 1021 quamquam
309 943 347 1003 de
376 961 412 1003 ea
442 961 476 1003 re
507 942 715 1019 ampliandum
746 959 860 1003 censeo.
905 942 942 1001 de
972 962 1020 1005 vu.

25 1033 206 1110 sequentibus,
230 1032 342 1108 quibus
361 1033 437 1092 disce
455 1031 490 1107 Ε,
514 1050 575 1091 non
591 1029 773 1090 mutaverim
793 1030 945 1090 iudicium.

25 1113 74 1179 396
96 1119 165 1180 Nnc
198 1131 387 1193 omcounn
419 1130 578 1191 Annium.
623 1120 668 1178 ita
694 1119 783 1194 plano
810 1118 851 1177 Μ.
953 1114 1018 1178 427

26 1206 122 1267 obelum
142 1209 274 1287 apposui
297 1208 463 1283 scripturae
486 1208 527 1267 M.
562 1206 683 1268 videtur
706 1207 804 1267 inesse
826 1207 885 1266 loci
907 1208 1018 1268 clarius

26 1294 123 1370 aliquod
151 1297 313 1357 indicium:
345 1296 549 1373 meminerint,
582 1296 662 1372 siqui
691 1296 742 1355 via
774 1293 907 1355 Ostiensi
938 1297 1020 1355 ultra

27 1381 132 1457 lapidem
155 1384 221 1445 fere
250 1383 399 1444 decimum
425 1383 581 1461 progressi
606 1383 729 1443 fuerint
774 1383 853 1459 quod
885 1384 957 1444 olim
987 1384 1020 1445 in

27 1470 122 1531 iniecta
147 1472 383 1549 interpolatione
411 1472 631 1550 acquieveram,
654 1490 759 1532 versus
783 1472 1021 1532 emendationem

29 1576 55 1616 ex
75 1559 258 1638 inhospitalis
286 1562 370 1636 ripae
395 1561 492 1637 partis
520 1561 754 1637 investigatione
784 1578 846 1625 non
877 1561 1019 1638 quaesivi,

30 1663 97 1720 quem
119 1649 281 1709 admodum
306 1651 429 1724 postero
457 1649 505 1707 die
531 1648 623 1708 Atria
650 1649 789 1708 Tiberina
815 1648 921 1708 dextra
952 1649 1021 1724 ripa

31 1737 82 1807 post
98 1736 223 1813 lapidem
246 1729 373 1797 tertium
394 1735 524 1796 feliciter
547 1739 617 1796 sunt
640 1739 769 1812 reperta.
870 1733 934 1797 467
958 1749 1020 1796 DA·

32 1832 100 1883 1111
118 1836 307 1886 namnum
329 1835 497 1885 Pansam
520 1836 634 1886 ulans.
665 1842 810 1900 perpcmc
831 1827 946 1885 demens
969 1826 1019 1884 ad-

32 1911 116 1987 canpto
136 1914 167 1973 in
187 1914 329 1991 margine
351 1914 458 1974 dunois
473 1918 636 1988 patuerunt
651 1931 797 1988 perparuo
818 1915 927 1973 dentis
941 1913 974 1972 M
988 1916 1020 1973 et

34 2000 173 2070 pumsmi
194 2002 324 2062 Heinsii.
363 2018 507 2076 perpcma
533 2003 669 2073 flammas
695 2002 803 2078 reliqui
831 2019 946 2079 omnes,
969 2020 1019 2061 ne·

33 2086 147 2159 murima
165 2089 409 2166 interpolatione.
442 2090 474 2150 in
496 2089 660 2167 archetypo
683 2089 776 2150 fuisse
794 2091 868 2165 puto
881 2101 1019 2151 Dumna.

34 2171 106 2234 Dirae
130 2178 245 2239 cultrices
276 2177 406 2255 Vergilii
437 2178 511 2237 Aen.
534 2190 573 2238 1v
594 2179 659 2238 473
697 2190 736 2237 vl
760 2179 825 2237 610
857 2179 1020 2237 secundum

34 2259 186 2341 Aeschylum
207 2268 298 2327 Eum.
320 2268 385 2327 409
410 2264 506 2325 dictae
528 2265 682 2340 uidentur,
709 2267 792 2326 locus
815 2266 864 2325 hic
885 2266 1018 2342 Aeschy-

35 2346 83 2408 lum
102 2354 198 2433 reiert,
231 2355 292 2431 Ag.
311 2354 384 2431 125,
405 2356 477 2413 721.
588 2349 654 2414 476
682 2366 727 2414 ΔΒ
758 2364 870 2414 141118.
914 2355 1020 2413 malim

37 2447 126 2518 men,
145 2445 303 2504 ut1601:
326 2440 384 2518 τὴν
407 2435 540 2516 attactu
562 2440 783 2516 upoctsoucuv
803 2437 912 2502 adroic
934 2434 1018 2521 (Dio-

38 2525 96 2585 nali
112 2532 139 2589 et
158 2524 348 2611 Alcmaeoni)
375 2523 477 2606 ἀρχήν
504 2530 576 2590 dicit
604 2530 713 2590 Strabo
735 2551 764 2606 p.
778 2532 852 2607 462,
876 2534 906 2591 et
929 2534 1019 2590 antea

39 2608 81 2671 ian
97 2619 240 2680 exclusum
262 2620 300 2679 ab
323 2619 557 2696 Agamemnone.
664 2614 729 2679 489
753 2618 821 2678 Esn
845 2629 956 2679 Locus
979 2630 1018 2677 In

40 2709 154 2767 illilus
195 2709 254 2768 Est
280 2709 359 2768 locem
384 2710 418 2767 la
442 2708 557 2768 cultum
578 2707 699 2766 21.Εεί
725 2708 804 2766 loom
824 2708 857 2765 ia
877 2711 944 2766 coto
965 2710 1020 2766 aut

40 2785 81 2846 dil
95 2794 122 2851 io
138 2800 201 2857 ata
223 2797 303 2857 locus
325 2796 441 2872 reliqui.
483 2794 710 2855 ciceronianum
731 2795 890 2871 inprimis
912 2796 1019 2855 vulnus

40 2890 79 2946 pro
100 2880 261 2944 infortunio.
372 2879 438 2943 493
468 2894 797 2956 unonmoounnnm.
833 2899 942 2957 acapna
964 2901 1018 2958 po-

42 2964 150 3057 latinli
173 2990 242 3033 cum
268 2972 414 3032 omnibus.
449 2971 653 3047 macedonicus
678 2972 735 3032 hoc
757 2969 942 3048 significatu,
965 2970 1018 3047 qui

41 3064 63 3106 ¹³
75 3056 243 3122 nicanum
261 3063 309 3121 est
321 3060 497 3135 posterioris
515 3061 636 3136 aetatis,
659 3060 734 3120 dixit
751 3061 842 3136 poeta
864 3072 929 3120 vm
945 3060 1018 3119 396.

105 3140 161 3208 494
179 3149 333 3209 lemnus
356 3160 529 3209 ramulus.
566 3151 676 3209 iratam
693 3148 725 3207 M
744 3150 775 3208 et
792 3147 924 3224 plurimi
959 3149 1020 3207 tra

42 3225 75 3286 lae
92 3238 195 3298 celena
221 3254 313 3306 cam,
349 3237 486 3297 Venerem
516 3238 610 3297 actm
641 3238 823 3298 instructore
853 3236 1019 3296 locutiones

43 3318 94 3377 litt
114 3322 285 3402 inconditam
317 3324 485 3385 emendatio
514 3341 583 3385 mea
614 3344 675 3385 non
700 3324 842 3387 violenta
953 3318 1019 3384 515

43 3409 156 3474 winus
187 3424 316 3475 cnnms
352 3424 545 3474 murnum.
590 3414 701 3474 locuta
730 3416 820 3488 pulta
855 3404 947 3492 (calls
977 3404 1019 3493 11)

42 3492 178 3576 mdorpars
188 3503 337 3563 librorum
344 3499 472 3563 Heinsii.
490 3502 647 3580 posthaec
660 3504 814 3563 manantia
826 3501 899 3561 libri
908 3518 1019 3562 omnes.

43 3575 71 3636 ib
87 3581 130 3646 hoo
147 3590 406 3669 interpolationem
427 3590 595 3669 profectam
617 3608 684 3653 esse
706 3593 805 3668 patet:
827 3589 929 3667 ipsum
949 3588 1020 3652 inde
