2467 4042
214 186 277 252 104
383 206 519 244 asarsual
626 187 788 243 muriunt
798 230 805 244 .

298 349 407 416 «apars
430 373 484 435 08⁰
507 353 724 435 nympharum,
748 373 823 434 quae
837 365 908 418 sunt
922 359 952 420 in
967 356 1086 421 Achaide
1093 354 1112 441 ,⁹
1128 357 1194 421 dixit

299 442 373 506 ‘Una
396 444 461 505 lui:
484 462 540 503 nec
563 461 610 504 mc
634 443 796 505 studiosius
819 444 910 507 altera
934 446 1025 509 saltus

297 532 404 614 Legit,
426 550 482 594 nec
504 533 604 611 posuit
627 531 789 593 studiosius
811 532 903 594 altera
927 553 1041 597 casses.

232 632 284 682 580
299 621 357 682 Sed
381 622 514 699 quamvis
536 621 649 681 formae
671 638 832 699 numquam
850 620 923 683 mibi
945 624 1021 684 lama
1037 625 1120 703 petita
1138 630 1190 701 cst,

299 710 437 781 Quamvis
460 709 547 770 fortis
569 726 672 790 eram,
691 710 837 770 formosae
860 727 968 773 nomen
991 711 1136 774 habebam.

297 798 360 859 Nec
382 816 447 858 mea
469 815 517 858 me
540 798 630 858 facies
652 799 777 860 nimium
799 796 915 860 laudata
937 800 1068 880 iuvabat3

299 887 421 966 Ouaque
445 885 517 946 aliae
540 885 669 964 gaudere
693 885 811 968 solent,
834 904 889 965 ego
912 890 1024 949 rustica
1045 888 1107 948 dote

298 974 438 1054 Corporis
461 973 590 1054 erubui,
614 976 787 1053 crimenque
809 973 926 1055 placere
950 979 1065 1056 putavi.

232 1073 282 1124 tta
298 1063 388 1124 Lassa
409 1061 601 1143 revertebar,
624 1065 766 1142 memini,
791 1062 990 1143 Stymphalide
1012 1065 1096 1127 silva:

298 1153 405 1213 Aestus
429 1159 514 1232 erat,
537 1168 735 1229 magnumque
757 1150 841 1212 labor
863 1154 1062 1231 geminaverat
1082 1158 1188 1212 aestum.

297 1240 417 1301 Invenio
437 1241 501 1300 sine
523 1241 635 1300 vertice
659 1257 771 1319 aquas,
793 1241 858 1301 sinc
881 1258 1035 1303 murmure
1056 1249 1160 1318 euntes,

297 1327 473 1408 Perspicuas
496 1327 532 1388 ad
555 1328 700 1409 humum,
722 1345 777 1407 per
800 1345 873 1407 quas
895 1328 1084 1391 numerabilis
1104 1327 1150 1388 ato

235 1472 242 1486 s
298 1414 435 1478 Calculus
457 1417 553 1477 omnis
576 1425 662 1497 erat,
685 1433 758 1494 quas
780 1425 813 1477 tu
836 1418 884 1477 vix
906 1419 950 1477 ire
972 1426 1105 1497 putares.

232 1515 283 1565 tec
298 1504 375 1566 Cana
398 1503 499 1566 salicta
522 1503 632 1566 dabant
654 1507 824 1582 nutritaque
846 1505 976 1584 populus
990 1508 1068 1568 unda

298 1592 410 1672 Sponte
433 1610 487 1654 sua
509 1602 593 1653 natas
614 1594 689 1673 ripis
712 1591 873 1655 declivibus
893 1592 1026 1655 unrbras.

297 1683 439 1763 Accessi,
461 1683 651 1761 primumque
672 1680 758 1761 pedis
779 1682 902 1760 vestigia
923 1683 1018 1763 tinxi,

297 1769 412 1849 Poplite
435 1769 541 1830 deinde
564 1777 675 1831 tenus:
698 1786 795 1848 neque
817 1787 853 1830 eo
876 1777 1037 1852 contenta,
1059 1769 1187 1846 recingor,

297 1858 452 1938 Molliaque
475 1861 585 1937 inpono
609 1856 691 1918 salici
713 1857 856 1918 velamina
879 1875 1005 1940 curvae,

232 1956 283 2006 seo
297 1945 442 2025 Nudaque
464 1964 583 2025 mergor
606 1948 712 2026 aquis.
740 1964 814 2024 quas
837 1946 906 2007 durn
921 1947 1056 2027 serioque
1069 1944 1185 2021 trahoque

297 2034 375 2096 blille
398 2035 493 2096 modis
515 2033 844 2116 labens‚·excussaquc
866 2033 1004 2096 bracchia
1025 2037 1112 2115 iacto,

297 2122 404 2183 Nescio
423 2122 501 2201 quod
524 2122 621 2183 medio
645 2124 725 2183 sensi
748 2121 803 2183 sub
826 2124 942 2201 gurgite
966 2138 1112 2203 murmur,

297 2209 473 2290 Territaque
495 2212 600 2272 insisto
623 2212 773 2290 propioris
795 2213 928 2289 margine
950 2213 1050 2290 ripae.

299 2295 413 2371 ““Quo
435 2317 600 2379 properas,
623 2298 770 2359 Arethusa
782 2293 811 2358 ‘l’
835 2301 896 2359 suis
911 2297 1042 2379 Alpheus
1059 2297 1093 2360 ab
1105 2293 1184 2369 undis,

298 2477 383 2538 Sicut
405 2493 486 2537 eram
498 2524 507 2557 ,
530 2475 612 2554 fugio
635 2477 700 2536 sine
722 2473 873 2536 vestibus:
894 2474 986 2536 altera
1009 2483 1102 2537 vestes

298 2564 373 2644 Ripa
394 2581 475 2625 meas
498 2561 624 2625 babuit.
649 2571 732 2624 tanto
755 2564 848 2643 magis
869 2565 961 2624 instat
982 2571 1015 2625 et
1036 2563 1127 2642 ardet,

298 2652 337 2714 Et
360 2654 427 2731 qula
450 2651 528 2713 nuda
551 2653 616 2733 lui,
640 2669 706 2713 sum
728 2653 791 2712 visa
812 2653 943 2730 paratior
965 2650 1026 2713 illi.

299 2741 349 2802 Sic
371 2758 426 2819 ego
450 2738 629 2820 currebam,
652 2741 695 2801 sic
717 2757 765 2800 me
788 2740 871 2800 ierus
892 2738 941 2800 ille
964 2739 1126 2820 premebat,

232 2839 284 2892 ooo
298 2829 337 2891 Ut
359 2829 463 2907 sugere
486 2831 657 2909 accipitrem
679 2845 776 2909 penna
798 2828 965 2907 trepidante
988 2827 1144 2904 columbae,

297 2916 337 2979 Ut
360 2917 435 2978 solet
457 2919 598 2998 accipiter
621 2916 751 2996 trepidas
775 2933 903 2995 urguere
925 2915 1089 2977 columbas.

298 3005 398 3084 Usque
421 3005 477 3066 sub
501 3005 708 3066 Orchomenon
731 3002 937 3084 Psophidaque
960 3003 1144 3084 Cyllenenque

298 3093 514 3173 Maenaliosque
537 3095 621 3156 sinus
644 3092 832 3172 gelidumque
855 3091 1056 3171 Erymanthon
1077 3099 1104 3151 ct
1121 3085 1171 3147 lio

299 3181 427 3244 Currere
451 3184 601 3263 sustinul;
624 3199 681 3243 nee
703 3198 751 3243 me
773 3180 904 3241 velocior
924 3180 992 3242 ille.

231 3270 357 3333 closed
380 3269 510 3332 tolerare
532 3271 582 3331 diu
606 3287 713 3331 eversus
736 3286 814 3350 ego,
835 3267 949 3330 viribus
971 3271 1073 3349 inpar,

298 3358 363 3419 Non
386 3367 543 3440 poteram:
565 3359 646 3437 longi
668 3359 785 3437 patiens
808 3366 872 3419 erat
893 3356 942 3418 illc
965 3356 1087 3417 laboris.

297 3447 356 3507 Per
379 3455 477 3508 tamen
500 3454 531 3507 et
553 3463 694 3526 campos,
717 3463 772 3525 per
794 3452 914 3525 opertos
938 3444 1042 3528 arbore
1063 3446 1171 3516 montes,

298 3533 373 3594 Saxa
397 3552 515 3615 quoque
540 3543 570 3596 et
591 3551 683 3614 rupes
706 3542 737 3595 et
759 3551 817 3614 qua
840 3535 885 3594 via
908 3532 989 3594 nulla
1001 3580 1011 3614 ,
1034 3528 1150 3592 cucurri.
