2467 4042
397 244 425 317 I,
442 242 479 316 1,
495 242 640 318 art-3,
660 243 710 304 15.

124 397 218 458 hiens
233 396 324 455 Bona
339 396 466 456 ducetur
480 396 622 456 manibus
638 403 711 471 post
727 404 811 473 terga
827 398 950 460 retortis

168 480 210 540 Et
224 480 330 540 Pudor
350 486 381 539 et
397 480 508 541 castris
529 480 679 556 quidquid
694 479 819 541 Arnoris
835 482 934 542 obest.

126 564 239 624 Omnia
255 570 286 623 te
303 570 447 627 metuent.
476 564 519 624 ad
532 571 562 625 te
579 582 636 631 sua
651 563 795 625 bracchia
811 568 943 628 tendens

168 650 292 723 Volgus
307 646 364 707 ‘io'
382 664 494 723 magna
510 665 589 710 voce
607 649 795 724 ‘Triumphe’
810 657 908 712 canet.

72 741 111 795 36
122 732 300 794 Blanditiae
317 733 445 792 comites
460 731 515 792 tibi
533 741 620 793 erunt
634 733 789 808 Errorque
803 733 978 811 Furorque,

167 816 314 877 Adsidue
332 823 437 892 partes
451 817 542 877 turba
558 824 665 877 secuta
679 822 760 877 tuas.

123 901 184 961 His
200 908 234 960 tu
250 900 398 962 militibus
414 917 546 977 superas
561 900 765 976 hominesque
781 903 932 977 deosque.

168 985 257 1044 Haec
274 984 327 1043 tibi
343 983 370 1044 si
385 984 493 1045 demas
508 986 687 1057 commoda,
711 986 813 1046 nudus
832 987 904 1047 eris.

123 1070 222 1128 Laeta
238 1068 439 1144 triumphanti
454 1068 493 1128 de
510 1086 629 1131 summo
644 1075 742 1129 mater
756 1071 884 1146 olympo

77 1161 116 1214 40
171 1153 318 1229 Plaudet,
340 1160 372 1212 et
384 1153 544 1228 adpositas
562 1160 690 1229 sparget
702 1151 734 1212 in
751 1169 803 1216 ora
819 1169 921 1218 rosas.

121 1237 170 1297 Tu
184 1235 299 1312 pinnas
316 1253 452 1311 gemma,
476 1253 597 1313 gemma
611 1237 750 1298 variante
766 1239 896 1314 capillos

168 1321 232 1381 Ibis
245 1322 276 1381 in
292 1322 409 1382 auratis
425 1337 536 1382 aureus
551 1322 620 1397 ipse
638 1320 724 1381 rotis.

120 1405 210 1465 Tunc
228 1421 355 1480 quoque
377 1420 438 1464 non
456 1422 591 1480 paucos,
615 1406 642 1465 si
658 1411 688 1465 te
703 1405 783 1465 bene
800 1405 961 1485 novimus,
981 1426 1053 1469 ures

165 1491 253 1549 Tunc
272 1505 400 1565 quoque
416 1491 606 1564 praeteriens
623 1490 750 1550 vulnera
766 1493 861 1551 multa
876 1491 975 1556 dabis.

77 1583 112 1636 lo
124 1573 195 1633 Non
211 1579 361 1649 possunt,
384 1573 457 1634 licet
471 1573 540 1649 ipse
556 1574 651 1647 velis,
675 1589 801 1634 cessare
815 1576 961 1651 sagittam

165 1658 304 1720 Fervida
318 1658 421 1718 vicino
438 1656 563 1719 flamma
578 1674 698 1735 vapore
713 1666 814 1719 nocet.

117 1745 203 1804 Talis
222 1750 290 1804 erat
305 1741 423 1804 domita
441 1741 583 1804 Bacchus
602 1743 774 1819 Gangetide
787 1749 878 1803 terra.

164 1829 211 1888 Tu
227 1827 336 1904 gravis
351 1825 491 1901 alitibus,
513 1827 644 1903 tigribus
662 1826 713 1885 ille
732 1828 796 1887 tuit.

116 1914 203 1989 Ergo
222 1928 293 1972 curn
311 1908 433 1986 possim
450 1911 530 1970 sacri
549 1927 622 1987 pars
642 1926 715 1971 esse
729 1912 887 1988 triumphi,

73 2008 109 2060 5⁰
163 1998 264 2056 Parce
280 2003 350 2056 tuas
366 1996 398 2055 in
415 2010 463 2054 me
479 1997 626 2071 perdere,
648 1994 762 2070 victor,
785 2012 872 2070 opes,

116 2082 242 2158 Aspice
257 2077 382 2157 cognati
397 2079 499 2140 lelicia
514 2079 656 2140 caesaris
674 2096 773 2138 arma:

162 2166 234 2240 Qua
251 2164 339 2240 vicit,
360 2164 460 2224 victos
476 2164 611 2239 protegit
626 2165 676 2225 ille
694 2180 796 2224 manu.

57 2300 83 2393 3
115 2300 211 2395 lustu
225 2349 349 2409 precor.
384 2347 465 2407 quae
485 2347 536 2392 me
550 2347 648 2407 nuper
666 2333 816 2408 praedata
831 2336 938 2407 puella
954 2345 1016 2408 est,

161 2419 229 2479 Aut
245 2424 341 2493 amet,
365 2425 420 2477 aut
437 2415 543 2490 iaciat,
566 2431 621 2475 cur
638 2432 697 2492 ego
714 2432 838 2492 semper
853 2434 963 2478 amem.

115 2506 164 2577 A,
180 2502 310 2563 nimium
327 2501 429 2561 volui!
452 2506 570 2561 tantum
584 2501 718 2575 patiatur
734 2501 846 2561 amari=

161 2585 307 2647 Audierit
328 2592 453 2645 nostras
474 2588 520 2644 tot
537 2584 690 2660 Cytherea
706 2600 825 2660 preces.

87 2672 256 2746 oAccipe,
278 2685 336 2745 per
349 2671 463 2743 longos
479 2667 535 2728 tibi
550 2667 601 2742 qui
620 2669 778 2729 deserviat
792 2684 907 2729 ann0s=

160 2755 297 2829 Accipe,
323 2753 377 2829 qui
393 2768 471 2830 pura
484 2752 565 2812 norit
579 2769 683 2812 amare
699 2753 770 2812 tide.

117 2838 154 2900 Si
172 2855 224 2899 me
240 2854 304 2899 non
319 2844 459 2901 veterum
475 2837 692 2897 commendant
705 2853 818 2911 magna
835 2847 996 2914 parentum

161 2923 309 2997 Nomina,
333 2921 360 2982 si
376 2920 474 2982 nostri
490 2921 650 2997 sanguinis
666 2928 773 2981 auctor
791 2937 904 2998 equeS,

114 3008 182 3068 Nec
199 3023 290 3069 meus
307 3004 477 3067 innumeris
491 3012 661 3067 renovatur
678 3021 807 3081 campus
824 3006 949 3080 aratris,

74 3104 108 3155 lo
164 3093 332 3167 Temperat
348 3097 380 3150 et
394 3095 534 3164 sumptus
550 3105 666 3166 parcus
681 3098 811 3165 uterque
830 3106 959 3167 parens:

114 3179 158 3237 At
173 3175 322 3237 Phoebus
338 3175 530 3249 comitesque
547 3190 662 3234 novem
677 3173 813 3249 vitisque
832 3181 971 3250 repertor

157 3261 241 3321 Hinc
260 3259 388 3321 fuciunt.
413 3265 455 3337 ‚qt
463 3274 513 3321 me
529 3259 581 3334 qui
595 3258 650 3320 tibi
666 3260 775 3332 donat,
795 3260 909 3329 Amor,
944 3254 1002 3337 ,φῖ

113 3347 153 3406 Et
169 3344 248 3407 nulli
266 3360 397 3406 cessura
411 3343 507 3415 tides,
531 3343 599 3403 sinc
614 3340 742 3403 crimine
759 3359 880 3415 mores,
937 3338 949 3357 ²

155 3429 315 3505 Nudaque
331 3427 512 3504 simplicitas
527 3441 766 3505 purpureusque
782 3427 893 3502 pudor.

71 3515 187 3580 15Non
206 3512 284 3574 mihi
302 3513 386 3574 mille
401 3514 532 3588 placent.
564 3529 627 3573 non
644 3528 712 3571 sum
727 3511 866 3572 desultor
882 3509 1014 3571 amorisr

875 3598 911 3654 l*
