2467 4042
455 200 511 272 ni,
530 205 689 258 658-726.
815 219 886 257 mans
1015 199 1079 266 198

52 381 119 435 ano
137 370 194 433 Et
214 368 314 450 regale
338 369 453 430 decus:
475 384 625 446 numaque
647 367 770 429 latrator
792 365 923 448 Anubis,

139 459 322 538 Sanctaque
345 455 506 538 Bubastis,
529 457 688 535 variusque
712 455 862 517 coloribus
879 455 968 539 Apis,

139 548 272 628 Quique
294 548 405 627 premit
427 562 530 606 uocem
553 543 707 624 digitoque
729 545 846 606 silentia
868 544 991 625 suadet3

141 636 310 715 Sistraquc
332 640 439 716 erant,
461 650 683 712 numquamque
706 635 777 695 satis
800 634 953 714 quaesitus
966 631 1080 714 Osiris,

138 724 304 803 Plenaque
327 722 496 784 somniferis
519 737 644 803 serpens
666 722 824 802 peregrim
845 724 986 784 venenis.

54 825 121 878 een
140 813 233 875 Tum
255 810 337 874 velut
359 828 513 873 excussam
536 826 640 871 somno
664 817 695 871 et
716 810 873 872 manifesta
894 809 1044 873 videntem

143 902 203 964 Sic
229 901 315 963 adata
337 899 392 962 dea
415 894 587 980 est:'‘pars
609 916 628 959 ο
651 897 812 961 Telethusa
834 916 986 982 nemum,

141 990 238 1052 Pone
260 1006 364 1069 graves
387 1005 498 1071 curas,
520 987 716 1067 mandataque
739 986 806 1048 falle
829 989 945 1050 mariti.

143 1078 218 1140 Nec
242 1076 360 1139 dubites
372 1123 382 1160 ,
406 1094 474 1138 cum
497 1083 527 1138 te
549 1083 638 1156 partu
660 1075 773 1138 Lucina
794 1075 916 1159 levarit,

144 1165 273 1229 Tollere
296 1165 436 1246 quicquid
460 1165 538 1227 erit.
566 1164 622 1225 dea
644 1182 710 1227 sum
733 1164 883 1227 auxilians
906 1182 1052 1246 opemque

63 1267 131 1320 'too
148 1254 287 1318 Exorata
308 1254 396 1316 iero.
423 1271 480 1315 nec
502 1260 533 1315 ts
557 1251 685 1316 coluisse
708 1255 844 1333 qreraris
919 1278 921 1281 ·

146 1344 308 1423 lnffatum
330 1360 442 1404 numen
451 1336 471 1404 .'
494 1343 633 1424 monuit,
655 1341 842 1422 thalamoque
865 1344 1008 1405 recessit.

146 1432 249 1494 Laeta
269 1438 336 1493 toro
359 1433 476 1513 surgit,
498 1448 650 1511 purasque
673 1430 710 1494 ad
733 1431 831 1493 sidera
854 1429 978 1512 supplex

147 1520 264 1583 Cressa
284 1537 391 1581 manus
413 1518 520 1582 tollens
532 1565 542 1602 ,
565 1527 629 1581 rata
657 1521 718 1581 sint
744 1536 798 1582 sua
820 1521 899 1602 visa,
921 1527 1078 1599 precatur.
1210 1536 1223 1561 ·

146 1609 194 1672 Ut
219 1607 302 1669 dolor
323 1610 450 1670 increvit
461 1654 472 1690 ,
494 1625 588 1687 seque
609 1609 710 1688 ipsum
730 1608 849 1689 pondus
871 1610 904 1669 ln
926 1623 1013 1669 auras

68 1711 131 1763 ann
147 1696 300 1779 Expulit,
322 1705 354 1758 et
375 1704 446 1758 nata
468 1703 516 1758 est
536 1698 641 1775 ignaro
664 1698 774 1758 femina
795 1704 898 1779 patre,

147 1787 249 1849 lussit
271 1784 309 1846 ali
330 1803 459 1865 puerum
480 1792 576 1846 mater
598 1787 744 1848 mentita.
771 1785 920 1865 iidemque

147 1875 217 1937 Res
238 1872 342 1935 habuit
353 1920 363 1955 ,
385 1891 483 1955 neque
507 1881 570 1934 erat
592 1873 655 1935 ficti
676 1874 736 1936 nisi
747 1920 757 1956 ,
780 1876 920 1955 conscia,
943 1874 1061 1936 nutrix.

146 1962 230 2024 Vota
251 1969 336 2043 pater
358 1962 446 2024 solvit
456 2009 467 2043 ‚
490 1979 659 2040 nomenque
681 1964 798 2044 inponlt
819 1965 948 2025 avitum:

148 2049 238 2133 lphis
260 2067 331 2112 arus
354 2050 473 2112 luerat.
501 2052 600 2130 gavlsa
623 2057 670 2112 est
691 2053 811 2113 nomine
834 2059 947 2134 mater,

72 2153 135 2205 ‘110
151 2138 243 2212 Quod
265 2156 422 2201 commune
444 2138 545 2221 leret,
567 2155 605 2199 ne
630 2156 808 2219 quemquam
830 2140 946 2201 lalleret
968 2138 1035 2201 ille.

85 2276 94 2291 .
150 2229 333 2308 lnpereepta
353 2230 403 2308 pia
425 2226 579 2288 mendacia
601 2226 707 2289 fraude
729 2226 876 2290 latebant.

153 2315 262 2379 Cultus
284 2323 350 2378 erat
369 2317 481 2397 pueri;
499 2316 613 2398 iacies,
636 2333 726 2396 quam
748 2318 811 2378 sive
832 2315 970 2399 puellae,

153 2404 225 2466 Sive
248 2404 334 2467 dares
356 2421 452 2484 puero
464 2451 474 2484 ,
497 2403 596 2465 luerat
618 2403 767 2467 formosus
791 2412 936 2485 uterque.

153 2492 278 2555 Tertius
301 2494 416 2555 lnterea
439 2491 555 2554 decimo
580 2502 767 2555 successerat
789 2510 903 2555 annus:

76 2595 138 2647 tan
153 2581 232 2644 Cum
253 2589 361 2663 pater,
383 2580 471 2662 lphl,
494 2579 549 2643 tihl
571 2579 675 2643 flavam
699 2581 864 2663 despondet
885 2580 1029 2663 lanthcn,

152 2670 238 2733 lnter
260 2668 451 2732 Phaestiadas
473 2686 550 2749 qnae
572 2668 775 2732 laudatissima
797 2670 910 2732 formae

152 2758 231 2821 Doto
252 2759 311 2820 fuit
331 2761 438 2841 virgo,
459 2756 580 2819 Dictaeo
603 2766 672 2820 nata
694 2758 830 2821 Teleste.

152 2847 213 2909 Par
235 2855 338 2930 aetas,
360 2864 415 2927 par
437 2847 532 2908 forma
555 2847 634 2930 luit,
656 2849 999 2928 primasqnemaglstrls

153 2936 305 3017 Accepere
329 2943 432 3017 artes,
454 2934 601 2998 elementa
624 2938 751 3020 aetatis,
774 2936 810 2998 ah
833 2937 945 2999 isdem.

80 3037 139 3089 ant)
151 3023 231 3087 llinc
252 3041 336 3086 amor
359 3023 512 3086 ambarum
534 3026 634 3103 tetigit
655 3024 729 3087 rude
748 3033 876 3107 pectus,
899 3033 930 3087 et
951 3041 1079 3104 aequum

152 3111 268 3175 l'ulnus
291 3114 412 3191 utrique
434 3111 537 3174 dedit.
565 3112 618 3174 sed
643 3122 707 3175 erat
729 3114 837 3176 fiducia
859 3114 977 3194 dispar:

154 3201 333 3282 Coniugium
355 3208 518 3281 pactaeque
542 3210 695 3282 exspectat
715 3210 851 3282 tempora
874 3201 995 3282 taedae,

153 3291 309 3370 Quamque
331 3292 429 3351 virum
450 3297 537 3370 putat
554 3307 644 3374 esse,
666 3309 754 3353 suum
773 3292 837 3353 lore
852 3290 947 3352 credit
960 3289 1080 3370 lanthe3

153 3378 236 3460 lphis
259 3386 338 3441 amat
350 3425 359 3461 ,
381 3395 440 3458 qua
462 3395 550 3459 posse
573 3379 634 3440 frui
656 3379 817 3462 desperat,
840 3386 872 3440 et
893 3385 982 3459 anget

85 3479 139 3531 m
154 3466 219 3530 linc
240 3469 340 3549 ipsum
362 3466 494 3529 flammas
506 3512 516 3549 ,
539 3466 683 3546 ardetque
706 3470 737 3530 ln
760 3468 874 3547 virgine
897 3470 998 3548 virg03

152 3554 268 3637 Vixque
286 3565 392 3619 tenens
411 3555 547 3618 lacrimas
566 3550 647 3636 ‘quis
660 3574 708 3618 me
722 3564 822 3618 manet
836 3559 933 3619 exitus
941 3551 962 3639 ,'
980 3556 1079 3634 lnquit

116 3665 206 3710 orm.
219 3665 260 3709 n.
342 3691 344 3695 -
829 3660 863 3710 tt
