2467 4042
418 215 439 266 1.
459 227 518 267 vm
531 217 625 267 ll-rr
638 216 663 267 8.
982 215 1052 277 141’

126 377 206 441 Haec
228 377 301 440 mibi
319 376 410 439 verba
433 376 526 438 malae
549 379 724 439 minuerunt
745 375 841 438 taedia
863 377 957 439 vitae.

172 466 253 539 Quae
277 473 311 528 tu
333 484 372 527 ne
395 467 508 527 luerint
520 513 528 547 ,
551 466 700 547 Maxime,
723 481 818 546 vana,
840 483 929 527 cavo.
954 500 958 509 ·

126 553 192 616 Huc
216 571 335 635 quoque
357 563 517 616 venturum
540 554 612 615 mihi
635 571 667 615 se
689 556 789 615 iurare
812 552 952 635 volebat,

170 641 236 704 Non
260 644 318 704 nisi
341 650 372 703 te
395 642 500 722 longae
522 645 570 703 ius
593 640 650 703 sibi
672 642 761 703 dante
784 643 865 703 viae.

78 743 113 793 ao
127 731 201 793 Nam
224 739 275 792 tua
298 748 358 791 non
381 731 438 792 alio
461 730 553 792 coluit
575 729 739 809 penetralia
760 732 839 810 ritu,
1002 741 1046 795 1⁸²)

172 818 334 880 Terrarum
357 818 492 879 dominos
516 836 604 898 quam
628 818 701 881 colis
723 821 788 898 ipse
810 818 899 879 deos.

127 906 222 969 Crede
245 906 340 987 mihi,
363 906 474 968 multos
496 906 605 968 habeas
629 924 698 969 oum
719 906 828 985 dignus
851 909 980 989 amicos,

170 994 236 1057 Non
259 996 316 1057 init
338 1013 355 1055 e
379 994 480 1056 multis
504 994 637 1074 quolibet
659 994 709 1056 ille
732 997 847 1057 minor.

127 1083 160 1144 Si
182 1083 270 1145 modo
293 1102 353 1145 non
376 1100 485 1144 census
508 1101 564 1145 nco
588 1083 701 1144 clarum
724 1100 833 1144 nomen
856 1099 996 1164 erorum,

78 1182 113 1234 40
173 1171 231 1234 Sed
254 1170 389 1251 probitas
412 1188 534 1250 magnos
557 1173 768 1252 ingeniumque
791 1172 880 1235 lacit.

126 1258 195 1321 lure
218 1261 310 1338 igitur
333 1259 469 1321 lacrimas
492 1258 578 1321 Celso
601 1258 728 1321 libamus
750 1260 905 1342 adempto,

172 1347 246 1408 Cum
269 1349 426 1428 sugerem,
449 1349 515 1409 viro
538 1366 611 1426 quas
635 1347 717 1409 dedit
738 1347 787 1409 ille
810 1349 900 1410 mihi:

128 1434 265 1496 Carmina
288 1438 354 1496 iure
378 1435 481 1497 damus
503 1453 588 1497 raros
611 1438 752 1498 testantia
773 1454 890 1518 mores,

172 1522 210 1584 Ut
233 1530 283 1584 tua
306 1525 425 1584 venturi
448 1526 587 1605 nomina,
612 1524 718 1606 Celso,
741 1524 857 1604 legant.

79 1610 193 1674 tollae
215 1618 283 1691 est,
307 1611 385 1690 quod
409 1615 521 1690 possim
544 1612 657 1674 Geticis
679 1612 734 1673 tibi
751 1615 870 1674 mittere
894 1611 929 1674 ab
953 1614 1048 1675 arvis:

171 1698 234 1760 Hoc
257 1699 355 1761 solum
378 1709 443 1779 est,
469 1703 537 1761 istic
561 1701 641 1780 quod
663 1699 758 1781 liquet
781 1719 847 1762 esse
870 1719 988 1762 meum.

126 1788 243 1850 Funera
265 1806 326 1850 non
348 1790 433 1868 potui
456 1791 597 1850 comitare
609 1836 618 1870 ,
642 1807 698 1851 nec
721 1807 833 1870 ungere
857 1807 983 1870 corpus:

171 1875 254 1956 Aque
277 1878 337 1937 tuis
360 1885 423 1937 toto
446 1876 562 1938 dividor
585 1876 659 1938 orbe
681 1881 780 1957 rogis.

129 1964 187 2036 Qui
209 1966 328 2044 potuit,
352 1982 441 2044 quem
464 1972 498 2026 tu
521 1984 576 2045 pro
599 1968 722 2027 numine
745 1969 828 2028 vivus
850 1964 980 2028 habebas
988 2012 998 2045 ,
1051 1995 1055 2002 ·

79 2065 112 2115 50
171 2052 324 2130 Praestitit
345 2053 479 2116 officium
501 2053 645 2115 Maximus
668 2072 756 2116 omne
779 2053 850 2117 tibi.

127 2139 179 2202 llle
202 2141 257 2202 tibi
279 2144 421 2221 exequias
444 2149 474 2203 et
497 2145 596 2222 magni
618 2144 709 2205 sunus
732 2143 854 2204 honoris

172 2229 277 2311 Fecit,
301 2237 332 2291 et
353 2232 384 2290 in
408 2229 521 2310 gelidos
543 2234 638 2293 versit
659 2249 774 2293 amoma
796 2234 897 2311 sinus,

129 2316 220 2380 Diluit
241 2325 273 2379 et
294 2317 425 2379 lacrimis
447 2336 584 2380 maerens
607 2328 757 2399 unguenta
780 2320 928 2401 profusis,

172 2405 306 2484 Ossaque
330 2408 425 2468 vicina
449 2407 567 2468 condita
590 2410 665 2469 texit
687 2406 795 2470 humo.

80 2506 113 2555 ot
128 2493 185 2564 Qui
208 2496 348 2573 quoniam
371 2496 511 2558 extinctis
534 2513 610 2575 quae
634 2494 744 2579 debet,
774 2504 905 2577 praestat
928 2497 1048 2579 amicis,

171 2581 210 2643 Et
233 2598 288 2644 nos
310 2584 449 2646 extinctis
472 2583 668 2646 adnumerare
690 2593 806 2666 potest.

521 2778 564 2853 X.

126 2933 203 2997 Naso
219 2953 282 2997 ,suo
304 2938 450 3017 profugus
473 2939 565 2999 mittit
587 2938 665 3020 tibi,
687 2938 816 3020 Flacco,
838 2938 982 2999 salutem:
1006 2949 1048 3000 ³³³>

170 3023 288 3084 Mittere
311 3041 376 3085 rem
401 3027 518 3104 siquis,
541 3043 599 3105 qua
623 3034 706 3089 caret
726 3029 814 3106 ipse,
835 3032 953 3104 potest.

126 3107 247 3189 Longus
270 3112 350 3171 enim
373 3114 455 3174 curis
477 3113 613 3174 vitiatum
635 3130 745 3192 corpus
769 3114 876 3174 amaris

170 3197 236 3259 Non
259 3200 371 3278 patitur
394 3201 473 3260 vires
495 3198 620 3279 languor
643 3200 754 3262 habere
776 3218 864 3264 suas.

100 3285 193 3347 cNec
215 3286 301 3348 dolor
323 3286 403 3348 ullus
425 3286 531 3369 adest,
552 3306 609 3350 nec
632 3287 767 3351 febribus
789 3306 862 3351 uror
884 3287 1016 3370 anhelis,

170 3374 209 3435 Et
230 3376 346 3455 peragit
368 3375 448 3438 soliti
470 3393 544 3437 vena
567 3378 681 3439 tenoris
704 3379 778 3440 iter.

126 3462 167 3524 Os
190 3463 283 3524 hebes
307 3471 375 3545 est,
396 3466 570 3545 positaeque
594 3474 714 3528 movent
736 3466 852 3527 fastidia
874 3483 1011 3548 mensae,

169 3550 208 3613 Et
230 3570 363 3634 queror,
386 3555 474 3615 invisi
497 3572 566 3615 oum
588 3558 670 3617 venit
692 3554 766 3616 hora
788 3554 865 3617 cibi.
