2467 4042
157 239 200 304 32
570 242 745 294 TRISTIUM

244 403 376 465 Plurima
399 402 566 466 mulcendis
589 404 712 467 auribus
735 412 802 484 apta
825 405 945 468 ierens:

246 494 354 554 Accius
378 500 458 553 esset
480 499 586 573 atrox,
610 495 731 554 conviva
754 493 914 555 Terentius
937 501 1040 575 esset,

179 579 355 643 attulissent
375 596 547 661 pugnaces,
572 583 624 659 qui
646 580 709 641 iera
732 578 809 642 belia
831 590 959 643 canunt.

245 668 380 748 Denique
404 670 559 747 composui
581 677 702 729 teneros
725 686 785 730 non
808 669 889 730 solus
912 687 1046 734 amores:

134 771 137 778 *
246 755 417 836 Composito
439 774 551 837 poenas
573 755 656 817 solus
679 773 780 818 amoro
802 756 887 819 dedi.

246 844 346 926 Quid,
370 846 428 905 nisi
451 862 520 905 cum
543 843 637 905 multo
659 843 804 906 Venerem
828 844 1023 930 coniundore
1033 849 1103 909 vino

246 932 403 1011 Praecepit
425 931 510 1012 lyrici
532 932 603 993 Teia
627 932 710 993 Musa
729 930 841 995 senis?

180 1033 232 1083 365
246 1019 353 1081 Lesbia
376 1019 447 1099 qnid
470 1020 572 1081 docuit
595 1020 736 1102 Sappho,
760 1022 817 1082 nisi
841 1037 961 1103 amare,
984 1022 1130 1102 puellas?

245 1108 321 1171 Tuta
344 1115 443 1170 tamen
467 1107 607 1190 Sappho,
631 1117 714 1170 tutus
738 1116 768 1170 et
791 1108 840 1170 ille
863 1110 936 1172 iuit.

245 1195 307 1258 Nec
331 1196 408 1276 tibi,
431 1196 587 1276 Battiade,
609 1198 735 1277 nocuit,
758 1197 837 1276 quod
862 1214 950 1277 saepe
973 1198 1083 1277 legenti

245 1283 372 1346 [ieiicias
395 1302 483 1344 versu
507 1285 605 1346 iassus
628 1303 662 1345 es
684 1287 749 1364 ipse
772 1293 856 1346 tuas.

246 1371 356 1434 Fabula
378 1371 502 1433 iucundi
524 1371 604 1434 nulia
627 1380 674 1433 est
697 1376 762 1434 sine
785 1391 884 1434 amore
907 1372 1079 1456 Menandri,

180 1474 231 1523 3⁷0
245 1460 283 1522 Et
306 1460 381 1522 solet
403 1460 454 1522 hic
476 1463 579 1540 pueris
601 1460 825 1540 virginibusque
848 1460 923 1541 legi.

246 1548 315 1609 ilias
337 1551 400 1629 ipsa
424 1548 496 1628 quid
520 1557 565 1610 est
588 1548 667 1610 aliud
691 1551 749 1610 nisi
771 1548 921 1629 adultera,
944 1549 981 1610 de
1005 1567 1062 1630 qua

246 1636 329 1697 Inter
352 1644 513 1698 amatorem
535 1655 634 1717 pugna
657 1640 812 1716 virumque
836 1634 918 1699 init?

247 1724 323 1795 Quid
346 1727 431 1805 prius
454 1733 500 1787 est
522 1725 565 1786 illi
586 1725 703 1787 damma
725 1725 876 1787 Briseidos
898 1734 992 1806 utque

246 1811 365 1875 Fecerit
385 1816 478 1874 iratos
501 1821 583 1893 rapta
606 1813 704 1894 puelia
727 1810 845 1875 duces?

180 1914 231 1962 375
247 1902 305 1962 dut
324 1901 394 1981 quid
419 1900 548 1980 Odyssea
573 1911 619 1962 est
650 1904 708 1963 nisi
727 1902 835 1963 iemina
866 1911 991 1982 propter
1017 1919 1175 1989 amorem,

248 1988 325 2050 Dum
347 1992 392 2050 vir
415 1988 521 2071 abest,
543 1989 646 2051 moitis
668 2007 727 2051 una
750 1991 842 2069 petita
865 1986 963 2051 viris?

246 2077 320 2148 Quis
342 2080 401 2139 nisi
423 2076 591 2139 Maeonides
614 2077 761 2139 Venerem
784 2077 968 2157 Martemque
995 2078 1100 2158 ligatos

247 2165 375 2245 Narrat,
397 2167 429 2226 in
452 2164 581 2226 obsceno
604 2184 730 2245 corpora
752 2183 860 2246 prensa
883 2162 976 2227 toro?

248 2252 355 2334 Unde,
379 2255 437 2315 nisi
459 2252 569 2314 indicio
592 2256 690 2333 magni
714 2256 858 2315 sciremus
881 2253 1024 2329 Homeri,

180 2353 232 2403 380
246 2341 378 2421 iiospitis
400 2344 468 2421 igne
492 2342 566 2404 duas
588 2342 747 2404 incaluisse
771 2339 868 2403 deas?

246 2428 340 2491 Omne
363 2448 457 2509 genus
480 2432 584 2510 scripti
606 2433 748 2509 gravitate
771 2430 922 2509 tragoedia
943 2430 1052 2494 vincit:

246 2517 326 2578 Haec
349 2536 468 2597 quoque
491 2520 643 2580 materiam
668 2536 785 2599 semper
808 2520 917 2579 amoris
939 2517 1045 2579 habet.

246 2605 409 2685 Numquid
427 2609 459 2666 in
473 2605 649 2687 Hippolyto,
667 2609 725 2667 nisi
743 2625 847 2668 caecae
866 2606 982 2667 iiamma
996 2606 1176 2670 novercae?

245 2692 359 2755 Nobilis
384 2703 430 2755 est
453 2693 566 2755 Canace
589 2694 690 2755 iratris
713 2712 813 2755 amore
836 2698 900 2756 sui.

181 2795 232 2844 385
247 2779 356 2852 Quid?
388 2800 448 2842 non
470 2782 662 2863 Tantalides,
685 2784 812 2861 agitante
836 2782 980 2863 Cupidine
1004 2799 1134 2864 currus,

247 2870 379 2930 Pisaeam
403 2869 538 2950 Phrygiis
560 2873 639 2931 verit
662 2870 794 2932 eburnus
818 2868 932 2949 equis?

247 2957 410 3037 Tingueret
432 2967 467 3019 ut
489 2959 603 3019 ierrum
627 2966 764 3020 natorum
787 2961 930 3038 sanguine
952 2966 1046 3020 mater
1057 3003 1067 3038 ,

247 3044 388 3108 Conditus
411 3064 428 3106 a
450 3045 528 3107 iaeso
552 3048 624 3108 iecit
646 3065 745 3108 amore
769 3047 871 3109 dolor.

247 3133 331 3212 Fecit
353 3152 436 3196 amor
458 3134 572 3197 subitas
595 3135 732 3197 volucres
755 3153 822 3196 cum
845 3134 957 3215 paelice
980 3151 1083 3213 regern

180 3234 232 3284 390
247 3223 388 3301 Quaeque
411 3241 499 3284 suum
521 3223 603 3303 luget
625 3241 705 3285 nunc
728 3241 847 3304 quoque
870 3231 964 3284 mater
985 3222 1070 3302 Ityn.

248 3310 280 3371 Si
303 3329 362 3372 non
385 3311 522 3391 Aeropen
544 3313 637 3373 irater
660 3311 823 3373 sceleratus
845 3319 989 3392 amasset,

247 3401 375 3461 aversos
399 3398 475 3460 Solis
498 3418 558 3462 non
581 3399 748 3479 legeremus
771 3418 881 3480 equos.

248 3486 339 3567 impia
363 3506 420 3548 nec
443 3491 571 3567 tragicos
594 3491 742 3567 tetigisset
765 3488 860 3569 Scylla
883 3487 1064 3565 cothurnos,

247 3575 282 3635 Ni
305 3578 435 3654 patrium
459 3579 571 3636 crinem
595 3575 779 3638 desecuisset
801 3594 901 3637 amor.
