2467 4042
175 239 239 306 272
358 261 465 299 munos
589 242 766 299 nummu.

262 405 326 489 ba,
349 425 478 490 precor,
495 407 565 470 huic
583 407 733 489 aliquem,
752 409 859 471 solacia
877 413 1004 491 mortis,
1022 409 1201 495 honoram,

263 495 384 558 Summe
407 496 496 559 deum
518 504 640 579 rector,
662 505 854 578 maternaque
877 500 1000 561 vulnera
1022 495 1119 561 leni?

197 596 249 646 ooo
262 584 395 665 luppiter
418 592 562 646 annuerat
574 633 584 667 ,
607 601 676 647 cum
697 585 863 648 Memnonis
886 588 997 649 arduus
1020 587 1083 650 alto

263 672 384 734 Corruit
405 675 478 757 igne,
497 691 610 755 rogus,
633 676 770 754 nigrique
789 675 938 736 volumina
960 678 974 738 l
1025 679 1033 691 “

263 760 396 822 lulecere
419 761 520 843 diem,
542 761 635 823 veluti
657 780 726 823 cum
748 762 871 825 flumina
893 772 975 825 natas

262 847 407 911 Exhalant
429 849 574 931 nebulas,
596 868 653 921 nec
676 850 908 914 soladmittitur
929 853 1026 914 inira.

263 938 333 999 Atra
356 937 451 1000 tavida
474 938 551 1000 volat
563 986 573 1020 ,
596 939 815 1019 glomerataque
839 958 949 1020 corpus
970 942 1003 1001 in
1026 958 1125 1002 unum

197 1025 433 1108 atellensem,
452 1027 617 1106 faciemque
641 1028 742 1107 capit,
765 1028 915 1108 'sumitque
939 1027 1071 1090 calorem

263 1115 360 1195 Atque
383 1116 509 1176 anlmam
532 1133 568 1176 ex
590 1118 674 1196 igui3
697 1115 800 1177 levitas
822 1134 876 1177 sua
898 1116 1037 1196 praebuit
1060 1116 1142 1179 alas:

262 1202 302 1265 Et
323 1206 418 1284 primo
442 1203 545 1264 similis
568 1203 683 1264 volucri
694 1251 704 1285 ,
726 1221 795 1266 mox
816 1222 887 1266 vera
908 1204 1195 1267 valeniacum.

263 1291 399 1353 Insonuit
420 1294 548 1374 pennis3
570 1293 684 1371 pariter
706 1309 834 1354 sonuere
857 1311 977 1355 sorores

263 1379 439 1441 Innumerae
451 1427 461 1461 ,
483 1379 592 1459 quihus
615 1387 662 1441 est
684 1379 786 1441 eadem
808 1380 914 1442 natalis
936 1384 1039 1461 origo.

197 1479 249 1529 o1o
263 1467 382 1548 Terque
405 1485 511 1547 rogum
532 1468 682 1550 lustrant,
706 1475 736 1529 et
759 1484 908 1531 consonus
931 1473 991 1532 exit
1014 1472 1046 1531 in
1070 1487 1163 1532 auras

263 1556 323 1618 Ter
346 1555 488 1635 clangor:
511 1564 617 1636 quarto
641 1555 788 1618 seducunt
811 1564 907 1619 castra
929 1557 1047 1620 volatu:

263 1644 341 1707 'lum
363 1645 422 1706 duo
445 1644 561 1706 diversa
581 1643 685 1725 populi
707 1644 744 1705 de
766 1653 851 1724 parte
873 1646 990 1707 seroces

264 1733 345 1794 Beda
367 1740 476 1812 gerunt
487 1780 497 1815 ‚
520 1734 687 1812 rostrisque
711 1741 741 1794 et
763 1733 886 1795 aduncis
908 1732 1060 1813 ungaribus
1085 1737 1145 1796 iras

263 1820 434 1903 Exercent,
457 1821 576 1901 alasque
599 1821 780 1900 adversaque
803 1829 924 1902 pectora
946 1823 1077 1903 lassant3

199 1921 250 1971 aas
265 1910 450 1989 inferiaeque
474 1909 584 1971 cadunt
606 1911 701 1971 cineri
723 1919 846 1989 cognata
870 1910 986 1990 sepulto

264 1998 395 2077 Corpora
407 2045 416 2079 ‚
440 2015 532 2077 seque
554 1999 618 2058 viro
641 1998 713 2058 forti
735 2000 896 2059 meminere
920 2006 1053 2059 creatas.

263 2085 457 2166 Praepetibus
480 2085 587 2147 subitis
609 2103 718 2151 nomen
741 2086 811 2147 lacit
833 2091 959 2148 auctor.
987 2086 1024 2147 ab
1048 2085 1100 2147 illo

263 2173 467 2236 Memnonides
490 2173 606 2255 dictae,
630 2191 698 2235 cum
721 2172 766 2234 sol
788 2174 923 2235 duodena
945 2177 1063 2254 peregit

265 2262 377 2345 Signa,
398 2263 544 2344 parentali
566 2263 728 2323 moriturae
751 2261 818 2323 luce
840 2261 1001 2323 rebellant.

108 2383 113 2391 ·
200 2349 343 2430 ttolirgo
366 2350 431 2412 aliis
453 2351 574 2413 latrasse
598 2348 771 2430 Dymantida
792 2349 889 2411 debile
910 2353 1025 2431 risum3

264 2438 408 2501 Luctibus
432 2447 478 2501 est
499 2439 614 2500 Aurora
638 2440 700 2499 suis
723 2441 837 2499 intenta
848 2485 858 2520 ‚
880 2441 1003 2519 piasque

265 2527 351 2589 Nunc
374 2545 491 2608 quoquo
515 2528 565 2589 dat
587 2525 723 2587 lacrimas
746 2535 776 2587 et
798 2533 861 2588 toto
884 2535 966 2588 rorat
987 2529 1018 2587 in
1042 2526 1133 2590 orbe.

309 2615 375 2677 Non
397 2624 496 2677 tamen
519 2632 654 2676 eversam
676 2614 782 2676 Troiae
806 2632 874 2676 cum
896 2614 1053 2677 moenibus
1075 2635 1142 2678 esse

267 2704 357 2786 Spem
380 2721 498 2784 quoque
522 2705 580 2765 lata
603 2705 726 2764 sinunt.
753 2720 837 2764 sacra
857 2709 912 2785 et,
935 2721 1017 2764 sacra
1041 2704 1150 2787 altera,

1071 2801 1182 2872 patrem

200 2890 251 2945 aas
266 2881 337 2944 Fert
359 2883 471 2944 umeris
483 2929 493 2962 ‚
516 2879 682 2942 venerablle
706 2897 805 2961 onus,
828 2878 1002 2960 Cythereius
1023 2878 1132 2942 berosi

266 2970 309 3032 lle
331 2973 421 3032 tantis
444 2969 550 3050 opibus
573 2968 712 3050 praedam
733 2970 802 3048 pius
825 2966 907 3047 eligit
928 2968 1008 3028 illam

266 3060 483 3137 Ascaniumque
511 3075 621 3138 suarm,
643 3056 827 3137 profugaque
855 3073 909 3136 per
935 3074 1065 3137 aequora
1093 3057 1180 3120 classe

266 3147 374 3209 Fertur
397 3146 432 3207 ab
455 3145 629 3228 Antandro,
652 3143 853 3224 scelerataque
876 3143 976 3205 limina
998 3144 1145 3208 Thracum

266 3236 304 3298 Et
326 3234 490 3315 Polydoreo
513 3241 681 3294 manantem
704 3236 847 3312 sanguiue
870 3240 981 3294 terram

200 3337 253 3387 aao
267 3324 409 3404 Linquit,
432 3330 464 3384 et
485 3321 607 3384 utilibus
631 3323 727 3383 ventis
749 3330 892 3400 aestuque
915 3321 1047 3383 secundo

266 3413 360 3474 lntrat
381 3410 563 3491 Apollineam
586 3411 675 3472 sociis
698 3408 908 3472 comitantibus
930 3409 1054 3471 urbem.

270 3501 357 3561 llunc
380 3500 495 3581 Anius,
518 3517 577 3580 quo
599 3516 671 3578 rege
689 3499 780 3573 fides,
804 3501 935 3560 antistite
959 3498 1097 3559 Phoebus

266 3588 334 3649 Rite
357 3586 509 3649 colebatur
521 3633 531 3670 ,
554 3586 724 3668 temploque
748 3585 894 3666 domoque
916 3587 1049 3669 recepit3
