2467 4042
127 252 361 332 xvttt.1xlx‚]
398 249 944 330 xvt111.1xx.]AcottTttt-58.
991 249 1049 321 tto

104 407 277 483 Deceptam
293 404 380 465 dicas
396 411 501 465 nostra
515 410 544 464 te
558 404 666 465 fraude
680 403 790 478 licebit,

150 492 230 553 Dum
246 488 366 550 fraudis
383 495 507 550 nostrae
523 504 618 549 eausa
632 488 746 553 teratur
759 504 854 551 umor.
904 540 909 546 .

104 576 205 637 Fraus
221 590 293 636 mea
306 572 380 648 quid
395 573 496 649 petiit,
518 573 578 633 nisi
591 572 634 635 uti
648 571 701 634 tibi
717 573 859 648 iungerer
873 574 946 636 unit

149 660 184 720 ld
200 674 266 733 me,
290 656 376 734 quod
391 656 546 731 quereris,
570 657 733 719 conciliare
747 665 859 732 potest,

61 756 94 808 to
107 745 178 806 Non
193 759 253 819 ego
269 747 394 816 nemra,
417 755 476 801 nec
487 757 558 803 sum
571 748 632 802 taur
647 741 777 803 callidus
792 759 861 805 usu.

150 827 303 889 solertem
319 832 351 887 tu
365 841 429 898 me,
451 825 560 900 crede,
583 827 700 901 puelia,
721 824 807 887 iacis.

104 915 150 974 Te
164 910 239 973 mihi
255 909 452 986 compositis,
474 909 577 984 siquid
592 916 692 970 umen
706 911 841 985 egimus,
865 927 947 973 ame

146 994 325 1059 Adstrinxit
339 992 441 1054 verbis
455 992 638 1069 ingeniosus
648 994 758 1057 Amor.

108 1080 236 1143 Dictatis
251 1078 292 1140 ab
307 1094 346 1139 eo
361 1077 420 1138 ieci
434 1078 598 1154 sponsalia
610 1077 724 1152 verbis,

67 1176 100 1228 ‘oo
153 1163 368 1237 Consultoque
385 1161 428 1223 tui
444 1161 518 1224 iuris
532 1162 649 1224 Am0re
664 1161 758 1223 vafer.

107 1249 155 1310 Sit
170 1249 254 1309 treus
269 1246 341 1307 huic
356 1246 437 1306 iaec
452 1261 578 1320 nomon,
602 1246 750 1322 dicarque
765 1247 908 1310 dolosusz

151 1332 185 1394 Si
199 1338 302 1392 umen
317 1336 381 1406 cst,
400 1331 484 1405 quod
496 1334 586 1393 amos
597 1330 678 1391 veile
693 1336 811 1404 tenere,
835 1331 934 1393 dolus.

109 1418 155 1477 Eu
168 1416 279 1477 iterum
294 1414 398 1476 scribo
411 1414 560 1489 mittoque
572 1414 714 1490 regemn
729 1414 834 1476 rerba.

152 1501 259 1562 Altera
273 1500 357 1559 treus
372 1498 451 1559 hacc
465 1504 523 1560 eet
546 1499 693 1573 quodque
708 1498 862 1574 queraris,
884 1499 990 1561 trabes.

71 1596 102 1647 ³5
114 1584 147 1646 Si
162 1598 279 1656 noceo,
303 1582 389 1657 quod
402 1599 488 1659 amo,
509 1582 622 1656 fateor,
644 1582 712 1645 siue
725 1581 786 1643 fine
801 1582 929 1657 nocebo,

150 1671 273 1745 Teque,
295 1666 359 1742 peti
374 1681 487 1729 caveas
502 1673 533 1726 tu
548 1666 620 1728 ticet
632 1665 716 1742 ipsa,
740 1676 850 1741 petam.

111 1753 166 1813 Per
180 1751 304 1828 gladios
319 1749 371 1810 atii
384 1750 513 1827 piacitus
527 1764 661 1826 rapuere
675 1751 809 1826 puettasr

151 1836 275 1912 Scripta
289 1834 364 1894 usiiri
379 1841 468 1896 caute
485 1834 584 1895 littera
597 1833 711 1897 crimes
727 1833 804 1896 erite

110 1922 145 1983 lii
160 1920 290 1994 taciem,
316 1918 434 1996 possim
449 1919 553 1994 piures
568 1919 718 1995 inpouere
732 1919 842 1994 nodos,

76 2015 105 2068 to
154 2006 195 2067 Ut
209 2012 261 2066 tus
276 2003 318 2065 sit
329 2004 415 2064 nulia
428 1997 525 2062 libera
540 2009 627 2078 parte
640 2001 728 2065 tides.

110 2089 193 2150 Mitte
206 2087 272 2150 doti
286 2093 413 2148 restsut.
437 2086 518 2148 cliuo
527 2086 682 2148 sudamus
695 2086 726 2147 iu
740 2085 817 2147 imo:
942 2108 946 2113 ·

151 2173 257 2234 Ardor
269 2172 464 2247 inexpertum
477 2170 519 2231 nii
535 2170 615 2232 sinet
629 2185 701 2233 csse
716 2186 813 2233 meus.

111 2256 156 2318 Sit
170 2256 313 2330 dubium,
336 2256 482 2331 possisne
496 2255 577 2330 cupi.
599 2253 764 2330 captabere
778 2261 871 2317 certe.

151 2341 261 2401 Exitus
276 2339 307 2400 iu
322 2340 372 2400 dis
386 2347 446 2400 oet
463 2338 526 2399 sed
541 2339 664 2414 cupiere
678 2344 789 2401 tameo

77 2437 104 2488 to
114 2426 152 2487 Ut
167 2432 287 2502 partem
301 2423 448 2500 effugias,
468 2437 530 2483 non
545 2422 648 2485 omnia
663 2422 738 2485 retia
753 2423 851 2497 faties,

153 2508 238 2584 Quae
253 2507 322 2580 tibi,
349 2506 571 2583 quassatis,
595 2508 683 2583 plura
700 2506 826 2569 tetendit
840 2512 944 2568 Amor.

113 2594 222 2656 Sinon
238 2592 402 2670 proficient
414 2598 512 2666 arus,
534 2590 693 2655 veniemus
707 2591 748 2652 ad
762 2607 857 2665 erma,

153 2679 250 2752 Inque
266 2676 310 2739 tui
324 2675 437 2752 cupido
451 2681 541 2751 rapta
553 2676 654 2735 terere
667 2675 746 2737 sinu.

112 2762 179 2823 Nou
193 2777 278 2837 sum,
302 2761 356 2836 qui
371 2761 489 2821 soleam
502 2758 621 2821 Paridis
636 2759 863 2836 reprehendere
877 2759 998 2834 iactum,

76 2859 105 2909 50
154 2846 218 2907 Nec
233 2858 434 2921 quemquam,
456 2842 525 2920 qui,
548 2843 594 2904 vir
609 2851 717 2922 posset
732 2851 763 2904 ut
780 2857 866 2916 esse,
887 2843 950 2903 tuit.

112 2931 175 2992 Nos
190 2944 351 3006 quoque...
366 2929 424 2990 sed
440 2935 536 2990 taceo
572 2927 657 2990 Mors
671 2928 761 2989 huius
778 2941 880 3004 poena
892 2926 1017 3006 rapinae

155 3014 193 3076 Ut
207 3014 263 3087 sit,
286 3013 358 3086 erit,
380 3028 473 3090 quam
484 3017 517 3072 te
531 3028 596 3073 non
609 3009 771 3084 habuisse,
791 3011 899 3073 minor.

112 3104 175 3159 Aut
187 3113 279 3159 esses
294 3098 432 3159 formosa
442 3095 556 3157 uiuus.
579 3103 719 3170 peterere
732 3096 881 3159 modeste.

154 3183 302 3243 Audaces
315 3181 395 3242 facie
409 3181 548 3256 cogimur
561 3195 633 3241 esse
650 3188 712 3243 tua.

77 3266 158 3328 ttTu
174 3265 252 3326 tacis
268 3265 327 3326 hoc
344 3266 487 3341 ocuiique
503 3265 558 3339 tui,
581 3264 695 3339 quibus
710 3265 800 3340 ignea
813 3263 939 3325 cedunt

155 3349 281 3426 Sidere,
299 3350 352 3427 qui
366 3348 509 3410 flammae
523 3365 621 3410 csusa
634 3349 719 3411 iucre
734 3364 836 3413 meue=

113 3433 181 3494 Hoc
193 3434 308 3495 iueiuut
322 3433 395 3494 flaui
412 3434 516 3494 crines
530 3440 561 3494 et
574 3434 711 3495 eburnea
726 3434 839 3505 cervix,

156 3517 314 3594 Quaeque,
338 3533 463 3595 precor,
487 3518 610 3579 veniant
624 3517 654 3579 iu
672 3533 741 3578 mea
756 3518 835 3579 cotta
850 3533 967 3580 marus,
