2467 4042
156 224 220 288 104
601 224 712 276 IBIDIS

244 387 281 450 Di
304 387 433 467 melius,
458 404 587 466 quorum
608 385 696 466 longe
719 385 792 448 mihi
814 390 958 451 maximus
981 390 1032 453 ille
1056 402 1124 478 est,

289 476 347 548 Qui
369 482 487 537 nostras
509 477 613 556 inopes
637 475 732 537 noluit
754 493 822 538 esse
844 478 922 540 vias.

195 575 230 626 so
243 564 320 626 lluic
343 566 435 644 igitur
458 565 578 625 meritas
601 571 723 643 grates,
745 563 925 645 ubicumque
947 565 1067 650 licebit,

288 653 347 716 Pro
370 660 430 714 tam
452 659 606 714 mansueto
630 659 751 731 pectore
775 670 892 734 semper
915 673 1013 734 agam.

243 742 351 804 Audiat
373 741 430 802 hoc
452 739 588 803 Pontus.
616 741 705 802 faciet
727 758 846 821 quoque
869 742 993 805 forsitan
1016 745 1119 828 idem,

289 829 383 891 Terra
406 830 444 891 sit
467 837 501 891 ut
523 830 646 909 propior
667 829 850 891 testificanda
872 829 962 893 milri.

243 920 281 980 lt
304 917 380 999 tibi,
402 916 522 979 calcasti
545 919 597 997 qui
620 934 690 998 me,
712 916 862 994 violente,
884 921 1055 1004 iacentem,

195 1019 230 1069 30
290 1006 355 1078 Qua
377 1004 447 1067 licet
469 1004 519 1068 eil
550 1007 683 1086 misero,
706 1004 824 1068 debitus
846 1006 940 1068 hostis
963 1026 1033 1071 ero.

244 1095 366 1156 Desinet
388 1111 454 1156 esse
477 1095 561 1174 prius
584 1096 752 1156 contrarius
775 1093 893 1174 ignibus
916 1113 1020 1177 umor,

287 1185 450 1262 Iunctaque
473 1200 542 1244 cum
564 1180 634 1243 luna
656 1182 768 1244 lumina
790 1182 861 1244 solis
884 1192 989 1265 erunt,

243 1272 376 1351 Parsque
399 1270 502 1332 eadem
525 1270 600 1332 caeli
621 1271 765 1350 zephyros
788 1274 904 1333 emittet
926 1281 956 1334 et
979 1290 1090 1354 euros,

288 1358 326 1421 Et
350 1357 468 1440 tepidus
490 1358 587 1439 gelido
610 1357 693 1420 llabit
715 1358 751 1420 ab
775 1376 828 1421 axe
852 1367 958 1442 notus3

196 1460 230 1510 to
244 1447 283 1509 Et
305 1465 380 1510 nora
402 1448 533 1510 fraterno
557 1448 657 1509 veniet
679 1448 837 1509 concordia
860 1448 959 1529 inmo,

290 1537 385 1608 Quem
408 1543 494 1598 vetus
517 1552 641 1598 accensa
665 1543 783 1616 separat
803 1539 848 1597 ira
870 1554 960 1617 pyra,

244 1624 283 1687 Et
306 1642 357 1686 ver
379 1633 543 1705 autumno,
566 1623 689 1685 brumae
713 1623 886 1686 miscebitur
910 1631 1022 1705 aestas,

290 1713 386 1792 Atque
409 1713 512 1774 eadem
535 1714 617 1791 regio
640 1730 746 1793 vesper
770 1720 800 1774 et
822 1721 907 1774 ortus
930 1714 1004 1775 erit:

245 1802 339 1874 Quam
368 1800 441 1864 mihi
470 1801 511 1862 sit
541 1808 641 1863 tecum
671 1802 795 1882 positis,
822 1819 897 1882 quae
927 1803 1131 1886 sumpsimus,

793 1906 883 1951 armrs

195 1991 231 2040 40
289 1976 410 2059 Gratia,
433 1978 621 2058 commissis,
642 1976 800 2058 improbe,
823 1983 911 2057 rupta
933 1979 1009 2040 tuis.

195 2079 230 2129 43
245 2066 304 2128 Par
327 2069 386 2128 erit
407 2065 481 2127 baec
503 2064 607 2146 nobis,
631 2064 726 2127 donec
747 2065 820 2128 mibi
842 2068 902 2128 vita
924 2065 1071 2148 manebit,
1125 2072 1157 2125 (a)

289 2154 364 2218 Cum
386 2172 495 2234 pecore
517 2154 636 2215 infirmo
659 2171 735 2233 quae
759 2154 834 2215 solet
856 2172 923 2216 esse
946 2155 1040 2234 lupis.

197 2256 232 2306 45
246 2243 345 2306 Prima
368 2242 487 2323 quidem
511 2250 617 2323 coepto
641 2244 822 2304 committam
845 2242 956 2322 proelia
978 2260 1086 2326 versu,

290 2331 356 2393 Non
379 2331 493 2393 soleant
516 2333 651 2411 quamvis
673 2331 730 2393 hoc
752 2330 828 2411 pede
851 2330 927 2392 bella
950 2333 1032 2411 geri:

244 2419 342 2500 thue
364 2422 439 2500 petit
460 2421 556 2499 primo
579 2420 701 2501 plenum
723 2418 858 2482 flaventis
879 2420 1007 2482 harenae

290 2507 428 2570 Nondum
452 2507 567 2570 calfacti
590 2508 692 2570 militis
714 2507 799 2569 hasta
821 2508 936 2589 solum,

248 2597 298 2659 Sic
321 2614 376 2676 ego
399 2605 429 2659 te
452 2597 584 2659 nondnm
607 2598 688 2659 ferro
711 2596 862 2658 iaculabor
885 2604 989 2676 acuto,

199 2698 232 2749 oo
291 2684 432 2747 Protinus
454 2687 584 2747 inrisum
606 2703 662 2747 nec
684 2692 768 2765 petet
789 2685 872 2746 hasta
896 2691 1002 2764 caput;

247 2773 284 2835 Et
308 2791 405 2854 neque
428 2790 539 2836 nomen
561 2776 592 2835 in
615 2774 672 2835 boo
685 2821 694 2855 ,
718 2791 773 2835 nec
796 2774 891 2835 dicam
915 2773 991 2834 lacta
1008 2768 1130 2855 libello,

291 2860 394 2942 Teque
417 2861 523 2943 brevi,
545 2864 597 2941 qui
621 2864 663 2923 sis
675 2910 685 2945 ,
708 2860 893 2924 dissimulare
917 2863 1027 2923 sinam.
1069 2861 1072 2866 ’

246 2950 427 3031 Postmodo,
450 2951 477 3012 si
499 2968 629 3032 perges,
650 2952 682 3013 in
705 2957 735 3012 ta
758 2950 831 3012 mihi
853 2949 929 3011 liber
951 2947 1066 3010 iambus

291 3038 396 3101 Tincta
417 3037 583 3118 Lycambeo
606 3040 750 3119 sanguine
772 3038 831 3101 tela
854 3037 953 3100 dabit.

200 3140 234 3191 aa
248 3128 334 3191 Nunc
357 3145 416 3207 quo
439 3126 589 3190 Battiades
611 3129 765 3189 inimicum
788 3127 911 3189 devovet
933 3125 1016 3207 lbin,

292 3214 355 3277 Hoc
378 3234 434 3296 ego
457 3216 585 3278 devoveo
608 3224 698 3296 teque
721 3224 849 3295 tuosque
872 3213 977 3276 modo.

247 3304 345 3385 thue
367 3304 442 3384 ille,
464 3303 599 3366 historiis
621 3305 766 3365 involvam
791 3304 922 3367 carmina
944 3303 1057 3364 caecis:

292 3392 358 3453 Non
381 3392 491 3454 soleam
515 3393 648 3472 quamvis
670 3392 727 3455 hoc
750 3394 931 3473 genus-ipse
954 3392 1057 3469 sequi.

248 3479 332 3542 illius
355 3480 493 3560 ambages
516 3482 649 3542 imitatus
672 3483 703 3543 in
726 3479 808 3543 ibide
831 3480 913 3542 dicar

161 3632 164 3636 ,
200 3580 234 3629 60
293 3566 410 3629 Oblitus
434 3570 526 3631 moris
549 3567 711 3649 iudiciique
734 3572 810 3631 mei.
