2467 4042
445 230 479 297 1,
498 234 657 285 551-555,
783 248 888 285 num
1014 233 1054 296 15

125 396 255 478 Curre,
275 397 432 476 fugamque
455 395 578 457 inhibe.
607 395 789 457 moderatius
811 398 952 476 insequar
973 398 1054 478 ipsc.

125 485 195 547 Cui
217 484 350 566 placeas,
372 485 493 563 inquire
515 492 635 545 tamen.
667 501 727 544 nou
750 484 847 545 incola
869 487 997 566 5555115,

124 574 204 635 Non
227 591 279 652 ego
300 590 369 634 sum
389 580 492 652 pastor
504 621 514 654 ,
536 590 596 633 555
620 571 669 633 1515
691 580 825 634 armenta
847 591 1010 653 gregesque

125 661 282 723 Horridus
302 659 451 721 observo.
479 663 600 742 555515,
623 663 802 742 temeraria,
825 664 945 743 nescis,

49 760 109 812 515
126 750 234 822 Quem
255 750 349 829 lugius
361 797 371 831 ,
394 747 521 828 ideoque
544 750 645 827 iugis.
674 748 746 809 mihi
768 748 909 830 Delphica
932 749 1020 813 tellus

124 838 174 900 Et
198 837 298 899 Claros
320 845 352 899 et
373 836 510 898 Tenedos
532 837 716 916 Patareaque
739 840 822 916 regia
839 840 948 899 servit.

125 927 268 1007 luppiter
290 934 338 987 551
358 927 498 1004 genitor.
526 943 582 1005 per
603 943 651 985 me
675 924 755 1004 quod
778 927 895 1005 eritque
917 927 1033 1005 fuitque

124 1015 268 1095 Estque,
286 1021 391 1093 putet:
412 1030 467 1093 per
490 1031 537 1074 me
560 1013 743 1074 concordant
765 1017 895 1075 carmina
917 1018 1033 1077 nervis.

126 1104 222 1165 Certa
245 1102 367 1183 quidem
391 1109 494 1163 nostra
514 1110 583 1182 551,
605 1110 709 1162 nostra
736 1109 835 1162 tamen
863 1120 921 1163 una
950 1105 1055 1182 sagitta

53 1192 275 1272 saeuorum,
297 1193 329 1251 in
352 1207 444 1251 55555
468 1207 545 1268 quae
566 1189 689 1251 uulnera
711 1197 833 1269 pectore
856 1192 944 1252 iecit.

126 1281 291 1341 Inventum
312 1279 459 1339 medicina
481 1295 581 1339 meum
604 1285 650 1339 est
662 1323 671 1359 ,
694 1278 849 1357 opiferque
875 1298 930 1358 per
953 1279 1055 1341 orbem

127 1368 244 1448 Dicor,
267 1374 299 1427 et
320 1365 481 1428 herbarum
504 1365 639 1428 subiecta
660 1368 793 1446 potentia
815 1365 918 1428 nobis.

127 1456 168 1517 Ei
189 1455 266 1517 milri
278 1502 289 1537 ,
311 1454 390 1534 quod
413 1454 502 1516 nullis
525 1472 608 1515 amor
631 1462 679 1515 est
700 1453 839 1515 sanabilis
861 1454 980 1537 15551515,

127 1544 194 1605 Nec
217 1551 347 1623 prosunt
369 1542 490 1603 deminuo
512 1560 588 1622 quae
610 1550 738 1622 prosunt
764 1542 925 1625 omnibus,
947 1539 1055 1606 artesl'

57 1643 113 1693 555
128 1632 224 1694 Ρ1555
245 1631 419 1692 locuturum
441 1631 545 1692 timido
567 1630 677 1692 Peneia
700 1648 791 1692 cursu

128 1721 222 1799 Fugit
244 1736 373 1798 cumque
396 1721 461 1799 ipso
484 1718 574 1780 555155
595 1719 761 1799 inperfecta
782 1718 921 1801 reliquit,

128 1809 210 1870 'lum
233 1825 355 1886 quoque
378 1810 439 1867 visa
462 1807 592 1870 155555.
620 1806 773 1868 nudabant
794 1825 919 1886 corpora
942 1811 1038 1889 55511,

131 1896 287 1975 Obviaque
311 1894 448 1957 51555555
471 1894 625 1957 vibrabant
646 1895 764 1956 11555155
786 1904 901 1976 555155,

130 1984 171 2046 Et
192 1983 268 2045 levis
289 1983 424 2063 inpulsos
445 1991 527 2045 retro
550 1983 638 2044 dabat
660 2001 733 2045 5555
755 1982 898 2064 capillos3

62 2074 289 2151 5551555555
311 2072 406 2132 forma
418 2072 487 2150 luga
509 2079 575 2133 est.
599 2071 652 2133 sed
670 2074 750 2132 anim
764 2088 824 2132 non
838 2074 966 2133 sustinet
979 2073 1056 2135 ultra

129 2160 266 2223 Perdere
288 2158 445 2221 blanditias
467 2162 582 2224 iuvenis
605 2160 703 2241 deus,
726 2168 819 2239 utque
842 2160 978 2223 movebat

130 2249 203 2329 lpse
224 2265 309 2309 amor
320 2296 331 2330 ,
351 2247 481 2309 admisso
504 2250 641 2326 sequitur
664 2250 786 2327 vestigia
808 2266 914 2326 passu.

129 2336 173 2399 Ut
197 2338 280 2397 canis
301 2337 334 2397 15
356 2354 448 2397 vacuo
471 2336 604 2416 leporem
627 2354 696 2397 oum
719 2335 848 2396 Gallicus
870 2353 939 2396 5555

130 2424 240 2505 Vidit,
263 2424 365 2485 ethic
387 2424 528 2504 praedam
549 2424 676 2504 pedidus
698 2426 795 2505 petit,
817 2423 867 2484 1115
890 2424 1034 2506 55151555,

65 2524 118 2575 aso
132 2512 218 2574 Alter
236 2511 396 2573 inhaesuro
419 2512 524 2574 similis
540 2514 599 2574 iam
621 2514 740 2591 iamque
763 2520 866 2572 tenore

132 2602 267 2681 Sperat,
289 2607 462 2662 elemento
486 2603 606 2681 stringit
627 2602 751 2680 vestigia
774 2608 892 2682 rustr03

132 2688 272 2751 Alterius
293 2687 430 2768 ambiguo
453 2697 522 2770 551,
544 2707 582 2750 aa
605 2690 645 2750 511
666 2706 874 2770 conprensus,
896 2696 927 2751 51
948 2691 1021 2769 ipsis

132 2775 285 2839 llorsibus
305 2779 434 2855 cripitur
456 2780 666 2857 magontiaque
689 2795 741 2839 ora
763 2776 924 2855 relinquit:

133 2864 187 2927 Sic
208 2865 283 2926 deus
306 2873 338 2927 ct
358 2868 463 2946 sirpo,
487 2873 533 2926 551
554 2866 603 2926 1515
626 2883 679 2944 spe
702 2865 782 2926 celer
793 2912 803 2947 ‚
825 2864 874 2926 illa
896 2868 1020 2928 timore.

65 2965 121 3016 545
134 2953 195 3025 051
217 2960 316 3014 tamon
338 2955 529 3039 insequitur,
550 2955 658 3033 pennis
681 2952 799 3015 adiutus
821 2956 931 3014 amoris

134 3041 226 3103 05155
248 3050 297 3102 est
316 3044 512 3121 requiemque
533 3050 623 3122 negat
644 3049 788 3121 tergoque
811 3042 925 3119 fugacis

132 3129 263 3191 luminet
285 3137 316 3190 51
337 3132 451 3191 urinam
474 3147 610 3210 sparsum
634 3129 799 3191 cervicibus
822 3129 919 3192 alilat.

133 3216 254 3279 Viribus
276 3217 442 3298 absumptis
460 3218 601 3299 expalluit
623 3218 694 3299 illa,
717 3220 852 3299 citaeque

133 3304 217 3367 Victa
240 3305 340 3367 labare
363 3307 450 3386 fugae
462 3354 473 3388 ,
495 3315 634 3386 spectans
657 3305 801 3367 Peneidas
824 3305 941 3386 undas,

65 3405 119 3456 555
134 3390 205 3455 ‘For
214 3389 311 3475 pater’
319 3396 418 3474 iuquit
427 3390 543 3475 ‘opeml
558 3394 659 3456 Tellus
667 3390 689 3476 ,'
699 3397 757 3477 511,
774 3391 886 3476 ε151555,
896 3394 1055 3475 velistam,

66 3482 217 3554 5410555
239 3484 333 3564 15511,
354 3490 389 3545 51
410 3482 532 3566 laudm,
555 3483 697 3545 mutando
720 3483 812 3563 perde
835 3479 989 3562 liguram?

132 3569 186 3633 Vix
209 3589 300 3651 prece
322 3571 428 3651 finita,
449 3579 554 3651 torpor
577 3574 683 3652 gravis
697 3580 822 3652 occupat
844 3580 950 3653 artus,
