2467 4042
420 238 466 288 IV.
485 249 523 289 111
538 240 629 289 stt-v
647 239 672 290 9.

177 402 220 462 Ne
243 400 338 464 titulis
362 402 521 481 quiequam
544 398 651 460 debeat
673 398 724 460 ille
748 401 827 464 suis.

133 487 263 551 Cernere
286 491 344 550 iam
367 487 470 549 videor
491 489 592 567 rumpi
613 505 707 567 paene
731 490 804 548 atria
830 487 932 568 turba,
1029 495 1034 503 '

177 577 215 639 Et
237 576 379 657 populum
403 575 481 637 laedi
504 575 659 636 deficiente
683 574 766 656 loeo,

133 665 313 745 Templaque
336 664 478 744 Tarpeiae
501 665 631 743 primum
653 662 708 724 tibi
731 663 810 724 sedis
834 663 926 745 adiri,

85 766 119 815 ³0
177 752 216 814 Et
238 754 305 814 beri
328 753 427 813 faciles
449 754 481 813 in
505 761 555 813 tua
577 759 644 813 vota
668 751 757 812 deos:

133 839 213 903 Colla
235 841 326 902 boves
350 843 451 902 niveos
475 848 573 902 certae
595 839 740 920 praebere
764 840 880 919 securi,
997 852 1053 903 ‹na›

178 929 259 1000 Ques
283 928 355 990 aluit
378 930 489 1008 campis
511 926 604 988 herba
626 926 739 989 Falisca
762 929 842 990 suis.

133 1017 267 1097 Cumque
291 1017 363 1078 deos
386 1034 511 1096 omnes,
535 1024 598 1077 tum
622 1033 697 1094 quos
720 1018 874 1095 inpensius
898 1032 1008 1095 aequus

177 1104 251 1167 Esse
275 1104 329 1166 tibi
352 1106 477 1186 cupias,
501 1122 568 1165 enm
591 1103 660 1164 love
684 1102 791 1165 Caesar
814 1112 919 1166 erunt.

85 1206 119 1255 ab
135 1191 225 1255 Curia
248 1202 277 1255 te
301 1196 451 1275 excipiet,
473 1201 634 1273 patresque
658 1210 674 1251 e
698 1210 780 1253 more
804 1194 899 1253 vocati

177 1281 336 1342 Intendent
358 1299 447 1342 aures
470 1280 505 1341 ad
529 1289 580 1340 tua
602 1278 692 1341 verba
715 1298 801 1341 suas.

133 1367 194 1429 llos
218 1367 269 1429 ubi
292 1369 418 1429 facundo
442 1375 493 1428 tua
516 1385 570 1427 vox
594 1366 764 1428 hilaraverit
786 1385 857 1448 ere,

178 1454 275 1535 thue
299 1455 396 1535 solet,
419 1454 522 1516 tulerit
544 1472 687 1534 prospera
710 1452 799 1515 verba
823 1454 905 1534 dies,

133 1543 239 1623 Egeris
263 1552 293 1603 et
315 1546 436 1603 meritas
460 1545 577 1621 superis
601 1560 669 1603 cum
692 1541 817 1603 Caesare
840 1550 956 1624 grates,
974 1574 1009 1586 -

84 1642 119 1693 le
179 1631 236 1703 Qui
260 1648 379 1692 causam
391 1678 401 1712 ,
424 1630 513 1691 facias
537 1647 591 1691 cur
613 1632 655 1692 ita
677 1648 788 1711 saepe,
811 1629 892 1691 dabit
909 1661 943 1672 -

133 1718 205 1781 lnde
228 1719 348 1781 domum
372 1727 490 1799 repetes
512 1726 576 1780 toto
599 1720 759 1780 comitante
782 1723 903 1800 senatu,

179 1805 317 1869 Officium
340 1807 443 1887 populi
466 1808 514 1867 rix
537 1808 672 1886 capiente
696 1806 801 1868 domo.

133 1895 180 1956 ble
204 1898 368 1976 miserum,
391 1893 478 1958 turba
502 1895 581 1975 quod
604 1912 664 1956 non
688 1913 742 1974 ego
766 1912 872 1957 cernar
894 1896 925 1956 in
947 1893 1013 1975 illa,

178 1983 240 2056 Nec
263 1991 405 2063 poterunt
428 1985 493 2045 istis
516 1983 627 2045 lumina
650 1992 751 2044 nostra
775 1981 852 2044 lruil

85 2083 120 2132 45
134 2071 302 2142 Quamlibet
324 2070 500 2153 absentem,
524 2090 581 2151 qua
603 2088 749 2152 possum,
771 2079 871 2133 mente
894 2068 1017 2132 videbo:

139 2185 142 2193 ¹
177 2162 308 2238 aspiciet
332 2160 430 2222 vultus
453 2160 583 2222 consulis
606 2159 656 2221 illa
679 2162 742 2221 sui.

133 2247 168 2308 Di
191 2249 301 2309 iaciant
313 2294 322 2328 ,
345 2248 444 2326 aliquo
466 2247 571 2310 subeat
592 2247 647 2309 libi
671 2256 804 2328 tempore
827 2254 962 2308 nostrum

178 2334 314 2416 Nomen,
337 2345 367 2398 et
389 2331 464 2398 ‘beu
479 2332 503 2399 l'
527 2336 607 2398 dicas
632 2331 717 2415 ‘quid
741 2338 832 2397 miser
854 2335 904 2396 ille
928 2330 1038 2396 lacit?’

134 2423 213 2484 llaec
237 2433 287 2485 tua
310 2424 469 2503 pertulerit
490 2426 584 2503 siquis
608 2424 680 2484 mibi
703 2423 814 2504 verba,
837 2422 952 2486 lateber

85 2526 119 2573 50
178 2511 460 2574 Protinus-exilium
484 2512 602 2574 mollius
626 2529 691 2574 esse
714 2529 830 2574 meum.

525 2705 567 2779 V.

133 2862 199 2943 lte,
222 2863 300 2925 leves
324 2864 421 2945 elegi,
444 2863 546 2927 doctas
568 2865 604 2927 ad
628 2866 759 2928 consulis
782 2882 887 2947 aures,

177 2950 331 3031 Verbaque
354 2953 498 3016 honerate
520 2955 597 3016 terte
622 2954 744 3034 legenda
766 2956 847 3016 viro.

133 3038 231 3118 Longa
250 3043 295 3101 via
314 3051 377 3121 est,
400 3059 455 3103 nee
474 3060 526 3104 vus
545 3042 671 3121 pedibus
689 3041 850 3123 proceditis
869 3041 972 3120 aequis
995 3052 1051 3102 ‹¹14›

176 3125 327 3206 'lectaque
350 3127 476 3190 brumali
500 3129 556 3191 sub
579 3133 646 3191 nive
670 3139 749 3191 terra
772 3130 860 3191 latet.

101 3212 206 3276 assum
229 3215 354 3294 gelidam
378 3215 513 3277 Thracen
542 3226 572 3277 et
594 3226 732 3296 opertum
754 3214 884 3279 nubibus
907 3215 1050 3278 Haemum

176 3301 214 3362 Et
237 3305 327 3364 maris
350 3303 424 3364 lonii
447 3306 627 3366 transieritis
650 3323 759 3387 aquas,

132 3389 212 3452 Luce
235 3393 335 3452 minus
358 3391 470 3453 decima
493 3392 643 3454 dominam
666 3395 790 3455 venietis
812 3395 843 3454 in
867 3391 994 3474 Urbem,

175 3476 214 3540 Ut
236 3480 407 3542 festinatum
431 3498 490 3542 non
514 3482 629 3544 [aciatis
651 3484 726 3545 iter.

130 3566 272 3630 Protinus
294 3569 363 3631 inde
386 3569 492 3632 demus
515 3570 598 3633 vebis
623 3569 761 3651 Pompeia
784 3578 920 3652 petatur:
