2467 4042
415 291 655 343 manae-1111
670 295 693 345 a.
729 305 734 315 ·
786 265 789 270 ’

141 453 222 514 Pone
246 461 344 514 metus
366 455 479 531 igitur:
512 455 648 515 mitescet
670 454 803 515 Caesaris
826 456 887 536 ira,

3 564 6 604 ι
184 540 223 602 Et
245 544 344 602 veniet
366 544 442 602 votis
465 541 581 602 mollior
603 542 677 603 bora
701 545 777 603 tuis.

94 640 126 691 85
140 629 219 690 Neve
247 647 360 690 moram
389 632 515 711 timeas,
543 640 682 711 tempus,
711 632 789 710 quod
819 633 1006 713 quaerimus,

687 721 794 799 instat,
969 721 973 728 ’

185 804 357 884 Cunctaque
380 805 508 866 laetitiae
531 807 617 885 plena
642 807 809 885 triumphus
832 805 937 867 babet.

140 893 217 954 Dum
241 894 347 954 domus
370 902 400 954 et
423 897 505 968 nati,
528 896 598 956 lum
623 904 717 955 mater
740 894 821 955 Livia
843 894 970 976 gaudet,
1016 905 1060 958 (88)

184 981 259 1042 Dum
282 982 415 1060 gaudes,
438 985 550 1060 patriae
574 1000 679 1061 magne
703 981 846 1061 ducisque
869 990 971 1061 pater:

138 1070 218 1130 Dum
242 1070 299 1130 sibi
322 1078 455 1148 gratatur
477 1070 605 1150 populus
618 1117 628 1150 ,
652 1078 803 1150 totamque
827 1088 881 1149 per
904 1069 1014 1131 Urbem

92 1170 125 1218 90
183 1157 287 1219 Omnis
310 1157 441 1218 odoratis
463 1158 581 1236 ignibus
605 1177 656 1219 ara
679 1159 771 1240 calet,

140 1245 216 1306 Dum
239 1246 340 1307 faciles
365 1247 462 1307 aditus
485 1246 608 1325 praebet
630 1247 798 1307 venerabile
822 1246 983 1327 templum,

185 1333 371 1412 Sperandum
395 1341 440 1394 est
463 1343 580 1396 nostras
602 1353 690 1414 posse
714 1334 811 1395 valere
834 1354 940 1414 preces
951 1330 970 1396 .'

140 1420 240 1500 Dixit,
263 1430 294 1481 et
316 1429 368 1481 aut
389 1421 438 1480 ille
462 1431 508 1481 est
530 1431 637 1482 tenues
660 1422 791 1502 dilapsus
813 1425 845 1482 in
868 1442 972 1503 auras,

185 1506 355 1586 Coeperunt
378 1526 485 1568 sensus
508 1517 559 1569 aut
582 1509 702 1587 vigilare
725 1512 801 1569 mei.

93 1607 126 1657 95
142 1596 174 1657 Si
196 1595 352 1675 dubitem,
375 1596 472 1655 sareas
496 1599 568 1674 quin
591 1596 660 1676 his,
683 1616 701 1657 o
724 1597 870 1678 Maxime,
894 1597 1000 1679 dictis,

184 1683 351 1744 Memnonio
375 1701 484 1762 cycnos
507 1702 573 1744 esse
596 1685 695 1745 colore
718 1693 835 1764 putem.

141 1772 198 1833 Sed
222 1789 319 1851 neque
342 1779 473 1831 mutatur
497 1774 580 1850 nigra
602 1775 668 1852 pice
691 1773 804 1833 lacteus
828 1791 931 1855 umor,

183 1860 245 1920 Nec
258 1906 267 1940 ,
291 1859 370 1938 quod
394 1868 458 1919 crat
481 1860 633 1941 candens,
656 1862 689 1921 fit
712 1860 898 1922 terebinthus
922 1861 1014 1922 ebur.

141 1947 329 2009 Conveniens·
349 1949 445 2008 animo
468 1966 563 2027 genus
586 1949 731 2009 esttibi.
772 1948 870 2010 nobile
894 1967 1020 2029 namque

74 2049 124 2099 100
183 2036 292 2097 Pectus
315 2045 345 2096 ct
367 2034 531 2096 Herculeae
554 2037 755 2116 simplicitatis
772 2035 880 2098 habes.

138 2123 248 2205 Livor,
272 2126 353 2185 iners
376 2125 502 2199 vitium,
525 2143 625 2185 mores
648 2143 707 2185 non
732 2127 792 2186 exit
814 2128 845 2186 in
868 2125 960 2207 altos,

183 2212 280 2292 thue
303 2213 398 2273 latens
421 2214 477 2272 ima
502 2214 602 2292 vipera
626 2216 719 2293 serpit
741 2213 849 2274 humo.

139 2300 222 2363 Mens
245 2310 296 2362 tua
319 2299 454 2361 sublimis
477 2319 567 2380 supra
590 2319 685 2381 genus
708 2304 818 2362 eminet
840 2303 955 2381 ipsum,

183 2388 329 2450 Grandius
352 2390 471 2467 ingenio
494 2407 550 2449 uec
573 2390 628 2450 tibi
652 2408 759 2450 nomen
782 2392 877 2450 inest.

74 2489 125 2540 105
139 2476 218 2556 Ergo
242 2477 291 2536 alii
313 2486 440 2537 noceant
463 2479 602 2558 miseris,
626 2485 788 2557 optentque
812 2477 928 2557 timeri,

183 2564 347 2643 Tinctaque
369 2565 501 2626 mordaci
523 2565 636 2645 spicula
660 2564 726 2626 lelle
750 2573 871 2644 gerant.

139 2654 176 2714 At
197 2663 248 2714 tua
272 2647 454 2732 supplicibus
478 2652 583 2715 domus
606 2663 653 2714 est
676 2654 797 2714 adsueta
820 2651 972 2734 iurandis,

182 2740 216 2802 ln
240 2759 367 2820 quorum
390 2759 515 2803 numero
538 2760 609 2822 me,
630 2760 760 2823 precor,
783 2759 849 2803 esse
871 2740 961 2802 velis.

513 2936 596 3009 1111.

137 3093 217 3155 llaec
239 3093 294 3154 tibi
316 3111 376 3153 non
398 3111 502 3154 ranam
525 3096 672 3173 portantia
695 3092 785 3154 verba
808 3091 934 3152 salutem
1014 3101 1057 3154 (88)

182 3181 259 3241 Naso
283 3180 436 3241 Tomitana
458 3183 550 3241 mittit
572 3180 608 3240 ah
632 3179 706 3240 urbe
730 3188 818 3259 tuus,

137 3269 236 3349 thue
260 3287 315 3331 suo
338 3268 435 3328 faveas
458 3267 576 3328 maniat
589 3314 598 3347 ,
622 3268 749 3346 liuline,
773 3266 953 3345 Triumpho:

183 3357 216 3418 ln
239 3364 353 3418 vestras
376 3359 457 3417 venit
480 3358 505 3416 si
528 3365 626 3417 tamen
649 3356 697 3416 ille
721 3371 844 3414 manus.
996 3424 999 3428 .

105 3445 192 3508 oEst
214 3464 290 3525 opus
314 3447 452 3524 exiguum
476 3447 642 3522 vestrisque
665 3442 817 3522 paratibus
840 3444 945 3520 inpar:

182 3534 274 3606 Quale
299 3541 396 3594 tamen
421 3551 548 3612 cumque
572 3540 618 3593 est
631 3579 640 3612 ,
663 3540 697 3592 ut
720 3540 845 3606 tueare,
868 3548 956 3608 rogo.

136 3623 235 3686 Firma
253 3621 352 3684 valent
369 3640 423 3701 per
446 3641 496 3703 se,
519 3621 693 3700 nuDumque
712 3619 870 3681 Machaona
890 3624 1053 3698 quaerunt.
