2467 4042
460 198 503 266 H,
522 203 680 254 aea-358.
792 217 922 256 munus
1035 200 1073 265 31

58 379 123 429 ³20
139 364 284 427 Volvitur
305 367 338 426 io
361 382 504 445 praeceps
521 364 671 444 longoque
693 382 748 444 per
771 370 839 428 aera
860 374 959 429 tractu

144 454 285 534 Fertur,
306 462 342 515 ut
363 452 514 515 interdum
537 452 575 513 de
598 453 680 514 eaelo
704 453 788 515 stella
812 473 919 516 sereno

145 542 220 604 Etsi
241 560 302 603 non
326 541 456 622 cecidit,
477 544 576 621 potuit
598 542 741 603 cecidisse
765 544 876 606 videri.

147 631 250 702 Quem
273 630 413 710 procula
435 632 532 710 patria
554 630 672 691 diverso
695 633 841 694 maximus
863 632 936 694 orbe

147 719 274 798 Excipit
295 718 465 799 Eridanus,
487 720 690 798 fumantiaque
713 719 807 781 ahluit
828 739 898 783 ora.

64 818 134 871 325
148 808 264 869 Naides
286 807 448 887 Hesperiae
470 808 569 869 trifida
592 808 735 870 fumantia
757 808 873 870 flamma

149 896 287 976 Corpora
301 896 372 958 dant
385 896 522 977 tumulo,
541 897 660 976 signant
677 916 797 977 quoque
811 899 943 960 carmine
956 916 1078 961 saxum:

149 981 223 1048 ‘llic
244 987 320 1048 situs
342 993 390 1046 est
410 985 587 1065 Phaethon,
609 1004 718 1047 currus
741 988 842 1066 auriga
865 989 999 1067 paterni3

149 1074 251 1145 Quem
274 1075 300 1134 si
322 1091 383 1134 non
405 1076 523 1156 tenuit,
545 1077 659 1153 magnis
682 1082 781 1136 hmen
805 1077 914 1138 excidit
937 1072 1046 1138 ausis?

148 1162 229 1224 Nam
251 1170 337 1241 pater
358 1161 525 1245 obductos,
547 1162 631 1225 luctu
654 1163 831 1225 miserabilis
854 1183 958 1247 aegro,

69 1265 135 1316 330
151 1250 336 1313 Condiderat
357 1250 478 1313 vultus:
500 1259 533 1312 et
554 1253 580 1312 si
602 1252 690 1313 modo
714 1253 886 1335 credimus,
909 1271 1003 1315 unum

148 1340 216 1401 lsse
239 1340 318 1401 diem
336 1342 401 1401 sine
423 1338 485 1402 sole
508 1340 632 1406 ferunt.
663 1341 800 1403 incendia
821 1341 923 1403 lumen

147 1427 361 1509 Praehehant,
384 1428 548 1507 aliquisque
571 1428 648 1489 malo
670 1430 728 1490 fuit
750 1449 823 1491 usus
845 1433 877 1492 in
899 1431 967 1491 illo.

148 1518 192 1579 ht
213 1516 352 1596 Clymene
375 1524 533 1596 postquam
555 1516 630 1578 dixit
652 1535 857 1597 quaecumque
881 1520 1003 1581 fuerunt

148 1606 187 1667 ln
210 1608 302 1666 tantis
325 1605 448 1665 dicenda
470 1605 578 1687 malis,
599 1605 735 1685 lugubris
758 1615 790 1668 et
812 1625 914 1668 amens

73 1695 192 1760 335111
209 1693 318 1755 laniata
339 1695 423 1755 sinus
445 1700 543 1755 totum
564 1697 739 1773 percensuit
761 1696 883 1757 orhem:

149 1783 371 1862 Exanimesque
395 1789 478 1843 artus
500 1784 621 1864 primo,
644 1802 712 1844 mox
735 1802 803 1845 ossa
825 1785 1001 1866 requirens,

149 1872 297 1952 Repperit
320 1889 386 1931 ossa
409 1879 508 1933 umen
530 1874 690 1951 peregrina
712 1872 831 1934 condita
853 1876 936 1955 ripa,

74 2023 79 2030 ,
150 1959 352 2039 Incubuitque
375 1959 469 2042 loco,
491 1978 661 2041 nomenque
683 1962 715 2021 in
738 1979 886 2024 marmore
909 1962 1019 2025 lectum

150 2048 290 2111 Perfudit
312 2048 442 2109 lacrimis
464 2057 497 2110 et
518 2057 622 2127 aperto
644 2057 768 2129 pectore
791 2051 882 2112 fovit.

79 2138 215 2202 3401133
237 2139 338 2199 minus
360 2136 498 2198 lleliades
519 2136 624 2217 lugent
645 2146 698 2219 et,
719 2140 818 2199 inania
841 2142 931 2202 morti

149 2227 300 2306 Munera,
322 2225 394 2286 dant
415 2224 574 2308 lacrimas,
596 2234 628 2287 et
650 2244 754 2288 caesae
776 2237 897 2307 pectora
921 2228 1025 2309 palmis

151 2315 220 2377 Non
242 2314 416 2376 auditurum
438 2315 562 2375 miseras
584 2314 768 2384 Phaethonta
793 2317 939 2396 querellas

151 2403 247 2466 Nocte
271 2404 379 2482 dieque
401 2410 530 2483 vocant,
553 2403 827 2484 adsternunturque
850 2405 1024 2485 sepulchro.

151 2492 237 2555 Luna
260 2499 366 2572 quater
379 2493 490 2553 iunctis
511 2491 649 2571 implerat
662 2492 804 2554 cornibus
824 2493 945 2556 orbem:
982 2507 1004 2549 t·
1019 2506 1077 2548 xiii·

83 2582 223 2644 34511133
245 2598 331 2642 more
354 2598 432 2661 suo,
454 2598 523 2641 nam
545 2598 660 2642 morem
683 2581 796 2642 fecerat
817 2600 909 2664 usus,

152 2670 332 2749 Plangerem
354 2669 519 2731 dederant.
546 2687 563 2729 e
587 2671 654 2748 quis
676 2669 867 2753 Phaethusa,
890 2690 1028 2733 sororum

152 2759 279 2820 hlaxima
291 2805 301 2838 ,
324 2776 393 2818 cum
414 2757 505 2818 vellet
526 2764 608 2819 terra
629 2758 850 2841 procumbere,
873 2768 978 2840 questa
1000 2769 1047 2822 est

153 2846 326 2927 Deriguisse
348 2846 462 2926 pedes.
490 2845 526 2909 ad
550 2864 639 2926 quam
662 2855 767 2908 conata
787 2851 891 2910 venire

154 2936 285 2998 Candida
307 2934 458 3015 Lampetie
481 2935 579 2996 subita
601 2936 701 2997 radice
724 2944 840 2999 retenta
864 2947 931 3001 est.

84 3036 138 3088 330
153 3025 277 3105 Tertia,
300 3042 370 3085 cum
387 3025 502 3085 crinem
525 3023 661 3085 manibus
683 3025 794 3088 laniare
816 3035 953 3107 pararet,

153 3114 259 3175 Avellit
281 3112 426 3180 frondes.
453 3112 526 3172 haec
549 3114 650 3192 stipite
674 3132 763 3175 crura
785 3118 898 3196 teneri,

154 3202 205 3264 llla
226 3199 309 3263 dolet
331 3201 397 3262 fieri
419 3200 523 3281 longos
546 3219 599 3262 sua
623 3202 760 3263 bracchia
783 3222 900 3265 ramos.

153 3290 289 3370 Dumque
313 3308 349 3351 ea
370 3291 540 3371 mirantur,
562 3291 770 3370 complectitur
791 3294 913 3371 inguina
935 3299 1055 3375 cortex,

152 3379 271 3459 Perque
284 3378 395 3459 gradus
411 3386 531 3442 uterum
544 3387 709 3460 pectusque
718 3397 898 3460 umerosque
912 3400 1075 3463 manusque

83 3479 138 3532 333
152 3467 274 3548 dmhit,
297 3475 329 3529 et
351 3467 507 3529 exstabant
528 3476 644 3530 tantum
667 3486 720 3530 ora
741 3472 876 3531 vocantia
899 3478 1041 3533 matrem.

154 3557 232 3631 Quid
255 3557 345 3618 iaciat
367 3564 485 3638 mater,
507 3556 587 3639 nisi,
610 3574 670 3638 quo
693 3556 791 3619 trahat
812 3560 943 3640 impetus
965 3559 1063 3640 illam,
