2467 4042
474 201 531 273 m,
550 207 708 259 rer-aer.
835 221 907 258 nm·
1036 202 1100 267 195

165 369 290 432 Pressit
311 367 348 431 ab
369 368 418 430 his
440 386 565 430 rocem.
592 386 650 430 nec
671 367 769 431 leuius
791 366 884 430 altera
905 370 988 449 virgo

76 470 148 523 τω
167 459 299 521 Aestuat
310 505 321 537 ,
347 465 442 536 utque
469 455 550 520 celer
578 458 680 518 venias
691 506 702 540 ,
723 455 914 540 Hymenaee,
940 464 1098 538 precatur.

169 546 261 619 Quod
283 548 360 628 petit
381 546 477 628 liaeo,
498 543 661 608 Telethusa
682 547 792 607 timens
815 544 903 606 modo
926 553 1061 626 tempora

981 635 1100 717 diflert,

169 724 260 789 Nunc
284 725 354 787 licto
376 723 519 804 languore
541 741 657 786 moram
679 722 772 785 trahit
782 770 792 806 ,
814 724 913 785 omina
935 740 1024 804 saepe

170 812 303 894 Visaque
326 820 489 877 causatur.
516 812 570 874 sed
591 813 653 874 lam
674 820 901 892 consumpserat
922 829 1042 875 omnem

169 902 328 964 llateriom
349 902 429 983 lleti,
451 899 599 980 dilataque
622 908 758 981 tempora
779 901 882 963 taedae

78 1002 152 1054 ’1‘10
168 991 371 1072 Institeram,
393 1007 532 1069 unusque
555 989 620 1050 dies
643 987 796 1051 restabat.
824 989 926 1051 atille

169 1079 326 1142 Crinalem
347 1079 439 1159 capiti
457 1080 560 1141 vitum
582 1085 729 1157 nataeque
752 1077 868 1158 sibique

167 1167 333 1249 lletrahit,
355 1174 387 1229 et
406 1169 502 1247 passis
526 1183 608 1228 aram
630 1165 783 1246 complexa
797 1165 918 1246 'capillis

168 1252 229 1318 ‘lsi
240 1305 250 1340 ,
271 1255 480 1320 Paraetonium
498 1254 718 1335 Mareoticaque
741 1273 810 1316 arva
831 1254 1011 1334 Pharonque

168 1345 259 1417 Quae
282 1343 355 1407 colis
367 1391 378 1426 ,
401 1351 432 1406 et
453 1350 569 1423 septem
591 1343 740 1423 digestum
760 1345 794 1405 iu
816 1361 928 1406 cornua
950 1342 1068 1406 Nilum:

83 1443 153 1497 '1⁶1⁶
167 1433 251 1515 Fer,
268 1427 405 1514 precor,'
419 1434 517 1511 inquit
531 1427 653 1514 ‘opem,
670 1440 833 1512 nostreque
846 1432 967 1494 medere
982 1432 1097 1493 timori.

167 1521 238 1602 Te,
260 1521 337 1603 dea,
359 1528 391 1583 te
414 1520 563 1600 quondam
584 1528 695 1601 uiaque
718 1520 792 1584 haec
814 1522 944 1600 insignia
964 1520 1025 1581 vidi

170 1608 365 1690 [Cunctaque
387 1611 537 1691 cognovi,
557 1611 689 1671 sonitum
712 1612 940 1690 comitantiaque
963 1606 1046 1686 aera]

169 1697 366 1781 sistrorum,
387 1699 572 1778 memorique
595 1700 693 1760 animo
716 1706 769 1762 tun
790 1700 872 1761 iussa
893 1700 1010 1760 notavi.

170 1786 264 1871 Quod
285 1786 366 1849 videt
386 1786 461 1848 haec
482 1785 604 1867 lucem,
626 1785 708 1866 quod
729 1804 790 1849 non
804 1805 859 1867 ego
872 1789 1005 1868 punior,
1028 1803 1098 1848 ecco

90 1889 154 1941 'tao
170 1874 344 1938 Consilium
363 1893 532 1955 munusque
555 1882 642 1937 tuum
664 1882 732 1938 eet.
761 1877 905 1937 miserere
929 1875 1073 1957 duarum,

169 1963 352 2043 Auxilioque
375 1966 443 2026 iuva
457 1959 477 2025 .'
491 1962 643 2025 'lacrimae
667 1970 739 2026 sunt
760 1963 851 2025 verba
872 1972 1010 2026 secutae.

170 2051 244 2113 Visa
266 2051 322 2113 (lea
343 2060 392 2114 est
412 2054 540 2114 movisse
563 2070 657 2135 suas,
679 2060 710 2114 ot
732 2061 886 2135 moverat,
909 2070 993 2134 eras,

172 2139 217 2202 Et
236 2140 340 2221 templi
363 2147 514 2203 tremuere
536 2140 641 2222 iores,
662 2142 836 2220 imitataque
857 2141 959 2203 lunam

175 2228 297 2291 Cornua
319 2228 470 2292 luserunt
481 2276 492 2311 ,
514 2231 692 2309 crepuitque
714 2229 846 2291 semlaile
869 2231 1010 2291 sistrum.

93 2328 158 2383 ¹285
173 2317 243 2379 Non
264 2334 372 2379 recma
394 2317 537 2399 quidem,
560 2318 658 2380 latrsto
680 2325 780 2379 tamen
803 2320 902 2379 omine
924 2318 1002 2380 laeta

173 2405 270 2468 Mater
292 2404 355 2467 abit
377 2404 509 2488 templo.
538 2408 675 2486 sequitur
699 2424 798 2469 comcs
821 2406 902 2486 lphis
926 2413 1065 2488 euntem,

175 2494 272 2566 mam
295 2493 382 2556 solita
407 2501 476 2577 est,
499 2496 610 2556 maiore
638 2493 754 2574 gradu:
775 2513 833 2557 neo
860 2493 971 2557 cmdor
992 2496 1024 2556 in
1047 2511 1100 2555 ore

173 2583 357 2665 Permanet,
379 2591 410 2646 et
431 2585 511 2644 vires
533 2590 705 2665 augentur,
725 2590 757 2646 et
778 2585 876 2646 acrior
897 2585 963 2663 ipse
985 2590 1033 2644 est
1108 2580 1111 2585 ’

174 2669 306 2755 Vultus,
328 2679 359 2734 et
380 2672 540 2751 incomptis
562 2672 683 2735 brevior
705 2689 846 2735 mensim
867 2671 999 2753 capillis:

99 2773 160 2826 ’teo
173 2760 308 2840 Plusque
320 2762 431 2840 vigoris
444 2759 550 2843 adest,
567 2759 675 2823 habuit
686 2777 775 2839 quam
788 2761 920 2823 umine.
942 2777 1011 2823 uam
1024 2777 1100 2839 quae

175 2848 299 2910 Femina
320 2867 418 2930 nuper
440 2866 507 2910 eras
519 2897 530 2932 ,
552 2867 629 2930 puer
652 2867 706 2910 es.
735 2849 803 2912 date
825 2867 951 2911 munera
965 2848 1100 2929 templis,

176 2936 240 2999 Neo
261 2937 365 3001 timida
385 2936 512 3018 gatndeto
534 2935 614 2999 toci
638 2937 710 2999 dant
731 2955 859 3001 munera
878 2936 1015 3018 templis,

177 3024 299 3089 Addunt
320 3033 352 3088 et
373 3026 513 3089 titulum:
536 3025 644 3089 titulus
665 3024 757 3088 breve
779 3044 899 3088 carmen
921 3024 1049 3088 habebat

178 3110 273 3177 ‘Dona
295 3132 373 3195 puer
396 3114 486 3176 solvit
507 3131 584 3195 quae
606 3115 717 3179 lomim
739 3121 860 3196 voveret
881 3109 993 3195 lphis’.

104 3215 162 3269 tto
176 3203 300 3266 Postera
322 3202 374 3264 lux
395 3202 487 3264 radiis
509 3201 602 3264 latum
623 3203 806 3283 patefecerat
828 3202 949 3285 orbem,
977 3208 1012 3256 ⁸·
1025 3215 1100 3257 exue.

177 3291 254 3355 (lum
271 3288 376 3355 Penus
397 3298 430 3354 et
450 3290 526 3353 luno
549 3293 708 3371 sociosque
730 3290 919 3373 Hymenaeus
941 3289 978 3351 ad
1000 3291 1084 3372 ignes

178 3379 388 3464 Conveniunt,
409 3381 584 3462 muneque
605 3397 662 3443 sun
682 3399 759 3461 puer
781 3380 862 3462 lphis
885 3377 1005 3444 lambe.

490 3528 705 3551 —n--n-—d-

836 3661 890 3714 te*
