2467 4042
389 263 713 340 l‚3‚16—t,63.

14 486 15 489 Ἴ
161 419 307 480 Versetur
324 417 428 493 digitis
446 421 556 478 anulus
573 435 675 494 usque
695 419 764 478 tuis.

121 499 216 576 Tange
233 518 327 563 manu
343 518 498 577 mensam,
521 507 726 577 tanguntque
746 519 832 564 more
847 514 1026 581 precantes,

158 585 286 662 Optabis
301 585 411 646 merito
428 602 498 647 cum
516 586 596 645 mala
611 588 705 646 multa
719 586 797 647 viro.

119 667 202 742 Ouod
216 669 271 730 tibi
290 670 464 745 miscuerit,
487 671 609 745 sapias,
635 669 718 730 bibat
734 671 819 747 ipse,
840 671 958 734 iubeto:

81 761 110 812 10
155 753 198 815 Tu
214 770 347 831 puerum
362 752 472 814 leviter
485 769 598 831 posce,
623 754 707 829 quod
721 755 792 830 ipsa
807 758 903 816 voles.

117 836 196 910 Quae
209 843 244 899 tu
256 838 451 912 reddideris,
474 854 533 915 ego
549 833 669 913 primus
680 842 793 915 poeula
807 855 940 915 sumam,

7 914 9 967 J
154 921 191 980 Et
207 939 270 998 qua
284 928 318 983 tu
331 921 464 998 biberiS,
486 923 546 982 hac
561 938 620 997 ego
636 931 722 999 parte
735 923 848 984 bibam.

7 1000 9 1085 ᾗ
117 1004 147 1064 st
162 1004 214 1065 tibi
228 1007 309 1067 10111
325 1007 426 1075 dabit,
444 1008 527 1082 quod
542 1008 789 1083 praegustaverit
801 1007 886 1084 ipse,

7 1088 9 1115 ³
153 1090 247 1151 Reice
262 1090 376 1153 libatos
393 1090 474 1151 illius
489 1107 544 1153 ore
559 1091 658 1151 cibos.
996 1096 999 1173 ᾗ

7 1182 9 1203 ¹
79 1172 176 1234 ttllec
189 1183 311 1252 premat
324 1173 471 1252 inpositis
485 1176 575 1236 sinito
591 1181 646 1237 1111
657 1175 737 1235 00111
750 1177 887 1251 lacertu,

7 1312 9 1339 ,
153 1259 225 1322 Mite
239 1276 298 1320 nec
317 1261 349 1318 in
364 1259 464 1334 rigido
481 1267 605 1336 pectore
621 1275 703 1336 pone
718 1267 825 1337 caput=

7 1380 9 1397 t
117 1341 176 1403 llec
191 1345 278 1405 sinus
294 1345 434 1404 admittat
449 1344 561 1419 digitos
577 1344 736 1405 habilesve
751 1345 895 1420 papillae.

157 1427 269 1489 Oscula
284 1429 454 1505 praecipue
468 1431 551 1489 nulla
566 1428 694 1488 dedisse
707 1428 797 1488 velis.

7 1556 9 1585 ,
117 1509 228 1572 Oscula
242 1513 268 1573 si
284 1512 427 1585 dederis,
450 1513 521 1572 fiam
537 1513 718 1573 manifestus
735 1518 866 1585 amator,

7 1596 9 1603 ’
80 1599 110 1653 10
157 1595 194 1656 111
209 1597 308 1658 dicam
324 1601 407 1657 ‘mea
423 1601 516 1673 sunt’,
538 1598 723 1674 iniciamque
737 1613 870 1659 manum.

7 1694 8 1703 ¹
115 1677 195 1740 Haec
211 1686 311 1741 tamen
328 1682 486 1757 aspiciam.
518 1684 573 1743 sed
590 1699 671 1758 quae
683 1682 764 1744 bene
781 1684 876 1760 pallia
890 1686 1003 1760 celant,

155 1764 210 1825 llla
222 1766 295 1827 mihi
313 1767 399 1826 caeci
414 1782 509 1826 causa
522 1766 640 1827 timoris
656 1774 754 1828 erunt.

116 1846 176 1908 Nec
190 1850 296 1912 lemori
313 1851 467 1911 committe
481 1852 595 1927 lemur,
616 1868 674 1912 nec
689 1867 777 1913 crure
792 1851 939 1928 cohaere,

156 1934 218 1994 Nec
231 1942 372 1996 tenerum
386 1934 464 1996 duro
485 1950 554 1996 cum
568 1937 650 2012 pede
665 1936 756 2011 iunge
772 1936 892 2012 pedem.

7 2050 8 2057 1
82 2014 208 2078 ltllulta
221 2019 316 2080 miser
330 2020 438 2093 timeo,
463 2020 607 2096 quialeci
625 2024 720 2082 multa
733 2029 893 2098 proterve,
947 2038 949 2041 ’

7 2102 8 2111 ’
157 2101 359 2179 Exemplique
373 2110 456 2164 metu
469 2110 618 2181 torqueor
632 2121 706 2166 ecce
721 2106 792 2169 mei.

7 2246 9 2259 ,
120 2183 214 2263 Saepe
229 2188 302 2247 mihi
318 2188 524 2263 dominaeque
539 2204 627 2250 meae
641 2197 808 2268 properata
821 2191 966 2266 voluptas

157 2272 249 2332 Veste
264 2270 323 2333 sub
339 2272 451 2333 iniecta
467 2273 557 2332 dulce
571 2276 691 2350 peregit
705 2291 797 2350 opus.

118 2352 179 2415 Hoc
190 2364 222 2416 tu
237 2372 300 2416 non
315 2357 421 2417 iacies.
451 2357 509 2416 scd
523 2374 563 2417 ne
577 2359 691 2419 iecisse
706 2358 838 2436 puteris,

83 2443 115 2498 11
161 2439 290 2502 conscia
306 2442 447 2515 detergo
463 2441 557 2517 pallia
571 2442 661 2502 deme
676 2449 738 2505 tuo.

117 2521 169 2583 Vir
179 2524 264 2586 bibat
276 2541 381 2601 usque
394 2541 481 2600 roga.
507 2527 654 2602 precibus
668 2534 769 2589 tamen
786 2528 894 2588 oscula
908 2529 1009 2590 desint
1069 2604 1071 2607 ι

155 2609 294 2686 Dumque
308 2609 400 2681 bibit,
421 2609 538 2684 furtim,
560 2611 587 2671 si
602 2618 709 2687 potes,
731 2613 812 2673 adde
826 2628 952 2675 merum.

120 2690 149 2751 Si
162 2693 239 2754 bene
254 2694 437 2770 conpositus
453 2709 563 2754 somno
578 2696 716 2771 vinoque
727 2695 854 2770 iacebit,

158 2775 324 2838 consilium
339 2777 430 2839 nobis
445 2794 559 2854 resque
573 2781 725 2856 locusque
742 2780 868 2842 dabunt.

7 2906 8 2922 t
81 2863 109 2918 tt
119 2858 189 2921 Cum
203 2877 314 2938 surges
330 2861 449 2935 abitura
464 2864 604 2938 domum,
628 2880 789 2940 surgemus
805 2873 974 2943 1101111111,

7 2928 9 3053 1
154 2945 186 3004 ln
200 2947 338 3007 medium
351 2945 459 3007 turbae
474 2948 523 3007 lac
535 2964 655 3009 memor
669 2965 778 3025 agmen
795 2967 859 3012 eas.

154 3112 308 3190 Quidquid
320 3114 364 3175 ibi
379 3116 495 3191 poteris
510 3123 650 3192 tangere,
672 3125 764 3194 tange
780 3120 848 3180 mei.

114 3194 159 3256 lle
173 3196 336 3259 miserumt
354 3201 472 3275 monui,
490 3217 606 3276 paucas
622 3203 707 3279 quod
721 3204 821 3279 prosit
834 3205 864 3265 in
878 3206 985 3268 horas,

78 3284 107 3338 to
156 3280 291 3359 Separor
305 3299 324 3343 a
338 3285 463 3345 domina
476 3291 567 3347 nocte
584 3286 707 3348 iubente
722 3305 799 3348 mea.
876 3297 879 3301 ’

113 3363 203 3426 Nocte
218 3367 268 3427 vlr
280 3368 425 3429 includet.
455 3370 588 3430 lacrimis
604 3386 662 3448 ego
678 3379 814 3434 maestus
831 3373 948 3435 obortis

153 3449 216 3525 Oua
230 3451 315 3523 licet,
330 3452 381 3511 vad
396 3470 508 3515 saevas
523 3471 697 3532 prosequar
710 3473 812 3533 usque
826 3459 933 3519 10111.ι

114 3530 220 3594 Oscula
234 3535 294 3595 iam
309 3544 418 3598 sumet.
448 3539 508 3599 iam
523 3556 584 3601 uon
598 3546 714 3601 tantum
730 3544 836 3603 oscula
850 3549 963 3603 sumata
1024 3584 1028 3591 ·
