2467 4042
153 227 196 291 84
571 228 742 280 5555555555

242 388 379 453 Videris!
411 392 476 471 lpse
499 409 636 471 sacram,
659 394 791 472 quamvis
814 393 928 454 invisus
940 438 950 472 ,
973 394 1008 454 ad
1033 412 1116 456 aram

241 479 437 559 confugiam:
459 478 553 540 nullas
577 487 743 541 summovet
765 497 815 540 ara
838 498 961 543 manus.

193 668 227 719 45
241 655 392 736 Adloquor
415 674 452 716 en
473 654 580 716 absens
602 655 735 717 absentia
757 657 879 718 numina
901 656 1044 739 supplex,

242 745 274 805 Si
297 745 341 805 fas
364 751 411 804 est
432 742 545 804 homini
568 762 637 805 cum
659 743 726 804 Iove
749 761 837 823 posse
860 743 959 823 loqui.

241 832 361 894 Arbiter
383 833 524 913 imperii,
548 850 607 910 quo
631 839 747 893 certum
770 841 816 893 est
838 834 950 911 sospite
973 842 1100 896 cunctos

241 921 388 982 Ausoniae
411 937 513 981 curam
536 921 634 998 gentis
657 919 766 981 habere
788 919 878 1001 deos,

243 1008 268 1069 0
291 1008 405 1089 decus,
428 1026 446 1068 o
468 1009 581 1087 patriae
604 1026 659 1088 per
682 1015 712 1069 te
735 1008 869 1069 florentis
891 1009 1004 1089 imago,

194 1097 336 1159 500515·
358 1113 418 1156 non
440 1098 506 1174 ipso
521 1138 534 1176 ,-
553 1113 643 1174 quem
665 1098 769 1178 regis,
791 1095 863 1156 orbe
886 1098 984 1157 minor
1005 1127 1050 1142 -

244 1185 293 1246 Sic
315 1183 432 1245 habites
454 1193 551 1244 terras
573 1193 604 1246 et
626 1192 657 1245 15
679 1184 830 1246 desideret
852 1184 972 1266 aether,

243 1273 293 1335 Sic
315 1272 351 1333 ad
374 1279 459 1353 pacta
482 1271 536 1333 tibi
560 1271 657 1333 sidera
680 1272 784 1334 tardus
807 1290 857 1334 eas
880 1304 924 1317 -

242 1362 358 1442 Parce,
380 1378 510 1441 precor,
533 1362 744 1439 minimamque
766 1369 819 1422 tuo
842 1360 879 1421 de
902 1360 1024 1422 fulmine
1046 1370 1166 1440 partem

243 1449 356 1511 Deme!
390 1452 461 1510 satis
483 1466 597 1528 poenae
620 1449 698 1529 quod
722 1447 896 1531 superabit,
919 1450 992 1510 erit.

195 1537 289 1600 55155
313 1537 432 1618 quidem
455 1537 606 1599 moderata
630 1546 680 1598 tua
703 1545 749 1598 cst
761 1584 771 1618 ,
793 1539 941 1616 vitamque
965 1534 1092 1617 dedisti,

242 1627 304 1688 Nec
327 1624 400 1687 mihi
422 1628 469 1686 ius
492 1627 565 1686 civis
587 1643 644 1686 nec
667 1626 739 1686 mihi
761 1642 869 1686 nomon
893 1624 992 1705 abest,

243 1715 304 1776 Nec
326 1731 392 1775 mea
410 1731 552 1775 concessa
574 1721 622 1774 cst
644 1712 707 1774 51115
730 1713 870 1788 fortuna,
894 1730 950 1773 nec
973 1712 1040 1774 exul

243 1803 341 1864 Edicti
363 1801 461 1863 verbis
484 1803 630 1874 nominorv
644 1802 709 1880 ipsc
731 1803 794 1862 tui.

244 1890 407 1969 Omniaque
430 1889 503 1950 haec
527 1890 635 1970 timui,
658 1892 726 1968 qnia
749 1907 795 1949 me
819 1889 964 1950 meruisse
988 1886 1146 1970 ridebam3

196 1993 230 2042 ao
246 1979 304 2040 Sed
327 1986 377 2039 tna
401 1985 522 2057 peceato
545 1976 641 2038 lenior
664 1979 708 2038 ira
730 1995 796 2037 meo
820 1985 875 2039 551

244 2068 321 2128 Arra
344 2066 507 2145 relegatum
528 2067 643 2126 iussisti
665 2067 760 2126 visere
783 2064 888 2146 Ponti,

244 2154 284 2216 El
306 2155 476 2234 Scythicum
499 2154 625 2233 profuga
647 2152 783 2214 scindere
805 2171 906 2233 puppe
928 2153 1053 2214 fretum.

245 2244 347 2305 lussus
370 2242 405 2304 ad
428 2242 537 2303 Euxini
560 2242 703 2302 deformia
725 2242 811 2302 litora
835 2244 901 2302 veni

245 2332 391 2411 Aequoris
412 2362 450 2377 -
471 2330 544 2392 haec
567 2329 663 2410 gelido
686 2337 767 2390 terra
790 2328 846 2390 sub
869 2347 921 2390 axe
945 2331 1022 2390 iacet
1041 2361 1080 2371 —

198 2433 231 2482 55
246 2419 307 2481 Ν55
331 2438 378 2480 me
401 2428 460 2480 tam
484 2420 597 2480 cruciat
620 2435 782 2498 numquam
811 2421 875 2479 sine
898 2418 1007 2497 frigore
1030 2416 1171 2494 caelum,

172 2501 178 2506 ”
246 2506 396 2586 Glebaque
420 2509 538 2568 canenti
561 2524 679 2586 semper
701 2505 807 2567 obusta
830 2505 915 2587 gelu,

245 2596 410 2675 Nesciaque
433 2603 480 2656 est
502 2598 582 2655 vocis
606 2595 685 2674 quod
708 2593 833 2655 barbara
855 2594 955 2673 lingua
977 2592 1119 2675 Latinae,

246 2684 416 2763 Graecaque
440 2682 517 2761 quod
542 2681 645 2744 Getico
669 2684 745 2743 victa
767 2681 895 2761 loquella
918 2699 990 2742 sono
1013 2689 1079 2763 cst3

246 2774 341 2844 Quam
364 2770 443 2851 quod
466 2771 590 2832 finitimo
615 2773 731 2832 cinctus
753 2788 874 2850 premor
897 2769 1027 2850 undique
1049 2768 1173 2853 Marte,

199 2874 233 2924 ‘lo
247 2860 361 2941 Vixque
384 2859 483 2920 breuis
505 2867 586 2920 tutos
609 2877 714 2920 murus
737 2858 773 2919 ab
797 2859 882 2920 hoste
905 2859 991 2919 facit.

246 2950 307 3011 Pax
329 2957 430 3011 tamen
452 2948 602 3009 interdum
626 2955 673 3007 est
685 2994 694 3028 ,
716 2950 798 3026 pacis
820 2946 926 3008 fiducia
949 2963 1133 3024 numquam.

249 3037 298 3099 Sic
319 3036 369 3098 hic
392 3053 472 3097 nunc
494 3038 630 3117 patitur,
652 3053 733 3097 nunc
755 3038 841 3097 timet
863 3053 943 3095 arma
966 3034 1066 3095 locus.

247 3125 323 3186 ilinc
347 3143 402 3204 ego
425 3123 496 3185 dum
519 3132 640 3205 muter,
663 3123 710 3184 551
732 3142 779 3184 mc
802 3123 943 3184 Zanclaea
966 3121 1134 3202 Charybdis

249 3213 377 3274 Devoret
399 3219 488 3292 atque
512 3214 575 3272 suis
598 3212 634 3274 ad
658 3211 747 3292 Styga
770 3214 866 3274 mittat
889 3213 989 3291 aquis,

201 3314 234 3364 15
249 3301 302 3362 Vel
324 3301 443 3381 rapidae
466 3301 592 3360 flammis
616 3318 686 3362 urar
708 3302 855 3380 patienter
876 3302 908 3360 in
930 3300 1058 3380 Aetnae,

248 3389 301 3449 Vel
324 3390 399 3450 freta
420 3386 562 3470 Leucadii
584 3391 685 3450 mittar
707 3391 739 3449 in
761 3388 819 3450 5115
841 3388 909 3450 dei.

241 3476 334 3547 'Quod
345 3478 480 3557 petimus,
494 3493 586 3556 poena
595 3484 653 3537 est.
672 3494 767 3556 neque
782 3479 860 3538 enim
873 3478 963 3538 miser
973 3491 1037 3537 esse
1052 3495 1180 3561 recuso,

250 3562 309 3624 Sed
331 3582 460 3645 precor,
484 3572 518 3625 ut
539 3567 652 3644 possim
674 3568 768 3627 tutius
791 3583 858 3627 esse
880 3567 989 3628 miser.
