2467 4042
177 208 219 272 84
360 225 442 260 arces
586 204 760 259 METAMM.

263 371 447 451 Arcebatque
470 372 533 432 suis
555 379 696 432 externos
718 368 826 433 linibus
850 388 969 432 omnes.

264 460 339 522 lluic
362 477 480 540 quoque
504 454 587 520 ‘vade
610 457 737 540 procul,
760 476 797 519 ne
820 458 906 538 longe
929 458 1024 539 gloria
1047 478 1177 543 rerum,

198 561 250 612 666
265 549 358 621 Qunam
381 549 517 609 mentiris
530 542 551 629 ,'
574 548 615 607 ait
639 542 737 625 ‘longe
760 545 815 608 tibl
837 545 970 627 luppiter
993 547 1072 609 absit
1080 545 1104 628 ,'

264 637 387 717 Vimque
410 638 498 697 minis
521 635 601 697 addit
624 633 819 716 manibusque
842 632 991 715 expellere
1014 643 1146 717 temptat

265 725 458 787 Cunctantem
482 731 512 785 66
534 722 655 804 placidis
678 723 853 786 miscentem
875 724 964 785 fortia
986 723 1094 786 dictis.

263 813 381 876 Viribus
404 813 529 874 inierior
552 844 594 857 -
618 813 685 891 quis
709 813 788 872 enim
810 829 864 891 per
888 821 968 874 esset
990 812 1106 875 Atlanti

264 897 469 964 1116116661-
484 895 526 961 ‘at
548 901 687 980 quoniam
709 901 792 980 parvi
814 898 869 962 tibi
890 903 986 980 gratia
998 909 1105 963 nostra
1126 911 1192 983 est,

198 1003 249 1053 666
264 992 372 1071 Accipe
395 1006 503 1050 munus
517 983 537 1051 l’
561 991 623 1070 ait,
645 987 785 1067 laevaque
809 1006 826 1048 a
847 996 932 1068 parto
954 988 1098 1051 Medusae

264 1079 331 1159 lpse
354 1086 540 1141 retroversus
563 1075 728 1157 squalentia
750 1076 876 1156 protulit
898 1095 967 1139 ora.

265 1168 399 1240 Orrantus
412 1173 498 1247 erat,
516 1183 601 1227 mons
616 1165 711 1226 iactus
724 1164 822 1226 Atlas.
836 1183 905 1226 nem
918 1164 1009 1227 barba
1024 1184 1190 1247 comaeque

264 1256 297 1316 ln
320 1255 407 1316 silvas
431 1252 561 1335 abeunt,
584 1255 653 1333 iuga
675 1260 746 1314 sunt
768 1255 923 1333 umerique
947 1272 1136 1335 manusque3

264 1342 349 1415 Quod
373 1350 461 1423 caput
483 1350 551 1404 ante
574 1342 652 1423 iuit,
675 1358 790 1402 summo
804 1350 852 1403 est
864 1343 895 1403 in
909 1349 1009 1403 monte
1024 1361 1190 1424 cacumen3

144 1494 148 1500 ,
198 1445 250 1495 666
265 1432 339 1493 Ossa
361 1431 435 1512 lapis
458 1431 553 1492 fiunt.
578 1438 642 1491 tum
663 1437 763 1509 partes
787 1439 891 1491 auctus
914 1432 945 1491 in
969 1448 1074 1492 omnes

265 1519 364 1582 Crevit
384 1523 416 1581 in
439 1521 607 1580 inmensum
631 1550 673 1563 -
697 1519 741 1580 sic
763 1517 794 1578 dl
816 1519 962 1580 statuistis
983 1529 1075 1580 -et
1099 1538 1189 1581 omne

265 1608 339 1670 Cum
362 1616 407 1670 tot
424 1606 573 1668 sideribus
596 1605 711 1668 caelum
733 1607 880 1686 requierit
902 1608 934 1667 iu
951 1605 1019 1669 illo.

308 1696 460 1757 Clauserat
482 1695 661 1776 Hippotades
684 1702 805 1756 aeterno
829 1712 950 1757 carcero
972 1705 1096 1778 ventos,
1121 1710 1144 1750 r·
1157 1709 1188 1752 u.

263 1785 495 1864 Admonitorque
518 1801 643 1864 operum
666 1783 747 1845 coelo
770 1782 950 1845 clarissimus
974 1783 1032 1845 alto

199 1874 384 1936 6661661166
408 1881 492 1934 ortos
515 1879 600 1933 6666.
627 1874 734 1951 pennis
756 1871 828 1951 ligat
849 1870 898 1933 ille
920 1875 1083 1952 resumptis

263 1962 350 2024 Parte
374 1961 410 2022 ab
433 1969 559 2040 utraque
581 1960 674 2040 pedes
686 2006 695 2040 ,
719 1958 837 2039 teloque
860 1961 1024 2039 accingitur
1048 1979 1148 2044 unco,

142 2084 144 2087 ·
264 2049 302 2111 Et
323 2049 468 2129 liquidum
491 2051 579 2110 motis
600 2047 743 2109 talaribus
766 2053 833 2109 6666
856 2047 956 2109 findit.

265 2137 408 2199 Gentibus
430 2139 595 2199 innumeris
618 2139 791 2215 circumque
814 2136 950 2216 infraque
973 2136 1086 2200 relictis

264 2225 442 2305 Aethiopum
465 2226 612 2306 populos,
636 2224 812 2305 Cepheaque
835 2226 981 2304 conspicit
1002 2243 1087 2287 arva.

199 2328 251 2378 oio
265 2313 327 2376 lllie
349 2315 517 2375 inmeritam
540 2321 690 2374 maternae
712 2311 843 2392 pendere
866 2312 983 2393 linguae

264 2401 469 2463 Andromedan
491 2419 602 2481 poenes
624 2402 736 2462 inmitis
759 2402 888 2462 iusserat
907 2401 1050 2464 Ammon.

265 2491 358 2563 Quam
382 2490 468 2552 simul
492 2490 528 2551 ad
551 2490 640 2552 duras
663 2488 814 2569 religatam
836 2488 974 2551 bracchia
996 2499 1099 2553 cautes

265 2578 344 2640 Vidit
365 2577 563 2660 Abantiades,
587 2610 629 2623 -
653 2579 711 2639 nisi
735 2578 814 2657 quod
836 2577 909 2639 levis
932 2595 1004 2641 aura
1026 2579 1148 2660 capillos

264 2667 416 2749 Moverat,
439 2675 470 2728 et
491 2666 590 2747 tepido
613 2664 771 2728 manabant
792 2665 903 2729 lumina
921 2666 1011 2749 llotu,

199 2768 249 2818 666
264 2755 461 2817 Marmoreum
484 2764 566 2817 ratus
585 2763 666 2817 esset
688 2772 763 2834 opus
786 2786 828 2799 -
853 2753 943 2816 trahit
963 2757 1078 2818 inscius
1100 2759 1181 2836 ignes

264 2843 303 2905 116
325 2852 446 2924 stupet.
475 2846 597 2905 eximiae
622 2851 779 2922 correptus
801 2845 928 2923 imagine
952 2844 1065 2906 lormae

264 2932 361 2994 Paene
385 2950 453 2994 suas
476 2941 598 3011 quatere
622 2940 669 2994 666
691 2930 800 2993 oblitus
822 2932 854 2993 in
877 2937 945 2993 aire
968 2950 1104 3012 pennas.

265 3019 304 3081 Ut
326 3023 431 3102 stetit,
454 3015 495 3081 ‘o’
518 3021 592 3082 dixit
615 3015 686 3082 ‘non
709 3021 774 3081 istis
797 3018 885 3100 digna
906 3023 1036 3102 catonis,

266 3108 326 3170 Sed
348 3109 456 3188 quibus
478 3111 557 3170 inter
575 3127 607 3170 se
631 3106 732 3188 cupidi
752 3109 919 3187 iunguntur
940 3118 1075 3170 amantes
1086 3156 1097 3191 ,

199 3209 250 3259 666
264 3196 363 3259 Pande
387 3198 552 3277 requirenti
574 3215 683 3259 nomen
705 3205 861 3276 terresque
884 3205 1046 3278 tuumque,

264 3285 303 3347 Et
325 3304 379 3348 cur
402 3286 495 3348 vincla
518 3280 633 3365 geras?
660 3286 756 3365 primo
781 3284 848 3347 silet
870 3283 919 3347 ills
931 3332 941 3366 ,
962 3303 1019 3347 nec
1042 3286 1132 3348 audet

266 3373 420 3455 Appellare
443 3377 541 3436 virum
562 3377 668 3455 virgo;
692 3372 887 3453 manibusque
909 3373 1059 3436 modestos

265 3462 397 3524 Gelassot
418 3462 540 3544 vultus,
563 3465 589 3524 si
612 3480 673 3524 non
696 3461 816 3541 religate
839 3463 961 3524 luisset.

266 3549 411 3631 Lumine,
434 3549 512 3628 quod
535 3553 632 3629 potuit
644 3598 654 3632 ,
676 3550 805 3612 lacrimis
828 3550 960 3633 implerit
982 3549 1115 3615 obortis.
