<?xml version="1.0" encoding="UTF-8"?>
<!DOCTYPE html PUBLIC "-//W3C//DTD XHTML 1.0 Transitional//EN"
    "http://www.w3.org/TR/xhtml1/DTD/xhtml1-transitional.dtd">
<html xmlns="http://www.w3.org/1999/xhtml" xml:lang="en" lang="en">
 <head>
  <title>
</title>
<meta http-equiv="Content-Type" content="text/html;charset=utf-8" />
  <meta name='ocr-system' content='tesseract 3.04.00' />
  <meta name='ocr-capabilities' content='ocr_page ocr_carea ocr_par ocr_line ocrx_word'/>
</head>
<body>
  <div class='ocr_page' id='page_1' title='image "./povidiusnaso00ehwagoog_1220.png"; bbox 0 0 2467 4042; ppageno 0'>
   <div class='ocr_carea' id='block_1_1' title="bbox 188 217 785 302">
    <p class='ocr_par' dir='ltr' id='par_1_1' title="bbox 188 217 785 302">
     <span class='ocr_line' id='line_1_1' title="bbox 188 217 785 302; baseline 0.003 -35"><span class='ocrx_word' id='word_1_1' title='bbox 188 217 253 282; x_wconf 83' lang='lat'><strong>334</strong></span> <span class='ocrx_word' id='word_1_2' title='bbox 474 290 480 302; x_wconf 25' lang='grc' dir='ltr'>ι</span> <span class='ocrx_word' id='word_1_3' title='bbox 593 218 785 269; x_wconf 77' lang='grc'>55555555</span> 
     </span>
    </p>
   </div>
   <div class='ocr_carea' id='block_1_2' title="bbox 229 380 1196 3641">
    <p class='ocr_par' dir='ltr' id='par_1_2' title="bbox 229 380 1196 3641">
     <span class='ocr_line' id='line_1_2' title="bbox 229 380 960 460; baseline 0 -16"><span class='ocrx_word' id='word_1_4' title='bbox 229 395 263 444; x_wconf 86' lang='grc'><strong>55</strong></span> <span class='ocrx_word' id='word_1_5' title='bbox 322 382 404 453; x_wconf 85' lang='lat' dir='ltr'><strong>Quos</strong></span> <span class='ocrx_word' id='word_1_6' title='bbox 427 399 481 460; x_wconf 79' lang='lat' dir='ltr'><strong>ego</strong></span> <span class='ocrx_word' id='word_1_7' title='bbox 505 380 644 441; x_wconf 85' lang='lat' dir='ltr'><strong>Romanis</strong></span> <span class='ocrx_word' id='word_1_8' title='bbox 667 381 860 443; x_wconf 80' lang='lat' dir='ltr'><strong>succubuisse</strong></span> <span class='ocrx_word' id='word_1_9' title='bbox 883 383 960 444; x_wconf 88' lang='lat' dir='ltr'><strong>tuli.</strong></span> 
     </span>
     <span class='ocr_line' id='line_1_3' title="bbox 277 470 1196 550; baseline -0.001 -19"><span class='ocrx_word' id='word_1_10' title='bbox 277 470 334 531; x_wconf 87' lang='lat' dir='ltr'><strong>Sed</strong></span> <span class='ocrx_word' id='word_1_11' title='bbox 358 488 454 550; x_wconf 88' lang='lat' dir='ltr'><strong>neque</strong></span> <span class='ocrx_word' id='word_1_12' title='bbox 474 471 643 549; x_wconf 86' lang='lat' dir='ltr'><strong>paeniteat,</strong></span> <span class='ocrx_word' id='word_1_13' title='bbox 666 487 722 530; x_wconf 92' lang='lat' dir='ltr'><strong>nec</strong></span> <span class='ocrx_word' id='word_1_14' title='bbox 744 488 817 549; x_wconf 82' lang='lat' dir='ltr'><strong>gens</strong></span> <span class='ocrx_word' id='word_1_15' title='bbox 835 470 908 531; x_wconf 90' lang='lat' dir='ltr'><strong>mibi</strong></span> <span class='ocrx_word' id='word_1_16' title='bbox 933 474 1041 534; x_wconf 83' lang='lat' dir='ltr'><strong>carior</strong></span> <span class='ocrx_word' id='word_1_17' title='bbox 1063 473 1129 534; x_wconf 90' lang='lat' dir='ltr'><strong>nlla</strong></span> <span class='ocrx_word' id='word_1_18' title='bbox 1150 483 1196 533; x_wconf 85' lang='lat' dir='ltr'><strong>est.</strong></span> 
     </span>
     <span class='ocr_line' id='line_1_4' title="bbox 321 557 1153 640; baseline 0.005 -21"><span class='ocrx_word' id='word_1_19' title='bbox 321 559 376 619; x_wconf 93' lang='lat' dir='ltr'><strong>llic</strong></span> <span class='ocrx_word' id='word_1_20' title='bbox 399 558 502 638; x_wconf 84' lang='lat' dir='ltr'><strong>colar,</strong></span> <span class='ocrx_word' id='word_1_21' title='bbox 524 557 572 617; x_wconf 90' lang='lat' dir='ltr'><strong>bic</strong></span> <span class='ocrx_word' id='word_1_22' title='bbox 595 567 711 618; x_wconf 87' lang='lat' dir='ltr'><strong>teneam</strong></span> <span class='ocrx_word' id='word_1_23' title='bbox 735 576 802 619; x_wconf 90' lang='lat' dir='ltr'><strong>cum</strong></span> <span class='ocrx_word' id='word_1_24' title='bbox 826 559 893 619; x_wconf 90' lang='grc'>1555</span> <span class='ocrx_word' id='word_1_25' title='bbox 917 561 1037 640; x_wconf 88' lang='lat' dir='ltr'><strong>templa</strong></span> <span class='ocrx_word' id='word_1_26' title='bbox 1065 579 1153 623; x_wconf 88' lang='lat' dir='ltr'><strong>meo.</strong></span> 
     </span>
     <span class='ocr_line' id='line_1_5' title="bbox 276 641 1081 729; baseline 0.005 -22"><span class='ocrx_word' id='word_1_27' title='bbox 276 647 342 729; x_wconf 90' lang='lat' dir='ltr'><strong>lpse</strong></span> <span class='ocrx_word' id='word_1_28' title='bbox 364 647 437 707; x_wconf 90' lang='lat' dir='ltr'><strong>mibi</strong></span> <span class='ocrx_word' id='word_1_29' title='bbox 459 646 575 706; x_wconf 87' lang='grc'>1155555</span> <span class='ocrx_word' id='word_1_30' title='bbox 598 641 800 708; x_wconf 74' lang='lat' dir='ltr'><strong>“commendo</strong></span> <span class='ocrx_word' id='word_1_31' title='bbox 822 643 969 709; x_wconf 88' lang='lat' dir='ltr'><strong>moenia&#39;&#39;</strong></span> <span class='ocrx_word' id='word_1_32' title='bbox 995 649 1081 711; x_wconf 81' lang='lat' dir='ltr'>dixit</span> 
     </span>
     <span class='ocr_line' id='line_1_6' title="bbox 321 731 1126 815; baseline 0.005 -20"><span class='ocrx_word' id='word_1_33' title='bbox 321 731 429 796; x_wconf 76' lang='lat' dir='ltr'><strong>“Haec</strong></span> <span class='ocrx_word' id='word_1_34' title='bbox 451 733 527 797; x_wconf 88' lang='lat' dir='ltr'><strong>tibi.</strong></span> <span class='ocrx_word' id='word_1_35' title='bbox 569 741 603 795; x_wconf 88' lang='lat' dir='ltr'><strong>tu</strong></span> <span class='ocrx_word' id='word_1_36' title='bbox 625 734 739 814; x_wconf 91' lang='lat' dir='ltr'><strong>pollens</strong></span> <span class='ocrx_word' id='word_1_37' title='bbox 761 735 836 797; x_wconf 90' lang='lat' dir='ltr'><strong>urbe</strong></span> <span class='ocrx_word' id='word_1_38' title='bbox 859 739 981 815; x_wconf 83' lang='lat' dir='ltr'><strong>nepotis</strong></span> <span class='ocrx_word' id='word_1_39' title='bbox 1006 733 1126 800; x_wconf 89' lang='lat' dir='ltr'><strong>eris.”</strong></span> 
     </span>
     <span class='ocr_line' id='line_1_7' title="bbox 229 822 1172 902; baseline 0.001 -17"><span class='ocrx_word' id='word_1_40' title='bbox 229 824 359 885; x_wconf 82' lang='grc'>55111555</span> <span class='ocrx_word' id='word_1_41' title='bbox 382 822 455 883; x_wconf 85' lang='lat' dir='ltr'><strong>tides</strong></span> <span class='ocrx_word' id='word_1_42' title='bbox 478 824 636 902; x_wconf 88' lang='lat' dir='ltr'><strong>seqnitur.</strong></span> <span class='ocrx_word' id='word_1_43' title='bbox 678 831 797 885; x_wconf 87' lang='lat' dir='ltr'><strong>centum</strong></span> <span class='ocrx_word' id='word_1_44' title='bbox 821 824 1013 886; x_wconf 81' lang='lat' dir='ltr'><strong>celebramus</strong></span> <span class='ocrx_word' id='word_1_45' title='bbox 1036 828 1074 887; x_wconf 91' lang='lat' dir='ltr'><strong>in</strong></span> <span class='ocrx_word' id='word_1_46' title='bbox 1100 829 1172 888; x_wconf 89' lang='lat' dir='ltr'><strong>aris:</strong></span> 
     </span>
     <span class='ocr_line' id='line_1_8' title="bbox 320 911 1071 990; baseline 0.004 -17"><span class='ocrx_word' id='word_1_47' title='bbox 320 912 381 973; x_wconf 88' lang='lat' dir='ltr'><strong>Nec</strong></span> <span class='ocrx_word' id='word_1_48' title='bbox 403 911 496 971; x_wconf 88' lang='grc'>155155</span> <span class='ocrx_word' id='word_1_49' title='bbox 519 912 625 990; x_wconf 84' lang='lat' dir='ltr'><strong>quovis</strong></span> <span class='ocrx_word' id='word_1_50' title='bbox 648 919 693 972; x_wconf 91' lang='lat' dir='ltr'><strong>est</strong></span> <span class='ocrx_word' id='word_1_51' title='bbox 715 912 789 972; x_wconf 90' lang='lat' dir='ltr'><strong>mibi</strong></span> <span class='ocrx_word' id='word_1_52' title='bbox 811 915 922 973; x_wconf 78' lang='lat' dir='ltr'><strong>mensis</strong></span> <span class='ocrx_word' id='word_1_53' title='bbox 945 913 1071 976; x_wconf 85' lang='lat' dir='ltr'><strong>bonor.</strong></span> 
     </span>
     <span class='ocr_line' id='line_1_9' title="bbox 275 999 1189 1080; baseline 0.004 -19"><span class='ocrx_word' id='word_1_54' title='bbox 275 1000 337 1062; x_wconf 88' lang='lat' dir='ltr'><strong>Nee</strong></span> <span class='ocrx_word' id='word_1_55' title='bbox 355 1009 452 1062; x_wconf 88' lang='grc'>555555</span> <span class='ocrx_word' id='word_1_56' title='bbox 471 999 551 1060; x_wconf 83' lang='grc'>15555</span> <span class='ocrx_word' id='word_1_57' title='bbox 570 999 657 1062; x_wconf 90' lang='lat' dir='ltr'><strong>nobis</strong></span> <span class='ocrx_word' id='word_1_58' title='bbox 675 1001 877 1062; x_wconf 86' lang='lat' dir='ltr'><strong>tantummodo</strong></span> <span class='ocrx_word' id='word_1_59' title='bbox 894 1011 1034 1080; x_wconf 74' lang='lat' dir='ltr'><strong>praestat</strong></span> <span class='ocrx_word' id='word_1_60' title='bbox 1058 1002 1189 1065; x_wconf 87' lang='lat' dir='ltr'><strong>bonoren</strong></span> 
     </span>
     <span class='ocr_line' id='line_1_10' title="bbox 320 1087 1090 1153; baseline 0.004 -3"><span class='ocrx_word' id='word_1_61' title='bbox 320 1088 433 1150; x_wconf 85' lang='lat' dir='ltr'><strong>Roma.</strong></span> <span class='ocrx_word' id='word_1_62' title='bbox 475 1087 639 1148; x_wconf 82' lang='lat' dir='ltr'><strong>suburbani</strong></span> <span class='ocrx_word' id='word_1_63' title='bbox 662 1089 732 1150; x_wconf 86' lang='lat' dir='ltr'><strong>dant</strong></span> <span class='ocrx_word' id='word_1_64' title='bbox 754 1089 825 1150; x_wconf 89' lang='lat' dir='ltr'><strong>mibi</strong></span> <span class='ocrx_word' id='word_1_65' title='bbox 847 1107 957 1151; x_wconf 89' lang='lat' dir='ltr'><strong>munus</strong></span> <span class='ocrx_word' id='word_1_66' title='bbox 981 1091 1090 1153; x_wconf 85' lang='lat' dir='ltr'><strong>idem.</strong></span> 
     </span>
     <span class='ocr_line' id='line_1_11' title="bbox 277 1175 1090 1262; baseline 0.005 -25"><span class='ocrx_word' id='word_1_67' title='bbox 277 1177 414 1257; x_wconf 82' lang='lat' dir='ltr'><strong>Inspice,</strong></span> <span class='ocrx_word' id='word_1_68' title='bbox 438 1194 513 1256; x_wconf 91' lang='lat' dir='ltr'><strong>quos</strong></span> <span class='ocrx_word' id='word_1_69' title='bbox 536 1175 642 1236; x_wconf 90' lang='lat' dir='ltr'><strong>babeat</strong></span> <span class='ocrx_word' id='word_1_70' title='bbox 664 1177 822 1238; x_wconf 89' lang='lat' dir='ltr'><strong>nemoralis</strong></span> <span class='ocrx_word' id='word_1_71' title='bbox 844 1178 942 1239; x_wconf 73' lang='lat' dir='ltr'><strong>bricia</strong></span> <span class='ocrx_word' id='word_1_72' title='bbox 966 1179 1090 1262; x_wconf 80' lang='lat' dir='ltr'><strong>fastos,</strong></span> 
     </span>
     <span class='ocr_line' id='line_1_12' title="bbox 229 1263 1059 1345; baseline 0.001 -17"><span class='ocrx_word' id='word_1_73' title='bbox 229 1280 262 1328; x_wconf 87' lang='grc' dir='ltr'><strong>5ο</strong></span> <span class='ocrx_word' id='word_1_74' title='bbox 320 1265 359 1325; x_wconf 84' lang='lat' dir='ltr'><strong>Et</strong></span> <span class='ocrx_word' id='word_1_75' title='bbox 380 1264 508 1344; x_wconf 90' lang='lat' dir='ltr'><strong>populus</strong></span> <span class='ocrx_word' id='word_1_76' title='bbox 531 1263 664 1326; x_wconf 78' lang='lat' dir='ltr'><strong>Laurens</strong></span> <span class='ocrx_word' id='word_1_77' title='bbox 686 1264 907 1345; x_wconf 79' lang='lat' dir='ltr'><strong>Lanuviumque</strong></span> <span class='ocrx_word' id='word_1_78' title='bbox 930 1283 1059 1330; x_wconf 85' lang='lat' dir='ltr'><strong>meum:</strong></span> 
     </span>
     <span class='ocr_line' id='line_1_13' title="bbox 276 1352 1010 1433; baseline 0.001 -19"><span class='ocrx_word' id='word_1_79' title='bbox 276 1352 330 1415; x_wconf 84' lang='lat' dir='ltr'><strong>Est</strong></span> <span class='ocrx_word' id='word_1_80' title='bbox 351 1354 412 1415; x_wconf 89' lang='lat' dir='ltr'><strong>illic</strong></span> <span class='ocrx_word' id='word_1_81' title='bbox 435 1354 545 1414; x_wconf 86' lang='lat' dir='ltr'><strong>mensis</strong></span> <span class='ocrx_word' id='word_1_82' title='bbox 569 1352 730 1415; x_wconf 82' lang='lat' dir='ltr'><strong>Iunonius.</strong></span> <span class='ocrx_word' id='word_1_83' title='bbox 773 1356 887 1433; x_wconf 88' lang='lat' dir='ltr'><strong>inspice</strong></span> <span class='ocrx_word' id='word_1_84' title='bbox 910 1353 1010 1416; x_wconf 82' lang='lat' dir='ltr'><strong>Tibur</strong></span> 
     </span>
     <span class='ocr_line' id='line_1_14' title="bbox 320 1440 947 1522; baseline 0.002 -21"><span class='ocrx_word' id='word_1_85' title='bbox 320 1440 358 1503; x_wconf 85' lang='lat' dir='ltr'><strong>Et</strong></span> <span class='ocrx_word' id='word_1_86' title='bbox 381 1442 588 1503; x_wconf 88' lang='lat' dir='ltr'><strong>Praenestinae</strong></span> <span class='ocrx_word' id='word_1_87' title='bbox 612 1444 728 1503; x_wconf 91' lang='lat' dir='ltr'><strong>moenia</strong></span> <span class='ocrx_word' id='word_1_88' title='bbox 751 1459 835 1503; x_wconf 96' lang='grc'>55555</span> <span class='ocrx_word' id='word_1_89' title='bbox 857 1442 947 1522; x_wconf 84' lang='lat' dir='ltr'><strong>deae,</strong></span> 
     </span>
     <span class='ocr_line' id='line_1_15' title="bbox 277 1530 1030 1613; baseline 0.004 -23"><span class='ocrx_word' id='word_1_90' title='bbox 277 1530 417 1613; x_wconf 83' lang='lat' dir='ltr'><strong>lunonale</strong></span> <span class='ocrx_word' id='word_1_91' title='bbox 440 1530 521 1608; x_wconf 81' lang='lat' dir='ltr'><strong>leges</strong></span> <span class='ocrx_word' id='word_1_92' title='bbox 544 1539 683 1610; x_wconf 88' lang='lat' dir='ltr'><strong>tempus:</strong></span> <span class='ocrx_word' id='word_1_93' title='bbox 715 1549 771 1592; x_wconf 87' lang='lat' dir='ltr'><strong>nee</strong></span> <span class='ocrx_word' id='word_1_94' title='bbox 794 1531 937 1592; x_wconf 85' lang='lat' dir='ltr'><strong>Romulus</strong></span> <span class='ocrx_word' id='word_1_95' title='bbox 958 1530 1030 1593; x_wconf 86' lang='lat' dir='ltr'><strong>illas</strong></span> 
     </span>
     <span class='ocr_line' id='line_1_16' title="bbox 321 1615 1051 1698; baseline 0.003 -19"><span class='ocrx_word' id='word_1_96' title='bbox 321 1618 478 1680; x_wconf 85' lang='lat' dir='ltr'><strong>Condidit.</strong></span> <span class='ocrx_word' id='word_1_97' title='bbox 520 1626 550 1679; x_wconf 88' lang='lat' dir='ltr'><strong>at</strong></span> <span class='ocrx_word' id='word_1_98' title='bbox 572 1621 668 1679; x_wconf 91' lang='lat' dir='ltr'><strong>nostri</strong></span> <span class='ocrx_word' id='word_1_99' title='bbox 690 1618 781 1679; x_wconf 80' lang='grc'>115555</span> <span class='ocrx_word' id='word_1_100' title='bbox 804 1621 921 1698; x_wconf 87' lang='lat' dir='ltr'><strong>nepotis</strong></span> <span class='ocrx_word' id='word_1_101' title='bbox 945 1615 1051 1681; x_wconf 87' lang='lat' dir='ltr'><strong>erat.&#39;</strong></span> 
     </span>
     <span class='ocr_line' id='line_1_17' title="bbox 229 1694 1037 1784; baseline -0.002 -14"><span class='ocrx_word' id='word_1_102' title='bbox 229 1720 262 1770; x_wconf 89' lang='grc'><strong>55</strong></span> <span class='ocrx_word' id='word_1_103' title='bbox 277 1705 408 1768; x_wconf 86' lang='lat' dir='ltr'><strong>Finierat</strong></span> <span class='ocrx_word' id='word_1_104' title='bbox 429 1706 524 1768; x_wconf 90' lang='lat' dir='ltr'><strong>luno.</strong></span> <span class='ocrx_word' id='word_1_105' title='bbox 565 1694 768 1784; x_wconf 72' lang='lat' dir='ltr'><strong>resperlimus:</strong></span> <span class='ocrx_word' id='word_1_106' title='bbox 796 1705 933 1768; x_wconf 86' lang='lat' dir='ltr'><strong>Herculis</strong></span> <span class='ocrx_word' id='word_1_107' title='bbox 956 1726 1037 1768; x_wconf 86' lang='lat' dir='ltr'><strong>uxor</strong></span> 
     </span>
     <span class='ocr_line' id='line_1_18' title="bbox 322 1794 1039 1876; baseline 0.001 -21"><span class='ocrx_word' id='word_1_108' title='bbox 322 1795 445 1876; x_wconf 87' lang='lat' dir='ltr'><strong>Stabat,</strong></span> <span class='ocrx_word' id='word_1_109' title='bbox 468 1804 499 1856; x_wconf 91' lang='grc'><strong>55</strong></span> <span class='ocrx_word' id='word_1_110' title='bbox 521 1796 552 1855; x_wconf 91' lang='grc'><strong>15</strong></span> <span class='ocrx_word' id='word_1_111' title='bbox 574 1794 654 1856; x_wconf 85' lang='lat' dir='ltr'><strong>voltu</strong></span> <span class='ocrx_word' id='word_1_112' title='bbox 678 1797 759 1874; x_wconf 85' lang='lat' dir='ltr'><strong>signa</strong></span> <span class='ocrx_word' id='word_1_113' title='bbox 783 1795 908 1856; x_wconf 89' lang='lat' dir='ltr'><strong>dolentis</strong></span> <span class='ocrx_word' id='word_1_114' title='bbox 932 1806 1039 1857; x_wconf 90' lang='lat' dir='ltr'><strong>erant.</strong></span> 
     </span>
     <span class='ocr_line' id='line_1_19' title="bbox 278 1880 1015 1963; baseline 0 -19"><span class='ocrx_word' id='word_1_115' title='bbox 278 1880 357 1944; x_wconf 76' lang='lat' dir='ltr'><strong>‘Nou</strong></span> <span class='ocrx_word' id='word_1_116' title='bbox 381 1902 435 1963; x_wconf 83' lang='lat' dir='ltr'><strong>ego</strong></span> <span class='ocrx_word' id='word_1_117' title='bbox 448 1931 457 1963; x_wconf 85' lang='lat'><em>,</em></span> <span class='ocrx_word' id='word_1_118' title='bbox 481 1886 506 1944; x_wconf 92' lang='lat' dir='ltr'><strong>si</strong></span> <span class='ocrx_word' id='word_1_119' title='bbox 528 1890 590 1944; x_wconf 91' lang='lat' dir='ltr'><strong>toto</strong></span> <span class='ocrx_word' id='word_1_120' title='bbox 613 1891 708 1945; x_wconf 87' lang='lat' dir='ltr'><strong>mater</strong></span> <span class='ocrx_word' id='word_1_121' title='bbox 731 1901 777 1944; x_wconf 86' lang='lat' dir='ltr'><strong>me</strong></span> <span class='ocrx_word' id='word_1_122' title='bbox 800 1883 906 1944; x_wconf 88' lang='lat' dir='ltr'><strong>cedere</strong></span> <span class='ocrx_word' id='word_1_123' title='bbox 929 1883 1015 1944; x_wconf 90' lang='lat' dir='ltr'><strong>caelo</strong></span> 
     </span>
     <span class='ocr_line' id='line_1_20' title="bbox 321 1965 952 2053; baseline -0.005 -19"><span class='ocrx_word' id='word_1_124' title='bbox 321 1973 466 2053; x_wconf 82' lang='lat' dir='ltr'><strong>lusserit,</strong></span> <span class='ocrx_word' id='word_1_125' title='bbox 489 1973 579 2032; x_wconf 87' lang='lat' dir='ltr'><strong>inrita</strong></span> <span class='ocrx_word' id='word_1_126' title='bbox 603 1979 696 2033; x_wconf 88' lang='lat' dir='ltr'><strong>matre</strong></span> <span class='ocrx_word' id='word_1_127' title='bbox 719 1965 872 2033; x_wconf 84' lang='lat' dir='ltr'><strong>mo&#39;rabor&#39;</strong></span> <span class='ocrx_word' id='word_1_128' title='bbox 895 1973 952 2032; x_wconf 90' lang='lat' dir='ltr'><strong>ait.</strong></span> 
     </span>
     <span class='ocr_line' id='line_1_21' title="bbox 277 2056 1187 2140; baseline 0 -19"><span class='ocrx_word' id='word_1_129' title='bbox 277 2056 378 2121; x_wconf 74' lang='lat' dir='ltr'><strong>‘Nune</strong></span> <span class='ocrx_word' id='word_1_130' title='bbox 397 2077 515 2140; x_wconf 90' lang='lat' dir='ltr'><strong>qnoque</strong></span> <span class='ocrx_word' id='word_1_131' title='bbox 534 2077 592 2119; x_wconf 90' lang='lat' dir='ltr'><strong>non</strong></span> <span class='ocrx_word' id='word_1_132' title='bbox 612 2058 709 2121; x_wconf 88' lang='lat' dir='ltr'><strong>luctor</strong></span> <span class='ocrx_word' id='word_1_133' title='bbox 727 2059 764 2120; x_wconf 93' lang='lat' dir='ltr'><strong>de</strong></span> <span class='ocrx_word' id='word_1_134' title='bbox 783 2062 901 2120; x_wconf 87' lang='lat' dir='ltr'><strong>nomine</strong></span> <span class='ocrx_word' id='word_1_135' title='bbox 923 2064 1079 2140; x_wconf 87' lang='lat' dir='ltr'><strong>temporis</strong></span> <span class='ocrx_word' id='word_1_136' title='bbox 1099 2063 1187 2126; x_wconf 83' lang='lat' dir='ltr'><strong>buius:</strong></span> 
     </span>
     <span class='ocr_line' id='line_1_22' title="bbox 230 2148 1028 2230; baseline -0.003 -20"><span class='ocrx_word' id='word_1_137' title='bbox 230 2162 263 2211; x_wconf 83' lang='grc'><strong>55</strong></span> <span class='ocrx_word' id='word_1_138' title='bbox 322 2148 482 2228; x_wconf 88' lang='lat' dir='ltr'><strong>Blandior,</strong></span> <span class='ocrx_word' id='word_1_139' title='bbox 506 2156 536 2208; x_wconf 93' lang='lat' dir='ltr'><strong>et</strong></span> <span class='ocrx_word' id='word_1_140' title='bbox 558 2155 659 2226; x_wconf 87' lang='lat' dir='ltr'><strong>partes</strong></span> <span class='ocrx_word' id='word_1_141' title='bbox 681 2165 774 2227; x_wconf 88' lang='lat' dir='ltr'><strong>paene</strong></span> <span class='ocrx_word' id='word_1_142' title='bbox 797 2150 927 2226; x_wconf 81' lang='lat' dir='ltr'><strong>rogantis</strong></span> <span class='ocrx_word' id='word_1_143' title='bbox 951 2166 1028 2230; x_wconf 82' lang='lat' dir='ltr'><strong>ago,</strong></span> 
     </span>
     <span class='ocr_line' id='line_1_23' title="bbox 276 2236 1066 2317; baseline 0.006 -21"><span class='ocrx_word' id='word_1_144' title='bbox 276 2236 410 2317; x_wconf 78' lang='lat' dir='ltr'><strong>lienique</strong></span> <span class='ocrx_word' id='word_1_145' title='bbox 434 2238 493 2297; x_wconf 87' lang='lat' dir='ltr'><strong>mei</strong></span> <span class='ocrx_word' id='word_1_146' title='bbox 515 2238 590 2296; x_wconf 90' lang='lat' dir='ltr'><strong>iuris</strong></span> <span class='ocrx_word' id='word_1_147' title='bbox 612 2236 711 2296; x_wconf 88' lang='lat' dir='ltr'><strong>malim</strong></span> <span class='ocrx_word' id='word_1_148' title='bbox 734 2239 866 2297; x_wconf 91' lang='lat' dir='ltr'><strong>tenuisse</strong></span> <span class='ocrx_word' id='word_1_149' title='bbox 889 2237 1066 2314; x_wconf 85' lang='lat' dir='ltr'><strong>precando:</strong></span> 
     </span>
     <span class='ocr_line' id='line_1_24' title="bbox 321 2325 962 2403; baseline 0 -17"><span class='ocrx_word' id='word_1_150' title='bbox 321 2325 359 2386; x_wconf 87' lang='lat' dir='ltr'><strong>Et</strong></span> <span class='ocrx_word' id='word_1_151' title='bbox 381 2325 477 2385; x_wconf 89' lang='grc'>155555</span> <span class='ocrx_word' id='word_1_152' title='bbox 500 2342 606 2386; x_wconf 90' lang='lat' dir='ltr'><strong>causae</strong></span> <span class='ocrx_word' id='word_1_153' title='bbox 629 2326 752 2385; x_wconf 81' lang='lat' dir='ltr'><strong>forsitan</strong></span> <span class='ocrx_word' id='word_1_154' title='bbox 775 2327 838 2403; x_wconf 92' lang='lat' dir='ltr'><strong>ipse</strong></span> <span class='ocrx_word' id='word_1_155' title='bbox 862 2342 962 2386; x_wconf 85' lang='lat' dir='ltr'><strong>meae.</strong></span> 
     </span>
     <span class='ocr_line' id='line_1_25' title="bbox 277 2412 927 2493; baseline -0.003 -19"><span class='ocrx_word' id='word_1_156' title='bbox 277 2418 372 2475; x_wconf 79' lang='lat' dir='ltr'><strong>Aurea</strong></span> <span class='ocrx_word' id='word_1_157' title='bbox 395 2412 528 2493; x_wconf 89' lang='lat' dir='ltr'><strong>possedit</strong></span> <span class='ocrx_word' id='word_1_158' title='bbox 550 2414 631 2473; x_wconf 89' lang='grc'>55515</span> <span class='ocrx_word' id='word_1_159' title='bbox 654 2412 794 2492; x_wconf 78' lang='lat' dir='ltr'><strong>Capitolia</strong></span> <span class='ocrx_word' id='word_1_160' title='bbox 818 2412 927 2493; x_wconf 88' lang='lat' dir='ltr'><strong>templo</strong></span> 
     </span>
     <span class='ocr_line' id='line_1_26' title="bbox 320 2500 1152 2583; baseline 0.007 -21"><span class='ocrx_word' id='word_1_161' title='bbox 320 2502 436 2583; x_wconf 87' lang='lat' dir='ltr'><strong>blater,</strong></span> <span class='ocrx_word' id='word_1_162' title='bbox 459 2511 512 2583; x_wconf 90' lang='grc'><strong>55,</strong></span> <span class='ocrx_word' id='word_1_163' title='bbox 534 2508 568 2561; x_wconf 92' lang='grc'><strong>55</strong></span> <span class='ocrx_word' id='word_1_164' title='bbox 590 2500 700 2582; x_wconf 89' lang='lat' dir='ltr'><strong>debet,</strong></span> <span class='ocrx_word' id='word_1_165' title='bbox 723 2519 792 2562; x_wconf 83' lang='lat' dir='ltr'><strong>cunr</strong></span> <span class='ocrx_word' id='word_1_166' title='bbox 815 2501 882 2562; x_wconf 90' lang='grc'>1555</span> <span class='ocrx_word' id='word_1_167' title='bbox 906 2518 1023 2563; x_wconf 76' lang='lat' dir='ltr'><strong>stimma</strong></span> <span class='ocrx_word' id='word_1_168' title='bbox 1049 2512 1152 2567; x_wconf 88' lang='lat' dir='ltr'><strong>tenet.</strong></span> 
     </span>
     <span class='ocr_line' id='line_1_27' title="bbox 230 2588 1100 2669; baseline 0.003 -18"><span class='ocrx_word' id='word_1_169' title='bbox 230 2592 314 2652; x_wconf 80' lang='grc'>5515</span> <span class='ocrx_word' id='word_1_170' title='bbox 336 2590 428 2651; x_wconf 87' lang='lat' dir='ltr'><strong>decus</strong></span> <span class='ocrx_word' id='word_1_171' title='bbox 451 2607 537 2650; x_wconf 87' lang='lat' dir='ltr'><strong>omne</strong></span> <span class='ocrx_word' id='word_1_172' title='bbox 561 2588 634 2650; x_wconf 87' lang='lat' dir='ltr'><strong>mihi</strong></span> <span class='ocrx_word' id='word_1_173' title='bbox 656 2591 801 2668; x_wconf 79' lang='lat' dir='ltr'><strong>contingit</strong></span> <span class='ocrx_word' id='word_1_174' title='bbox 823 2592 936 2669; x_wconf 83' lang='lat' dir='ltr'><strong>origine</strong></span> <span class='ocrx_word' id='word_1_175' title='bbox 960 2594 1100 2655; x_wconf 87' lang='lat' dir='ltr'><strong>mensis.</strong></span> 
     </span>
     <span class='ocr_line' id='line_1_28' title="bbox 320 2677 1042 2759; baseline 0.004 -21"><span class='ocrx_word' id='word_1_176' title='bbox 320 2677 431 2740; x_wconf 89' lang='lat' dir='ltr'><strong>Unicus</strong></span> <span class='ocrx_word' id='word_1_177' title='bbox 454 2687 521 2759; x_wconf 88' lang='grc'>555,</span> <span class='ocrx_word' id='word_1_178' title='bbox 545 2677 581 2738; x_wconf 91' lang='lat' dir='ltr'><strong>de</strong></span> <span class='ocrx_word' id='word_1_179' title='bbox 605 2696 664 2757; x_wconf 88' lang='lat' dir='ltr'><strong>quo</strong></span> <span class='ocrx_word' id='word_1_180' title='bbox 687 2677 899 2758; x_wconf 85' lang='lat' dir='ltr'><strong>sollicitamur,</strong></span> <span class='ocrx_word' id='word_1_181' title='bbox 922 2677 1042 2741; x_wconf 83' lang='lat' dir='ltr'><strong>honor.</strong></span> 
     </span>
     <span class='ocr_line' id='line_1_29' title="bbox 277 2765 1152 2848; baseline 0.006 -21"><span class='ocrx_word' id='word_1_182' title='bbox 277 2766 353 2837; x_wconf 85' lang='lat' dir='ltr'><strong>Quid</strong></span> <span class='ocrx_word' id='word_1_183' title='bbox 376 2785 487 2846; x_wconf 82' lang='lat' dir='ltr'><strong>grave,</strong></span> <span class='ocrx_word' id='word_1_184' title='bbox 511 2768 536 2826; x_wconf 91' lang='lat' dir='ltr'><strong>si</strong></span> <span class='ocrx_word' id='word_1_185' title='bbox 559 2765 679 2828; x_wconf 87' lang='lat' dir='ltr'><strong>titulum</strong></span> <span class='ocrx_word' id='word_1_186' title='bbox 702 2769 812 2827; x_wconf 85' lang='grc'>5555515</span> <span class='ocrx_word' id='word_1_187' title='bbox 825 2813 834 2848; x_wconf 94' lang='grc'>,</span> <span class='ocrx_word' id='word_1_188' title='bbox 857 2766 1013 2848; x_wconf 83' lang='lat' dir='ltr'><strong>Romane,</strong></span> <span class='ocrx_word' id='word_1_189' title='bbox 1039 2768 1152 2831; x_wconf 89' lang='lat' dir='ltr'><strong>dedisti</strong></span> 
     </span>
     <span class='ocr_line' id='line_1_30' title="bbox 321 2851 990 2934; baseline 0 -19"><span class='ocrx_word' id='word_1_190' title='bbox 321 2855 457 2916; x_wconf 84' lang='lat' dir='ltr'><strong>llereulis</strong></span> <span class='ocrx_word' id='word_1_191' title='bbox 481 2856 589 2934; x_wconf 80' lang='lat' dir='ltr'><strong>uxori,</strong></span> <span class='ocrx_word' id='word_1_192' title='bbox 611 2857 829 2934; x_wconf 84' lang='lat' dir='ltr'><strong>posteritasque</strong></span> <span class='ocrx_word' id='word_1_193' title='bbox 851 2851 990 2915; x_wconf 80' lang='lat' dir='ltr'><strong>mersor?</strong></span> 
     </span>
     <span class='ocr_line' id='line_1_31' title="bbox 277 2942 1188 3028; baseline 0.003 -25"><span class='ocrx_word' id='word_1_194' title='bbox 277 2944 356 3006; x_wconf 87' lang='grc'>11555</span> <span class='ocrx_word' id='word_1_195' title='bbox 380 2961 498 3023; x_wconf 91' lang='lat' dir='ltr'><strong>quoque</strong></span> <span class='ocrx_word' id='word_1_196' title='bbox 521 2950 602 3003; x_wconf 88' lang='grc'>55555</span> <span class='ocrx_word' id='word_1_197' title='bbox 621 2942 730 3023; x_wconf 91' lang='lat' dir='ltr'><strong>aliquid</strong></span> <span class='ocrx_word' id='word_1_198' title='bbox 749 2942 840 3004; x_wconf 91' lang='lat' dir='ltr'><strong>debet</strong></span> <span class='ocrx_word' id='word_1_199' title='bbox 862 2942 933 3004; x_wconf 85' lang='lat' dir='ltr'><strong>milri</strong></span> <span class='ocrx_word' id='word_1_200' title='bbox 956 2946 1087 3008; x_wconf 87' lang='lat' dir='ltr'><strong>nomine</strong></span> <span class='ocrx_word' id='word_1_201' title='bbox 1105 2950 1188 3028; x_wconf 77' lang='lat' dir='ltr'><strong>magui</strong></span> 
     </span>
     <span class='ocr_line' id='line_1_32' title="bbox 229 3030 1048 3113; baseline -0.001 -19"><span class='ocrx_word' id='word_1_202' title='bbox 229 3045 262 3094; x_wconf 87' lang='grc'><strong>55</strong></span> <span class='ocrx_word' id='word_1_203' title='bbox 321 3033 482 3111; x_wconf 83' lang='lat' dir='ltr'><strong>Coniugis.</strong></span> <span class='ocrx_word' id='word_1_204' title='bbox 522 3030 581 3092; x_wconf 87' lang='lat' dir='ltr'><strong>bue</strong></span> <span class='ocrx_word' id='word_1_205' title='bbox 604 3039 704 3111; x_wconf 87' lang='lat' dir='ltr'><strong>captas</strong></span> <span class='ocrx_word' id='word_1_206' title='bbox 727 3031 839 3111; x_wconf 84' lang='lat' dir='ltr'><strong>appulit</strong></span> <span class='ocrx_word' id='word_1_207' title='bbox 862 3031 910 3092; x_wconf 89' lang='lat' dir='ltr'><strong>ille</strong></span> <span class='ocrx_word' id='word_1_208' title='bbox 933 3030 1048 3113; x_wconf 85' lang='lat' dir='ltr'><strong>bores,</strong></span> 
     </span>
     <span class='ocr_line' id='line_1_33' title="bbox 277 3118 1032 3199; baseline -0.001 -17"><span class='ocrx_word' id='word_1_209' title='bbox 277 3121 331 3182; x_wconf 91' lang='grc' dir='ltr'><strong>Η15</strong></span> <span class='ocrx_word' id='word_1_210' title='bbox 353 3120 428 3182; x_wconf 88' lang='lat' dir='ltr'><strong>male</strong></span> <span class='ocrx_word' id='word_1_211' title='bbox 452 3120 592 3180; x_wconf 89' lang='lat' dir='ltr'><strong>delensus</strong></span> <span class='ocrx_word' id='word_1_212' title='bbox 614 3118 740 3180; x_wconf 83' lang='grc'>11555515</span> <span class='ocrx_word' id='word_1_213' title='bbox 763 3128 793 3181; x_wconf 89' lang='grc'><strong>55</strong></span> <span class='ocrx_word' id='word_1_214' title='bbox 816 3119 883 3180; x_wconf 89' lang='lat' dir='ltr'><strong>dcte</strong></span> <span class='ocrx_word' id='word_1_215' title='bbox 906 3127 1032 3199; x_wconf 90' lang='lat' dir='ltr'><strong>paterna</strong></span> 
     </span>
     <span class='ocr_line' id='line_1_34' title="bbox 321 3208 1054 3286; baseline 0.003 -15"><span class='ocrx_word' id='word_1_216' title='bbox 321 3209 416 3271; x_wconf 85' lang='lat' dir='ltr'><strong>Cacus</strong></span> <span class='ocrx_word' id='word_1_217' title='bbox 438 3209 611 3283; x_wconf 77' lang='lat' dir='ltr'><strong>Aventinam</strong></span> <span class='ocrx_word' id='word_1_218' title='bbox 634 3210 776 3286; x_wconf 81' lang='lat' dir='ltr'><strong>sanguine</strong></span> <span class='ocrx_word' id='word_1_219' title='bbox 799 3209 887 3269; x_wconf 83' lang='lat' dir='ltr'><strong>tinxit</strong></span> <span class='ocrx_word' id='word_1_220' title='bbox 909 3208 1054 3273; x_wconf 83' lang='lat' dir='ltr'><strong>humum.</strong></span> 
     </span>
     <span class='ocr_line' id='line_1_35' title="bbox 277 3296 1122 3378; baseline 0.006 -20"><span class='ocrx_word' id='word_1_221' title='bbox 277 3297 320 3358; x_wconf 80' lang='lat' dir='ltr'><strong>dd</strong></span> <span class='ocrx_word' id='word_1_222' title='bbox 343 3300 482 3378; x_wconf 90' lang='lat' dir='ltr'><strong>propiora</strong></span> <span class='ocrx_word' id='word_1_223' title='bbox 505 3314 615 3357; x_wconf 88' lang='lat' dir='ltr'><strong>vocor.</strong></span> <span class='ocrx_word' id='word_1_224' title='bbox 657 3296 799 3376; x_wconf 87' lang='grc'>55551555</span> <span class='ocrx_word' id='word_1_225' title='bbox 822 3296 944 3374; x_wconf 81' lang='lat' dir='ltr'><strong>digessit</strong></span> <span class='ocrx_word' id='word_1_226' title='bbox 967 3296 1003 3356; x_wconf 90' lang='lat' dir='ltr'><strong>ab</strong></span> <span class='ocrx_word' id='word_1_227' title='bbox 1030 3304 1122 3363; x_wconf 89' lang='lat' dir='ltr'><strong>annis</strong></span> 
     </span>
     <span class='ocr_line' id='line_1_36' title="bbox 321 3383 1010 3466; baseline -0.003 -20"><span class='ocrx_word' id='word_1_228' title='bbox 321 3385 486 3466; x_wconf 84' lang='lat' dir='ltr'><strong>Romulus,</strong></span> <span class='ocrx_word' id='word_1_229' title='bbox 509 3388 663 3463; x_wconf 89' lang='grc'>15555555</span> <span class='ocrx_word' id='word_1_230' title='bbox 686 3383 896 3463; x_wconf 87' lang='lat' dir='ltr'><strong>distribuitque</strong></span> <span class='ocrx_word' id='word_1_231' title='bbox 919 3383 1010 3447; x_wconf 78' lang='lat' dir='ltr'><strong>duest</strong></span> 
     </span>
     <span class='ocr_line' id='line_1_37' title="bbox 229 3472 1126 3560; baseline 0.007 -28"><span class='ocrx_word' id='word_1_232' title='bbox 229 3472 358 3533; x_wconf 85' lang='grc'>5511555</span> <span class='ocrx_word' id='word_1_233' title='bbox 380 3472 450 3533; x_wconf 89' lang='lat' dir='ltr'><strong>dare</strong></span> <span class='ocrx_word' id='word_1_234' title='bbox 474 3473 651 3550; x_wconf 85' lang='lat' dir='ltr'><strong>consilium,</strong></span> <span class='ocrx_word' id='word_1_235' title='bbox 674 3491 807 3552; x_wconf 86' lang='lat' dir='ltr'><strong>pugnare</strong></span> <span class='ocrx_word' id='word_1_236' title='bbox 830 3475 959 3552; x_wconf 91' lang='lat' dir='ltr'><strong>paratior</strong></span> <span class='ocrx_word' id='word_1_237' title='bbox 982 3472 1034 3534; x_wconf 90' lang='lat' dir='ltr'><strong>illa</strong></span> <span class='ocrx_word' id='word_1_238' title='bbox 1059 3487 1126 3560; x_wconf 82' lang='lat' dir='ltr'><strong>cst3</strong></span> 
     </span>
     <span class='ocr_line' id='line_1_38' title="bbox 322 3559 1029 3641; baseline 0.006 -23"><span class='ocrx_word' id='word_1_239' title='bbox 322 3559 401 3619; x_wconf 87' lang='lat' dir='ltr'><strong>llaec</strong></span> <span class='ocrx_word' id='word_1_240' title='bbox 424 3567 504 3619; x_wconf 88' lang='lat' dir='ltr'><strong>aetas</strong></span> <span class='ocrx_word' id='word_1_241' title='bbox 527 3559 637 3621; x_wconf 88' lang='lat' dir='ltr'><strong>bellum</strong></span> <span class='ocrx_word' id='word_1_242' title='bbox 661 3559 787 3641; x_wconf 84' lang='lat' dir='ltr'><strong>suadet,</strong></span> <span class='ocrx_word' id='word_1_243' title='bbox 810 3570 840 3622; x_wconf 88' lang='grc'><strong>55</strong></span> <span class='ocrx_word' id='word_1_244' title='bbox 861 3560 910 3621; x_wconf 91' lang='grc'>1115</span> <span class='ocrx_word' id='word_1_245' title='bbox 932 3564 1029 3640; x_wconf 79' lang='lat' dir='ltr'><strong>gerit.</strong></span> 
     </span>
    </p>
   </div>
   <div class='ocr_carea' id='block_1_3' title="bbox 0 0 1238 4042">
    <p class='ocr_par' dir='ltr' id='par_1_3' title="bbox 0 0 1238 4042">
     <span class='ocr_line' id='line_1_39' title="bbox 0 0 1238 4042; baseline 0 0"><span class='ocrx_word' id='word_1_246' title='bbox 0 0 1238 4042; x_wconf 95' lang='lat' dir='ltr'><strong> </strong></span> 
     </span>
    </p>
   </div>
  </div>
 </body>
</html>
