2467 4042
204 222 269 291 253
610 223 804 275 samonum

336 387 397 451 iam
419 388 490 450 satis
513 393 560 449 est
580 389 677 448 virtus
699 385 882 448 dimanare
904 385 994 449 (lin)

227 488 278 541 ata
292 474 344 539 lila
367 478 466 539 iaoens
489 475 525 536 ad
549 474 639 536 rerba
661 474 764 536 oeulos
787 478 851 536 sine
874 476 988 537 iumine
1012 483 1134 560 norit,

336 562 462 644 Visaque
485 581 629 625 eonenssa
653 563 731 624 diota
753 563 880 642 probare
903 582 1009 625 ooma.

292 651 401 715 Fertur
423 654 455 714 in
477 654 618 731 exequias
640 653 730 713 animi
753 660 887 712 matrona
909 653 1006 715 virilis

337 740 375 803 Et
397 757 500 803 seeum
521 740 659 802 lacrimas
680 739 879 820 invidiamque
902 740 1013 801 trahit.

293 826 404 891 volnus
427 831 514 890 inane
537 836 639 907 patet.
680 827 792 889 Brutus
815 828 944 889 ohmore
967 829 1112 900 Quirites

226 928 278 982 eno
337 916 472 980 Concitet
484 961 493 997 ,
516 925 548 977 et
569 918 648 995 regis
671 916 748 977 nota
770 916 897 978 nefanda
918 917 1034 979 refert.

292 1004 472 1085 Tarquinius
493 1021 562 1066 eum
585 1003 669 1084 prole
692 1004 789 1084 legit.
830 1007 909 1084 capit
930 1023 1032 1067 annm
1058 1008 1165 1068 consul

337 1091 428 1156 lurae
459 1091 523 1154 dies
545 1094 647 1172 regnis
668 1091 718 1153 illa
741 1110 880 1172 suprema
902 1092 975 1156 luit.

517 1229 569 1297 25.
592 1226 658 1296 Hc
703 1226 906 1296 26.ΑΕΝ

294 1354 457 1439 Fallimur,
479 1373 516 1419 an
539 1357 619 1418 veris
641 1357 817 1437 praenuntia
840 1358 921 1417 venit
942 1356 1081 1419 inmundo

336 1444 374 1508 Et
396 1446 502 1507 metuit
514 1491 523 1526 ,
546 1462 583 1506 ne
607 1461 666 1524 qua
688 1462 772 1505 versa
795 1453 931 1506 recurrat
953 1444 1074 1507 hiems.

226 1544 277 1598 aaa
293 1532 386 1612 Saepe
410 1540 531 1614 nmen,
553 1530 691 1612 Procne,
715 1533 838 1593 nimium
856 1550 1035 1612 properasse
1063 1539 1205 1615 quereris,

339 1619 448 1700 Virque
471 1629 523 1684 tuo
547 1621 662 1682 Tereus
684 1621 795 1700 irigore
818 1620 913 1682 laetus
935 1623 1013 1683 erit.

486 1757 538 1824 27.
561 1755 589 1821 Β
612 1755 745 1833 EQ·N³
790 1756 842 1823 28.
866 1754 923 1824 00

293 1882 413 1965 lamque
436 1883 511 1967 puae
535 1890 649 1945 restant
671 1890 774 1945 noctes
796 1882 834 1944 de
856 1901 958 1945 mense
982 1888 1145 1971 secundo,

337 1972 474 2053 llareque
498 1973 573 2034 eitos
595 1973 706 2033 innotis
729 1971 868 2033 curribus
890 1982 977 2052 urget
1001 1992 1121 2053 equos.

292 2059 335 2123 Ex
360 2078 430 2122 vero
452 2062 583 2141 positum
605 2061 770 2140 permansit
790 2059 929 2139 Equirria
952 2079 1086 2144 nomen,

227 2161 280 2213 aot)
339 2148 420 2221 Quae
444 2149 517 2211 deris
539 2151 570 2208 in
594 2146 703 2228 Campo
726 2150 871 2229 prospicit
892 2150 957 2229 ipse
979 2168 1053 2211 suo.

292 2236 361 2299 lure
384 2238 491 2318 venie,
513 2234 662 2298 Gradive:
693 2235 792 2298 laeum
815 2245 864 2298 tua
888 2244 1023 2316 tempora
1045 2252 1197 2323 poscunt,

337 2324 537 2405 signatusque
559 2333 611 2385 tuo
635 2326 755 2386 nomine
778 2326 888 2388 mensis
911 2324 1012 2387 adest.

294 2410 435 2475 Venimus
458 2415 489 2474 in
512 2419 655 2493 portum,
678 2411 753 2474 libro
777 2430 846 2475 eum
868 2431 970 2474 mense
992 2427 1144 2494 peraeto.

335 2500 459 2581 Naviget
481 2500 551 2564 hino
573 2499 630 2562 alia
651 2503 710 2563 iam
733 2501 805 2563 mihi
827 2500 915 2563 linter
938 2520 1030 2581 aqua.

517 2757 657 2842 LIBER
684 2757 892 2898 ruallus,

292 2940 423 3025 Bellica,
446 2941 589 3023 depositis
611 2942 708 3021 clipeo
731 2941 882 3022 paulisper
904 2950 935 3003 et
957 2943 1059 3023 hasta,

336 3029 437 3113 liare,
459 3030 530 3093 ades
552 3039 584 3092 et
604 3030 713 3093 nitidas
736 3030 849 3092 casside
873 3030 954 3091 solve
976 3049 1100 3095 eomas.

294 3118 429 3182 Forsitan
452 3120 517 3201 ipse
540 3136 650 3200 roges,
674 3118 745 3199 quid
768 3121 808 3180 sit
829 3136 898 3180 oum
920 3118 1013 3181 llarto
1035 3122 1181 3198 poetae?

338 3208 363 3269 l
385 3216 438 3284 te,
462 3209 513 3288 qni
536 3208 653 3269 canitur
665 3255 675 3290 ‚
698 3208 817 3269 nomina
838 3209 949 3269 mensis
971 3207 1082 3271 habet.

262 3294 358 3376 alpse
382 3296 463 3358 videa
487 3294 622 3358 manibus
645 3299 746 3376 peragi
769 3297 831 3357 iera
853 3294 930 3356 bella
951 3294 1126 3362 llinervaer

337 3383 424 3463 Num
438 3386 537 3446 minus
559 3385 697 3463 ingenuis
720 3382 835 3445 artibus
856 3383 906 3444 illa
928 3379 1036 3445 vacat?

294 3470 420 3544 Palladis
442 3470 576 3551 exemplo
598 3471 753 3551 ponendae
776 3480 908 3552 tempora
931 3489 1014 3533 sume

338 3554 496 3636 cuspidis.
535 3560 669 3621 invenies
692 3569 724 3621 et
744 3559 824 3639 quod
846 3561 969 3621 inermis
991 3577 1080 3639 agas.
