2467 4042
219 241 283 305 316
626 240 818 292 russonum

244 421 294 470 reo
352 407 385 468 ln
408 406 560 469 matutinis
583 404 716 485 lampada
740 404 822 466 tollet
844 406 948 485 equis,

308 493 445 575 Frigidus
468 500 599 574 argestes
623 511 752 555 summas
775 493 918 554 mulcebit
940 496 1077 572 aristas,

353 582 539 661 Candidaque
563 600 580 642 a
603 580 734 642 Calabris
757 581 820 643 vela
842 580 999 643 dabuntur
1023 586 1129 662 aquis.

219 664 225 675 ’
309 672 346 733 tt
368 670 456 733 simul
478 670 621 731 inducent
644 670 771 731 obscura
794 669 972 748 crepuscula
998 681 1139 750 noctem,

352 759 425 820 Pars
447 756 581 838 Hyadum
604 766 667 820 toto
691 757 727 820 de
751 776 840 837 grege
864 757 943 819 nuila
967 758 1064 820 latet.

245 858 295 909 reo
309 848 368 909 Ora
391 849 501 908 micant
523 845 613 908 Tauri
636 854 751 926 septem
775 846 915 907 radiantia
937 845 1092 927 flammis,

353 935 456 997 Navita
479 952 552 1014 quas
575 933 689 1013 Hyadas
713 933 818 996 Graius
840 933 877 996 ab
899 933 1000 995 imbre
1024 943 1131 996 vocat.

243 1053 245 1056 >
309 1023 382 1085 Pars
405 1022 553 1084 Bacchum
576 1025 707 1084 nutrisse
730 1029 836 1103 putat3
858 1040 928 1101 pars
950 1023 1090 1084 credidit
1111 1040 1165 1084 esse

354 1110 483 1192 Tethyos
505 1110 559 1171 bas
580 1119 688 1190 neptes
711 1108 880 1189 Oceanique
902 1112 1005 1171 senis.

310 1198 446 1260 Nondum
471 1196 566 1259 stabat
588 1197 668 1259 Atlas
691 1216 812 1261 umeros
835 1207 977 1259 oneratus
1001 1198 1146 1280 Olympo,

247 1300 298 1349 1⁷0
356 1286 429 1348 Cum
453 1295 534 1349 satus
557 1293 604 1347 est
627 1286 720 1347 iorma
744 1286 973 1365 conspiciendus
996 1286 1101 1367 Hyas.

311 1374 398 1437 Hunc
421 1376 511 1454 stirps
534 1372 645 1437 Oceani
668 1376 791 1435 maturis
815 1373 933 1434 nixibus
956 1374 1077 1435 Aethra

356 1460 478 1543 Edidit,
501 1470 532 1523 et
554 1461 719 1543 nymphas3
743 1460 795 1525 sed
819 1464 901 1541 prior
924 1469 1012 1522 ortus
1039 1463 1136 1543 Hyas.

311 1550 388 1612 bum
411 1567 485 1612 nova
507 1549 614 1630 lanugo
638 1560 705 1629 est,
727 1549 848 1630 pavidos
871 1549 1035 1611 formidine
1062 1570 1159 1613 cervos

356 1637 463 1700 Terret
475 1685 485 1720 ,
507 1646 538 1700 et
560 1647 607 1699 est
629 1638 671 1699 iiii
694 1638 802 1716 praeda
825 1636 952 1716 benigna
975 1638 1088 1717 lepus.

248 1739 299 1789 rio
313 1726 351 1787 tt
373 1735 529 1806 postquam
553 1728 647 1787 virtus
670 1727 755 1788 aunis
778 1724 926 1803 adolevit,
948 1726 982 1786 in
1005 1744 1103 1806 apros

357 1812 454 1875 liudet
477 1822 507 1876 et
529 1813 659 1874 hirsutas
683 1815 848 1873 cornminus
869 1815 914 1872 ire
936 1812 1041 1875 ieras.

312 1901 447 1980 Dumque
470 1903 546 1983 petit
568 1900 696 1964 latebras
719 1902 795 1962 ictae
819 1900 994 1980 catulosque
1018 1901 1156 1983 maenae,

358 1989 423 2070 ipse
447 1989 504 2051 luit
525 1988 652 2069 Libycae
675 1990 783 2070 praeda
806 1996 929 2051 cruenta
953 1989 1060 2053 serae.

314 2079 408 2143 Mater
431 2076 514 2157 Hyan
537 2084 568 2137 et
590 2076 674 2157 Hyan
696 2085 824 2140 maestae
847 2076 956 2137 lievere
980 2096 1111 2143 sorores

249 2178 299 2229 180
358 2165 570 2245 Cervicemque
592 2164 660 2245 polo
683 2166 892 2244 suppositurus
914 2163 1016 2228 Atlas.

313 2253 416 2315 Victus
438 2261 566 2334 uterque
589 2270 698 2331 parens
721 2260 819 2315 tamen
842 2260 888 2315 est
910 2254 1026 2332 pietate
1053 2274 1186 2318 sororun:

358 2340 409 2402 iila
431 2340 513 2402 dedit
536 2341 672 2422 caelum,
695 2344 814 2403 nomina
836 2341 906 2402 fecit
928 2338 1030 2420 Hyas.

314 2426 423 2490 ‘Mater
435 2476 445 2510 ,
468 2428 561 2511 ades,
583 2429 691 2492 ilorum
703 2475 714 2510 ,
735 2428 813 2492 ludis
836 2427 1014 2491 celebranda
1042 2432 1165 2497 iocosis!

358 2516 535 2579 Distuleram
558 2524 659 2599 partes
681 2535 784 2579 mense
806 2519 905 2596 priore
928 2524 1017 2580 tuas.

250 2617 301 2667 ret
314 2606 424 2686 Incipis
447 2605 563 2687 Aprili,
585 2607 694 2668 transis
717 2608 748 2667 in
772 2613 904 2684 tempora
926 2604 1003 2667 ilai:

358 2693 440 2754 diter
463 2702 493 2755 te
516 2695 657 2776 fugiens,
679 2711 746 2755 cum
771 2695 873 2772 venit,
896 2691 970 2754 alter
994 2694 1113 2761 habet.

315 2781 389 2844 Cum
413 2788 463 2843 tua
486 2784 546 2845 sint
569 2781 734 2861 cedantque
757 2780 811 2842 tibi
834 2780 961 2845 confinia
986 2800 1150 2867 mensum,

359 2868 504 2931 Conuenit
525 2872 556 2931 in
580 2868 682 2932 laudes
704 2868 753 2930 iile
776 2869 822 2930 vei
844 2868 893 2933 ille
915 2876 1001 2931 tuas.

315 2957 419 3019 Circus
442 2959 473 3018 in
496 2956 576 3018 bunc
600 2960 661 3019 exit
683 2957 865 3037 clamataque
887 2956 985 3038 palma
1008 2960 1159 3025 theatris:

249 3059 300 3108 190
359 3044 421 3107 Hoc
445 3063 563 3126 quoque
588 3063 657 3107 cum
680 3045 757 3108 Circi
780 3062 904 3107 munere
927 3063 1057 3111 carmen
1082 3058 1148 3113 eat.

314 3133 380 3215 ipsa
403 3133 498 3215 doce,
522 3151 597 3213 queo
621 3136 684 3196 sis.
725 3133 878 3196 hominum
900 3138 1058 3198 sententia
1081 3138 1177 3200 fallar:

359 3222 478 3304 Optime
500 3229 534 3285 tu
556 3224 670 3304 proprii
693 3223 820 3283 nominis
843 3229 945 3283 auctor
969 3220 1073 3285 eris?

317 3309 366 3373 Sic
390 3328 467 3390 ego.
510 3311 553 3371 sic
575 3312 687 3372 nostris
709 3309 863 3390 respondit
886 3309 949 3371 diva
973 3316 1114 3390 rogatis:

359 3397 435 3460 Dum
457 3398 612 3480 loquitur,
634 3416 740 3459 vernas
764 3397 845 3459 eliiat
866 3396 902 3459 ab
926 3415 978 3459 ore
1002 3416 1113 3462 rosas.

252 3497 300 3548 leo
316 3481 447 3549 ‘Chloris
471 3503 574 3564 eram,
601 3504 676 3565 quae
699 3484 786 3546 Flora
813 3502 925 3548 vocor.
966 3493 1120 3567 corrupta
1143 3489 1193 3549 iao

360 3572 494 3634 Nominis
518 3580 563 3635 est
586 3575 682 3634 nostri
705 3573 803 3635 littera
826 3571 937 3635 Graeca
960 3590 1059 3639 sono.
