2467 4042
199 231 262 296 140
386 248 486 286 nemus
615 228 792 286 iduum.

286 395 458 477 Cecropidis
480 394 535 455 hac
557 403 605 455 est
626 385 737 457 tellus:
759 412 794 455 ea
816 394 937 457 foedera
960 391 1070 457 nohis?

286 483 396 545 Tristis
417 482 480 544 ahit
501 477 646 544 ‘stahunt'
670 500 728 562 que
751 478 819 544 ‘tihi
841 490 892 544 tua
915 484 1032 545 foedera
1053 479 1161 564 meguo'

285 571 387 654 Dixit,
409 579 440 632 et
457 570 559 632 utilius
582 569 694 632 bellum
716 578 802 651 putat
824 589 890 632 esse
914 573 1033 655 mluari,

286 659 381 731 000111
402 675 508 739 gerere
532 667 620 739 atque
645 676 714 720 suas
736 658 777 720 ihi
798 676 1044 740 praeconsumere
1067 662 1152 721 vires.

220 762 272 811 coo
286 747 395 810 Classis
417 746 454 808 ah
477 745 619 828 Oenopiis
642 749 803 809 etiamnum
825 746 927 827 Lyctia
944 750 1036 809 muris

288 836 422 917 Spectari
443 842 583 917 poterat,
605 853 675 897 cum
696 834 785 915 pleno
804 838 920 897 concita
943 836 1008 897 velo

286 925 381 985 Attica
403 924 512 1004 puppis
535 924 618 985 adest
640 927 671 984 in
693 932 858 1004 portusque
881 926 973 986 intrat
995 927 1117 1004 amicos,

289 1012 370 1084 Quae
394 1010 555 1092 Cephalum
571 1013 749 1092 patriaeque
773 1011 862 1073 simul
886 1012 1023 1074 mandata
1044 1011 1160 1074 ierehat.

287 1100 432 1162 Aeacidae
455 1100 542 1180 longo
565 1102 689 1162 iuvenes
710 1108 779 1180 post
801 1108 935 1180 ternpore
958 1103 1053 1163 risum

221 1200 273 1250 100
287 1190 441 1268 Agnovere
463 1197 562 1248 tamen
585 1188 769 1269 Cephalum,
791 1187 970 1267 dextrasque
994 1188 1115 1270 dedere,

183 1278 187 1283 ’
288 1278 381 1357 inque
404 1277 498 1356 patris
521 1275 634 1337 duxere
656 1277 797 1337 domum.
825 1275 995 1357 spectabilis
1018 1278 1103 1338 heros

288 1364 325 1426 lit
347 1366 457 1425 ueteris
479 1366 612 1425 retinens
635 1367 796 1426 etiamnum
818 1367 942 1445 pignera
965 1366 1076 1426 lormae

289 1452 479 1534 ingreditur,
500 1469 676 1532 ramumque
699 1461 805 1514 tenens
826 1453 982 1532 popularis
1006 1453 1095 1513 olivae

287 1539 437 1602 adextra
458 1540 598 1620 laevaque
622 1541 697 1602 duos
720 1549 815 1602 aetate
838 1543 969 1602 minores

223 1643 275 1692 000
289 1630 381 1691 llaior
403 1626 494 1689 hahet
505 1676 515 1709 ,
537 1627 643 1708 Clyton
666 1636 697 1690 et
718 1628 837 1710 Buten,
859 1627 991 1691 Pallante
1015 1638 1137 1691 creatos.
1207 1696 1208 1711 ,

287 1716 449 1795 Postquam
471 1734 652 1796 congressus
672 1718 762 1796 primi
785 1735 839 1778 sua
861 1716 951 1778 verha
973 1717 1120 1798 tulerunt,

289 1803 485 1884 Cecropidum
508 1804 655 1884 Cephalus
677 1807 792 1885 peragit
814 1804 949 1866 mandata
961 1853 970 1885 ,
994 1815 1128 1885 rogatque

289 1892 459 1972 Auxilium,
482 1891 647 1972 foedusque
669 1893 762 1954 refert
785 1900 816 1953 et
837 1895 903 1954 iura
924 1902 1097 1974 parentum,

290 1981 509 2061 imperiumque
532 1983 594 2061 peti
617 1982 709 2042 totius
731 1979 876 2041 Achaidos
898 1980 996 2043 addit.

224 2082 275 2133 000
290 2069 340 2131 Sic
363 2069 415 2130 uhi
436 2068 603 2129 mandatam
625 2070 700 2130 iuvit
721 2068 858 2130 facundia
880 2087 1018 2152 causam,

291 2160 427 2238 leacus,
449 2159 481 2218 in
504 2158 608 2237 capulo
631 2159 743 2236 sceptri
765 2159 878 2219 nitente
901 2159 1040 2239 sinistra,

290 2243 345 2306 ‘Ne
367 2248 460 2325 petite
483 2245 625 2307 auxilium
636 2293 646 2326 ,
668 2245 721 2306 sed
744 2247 853 2306 sumite
865 2240 887 2328 ,'
909 2245 983 2306 dixit
1007 2241 1150 2324 ‘Athonem

289 2333 351 2394 Nec
373 2333 462 2394 duhie
485 2336 586 2415 uires,
609 2351 683 2413 quas
705 2333 778 2394 haec
800 2331 890 2394 hahet
911 2333 1029 2414 insula,
1047 2343 1146 2395 vestros

291 2422 417 2484 Ducite:
440 2428 471 2483 et
492 2424 591 2482 omnia
613 2421 723 2482 hahet.
751 2439 852 2483 rerum
876 2429 971 2483 status
987 2424 1045 2483 iste
1059 2434 1174 2494 menum,

224 2522 276 2572 010
289 2509 407 2583 Robora
430 2527 491 2571 non
513 2509 644 2590 desunt3
667 2518 789 2589 superat
810 2509 883 2571 mihi
904 2509 990 2572 miles
1012 2519 1044 2571 et
1064 2510 1144 2571 hosti.

290 2597 389 2659 Gratia
412 2597 483 2678 dle,
505 2598 576 2659 iclix
598 2607 630 2659 et
651 2597 850 2659 inexcusabile
873 2607 991 2680 tempus
1000 2593 1021 2660 .’

292 2684 395 2747 ε11111110
418 2689 459 2748 ita
481 2689 521 2747 sit
532 2682 553 2767 ,'
578 2686 725 2766 Cephalus
749 2683 877 2748 ‘crescat
898 2694 949 2748 tua
972 2686 1084 2748 civibus
1105 2695 1154 2766 opto

291 2774 368 2836 Urhs
381 2769 401 2836 l'
424 2776 466 2835 ait
488 2769 658 2836 ‘adveniens
681 2774 819 2854 equidem
841 2774 928 2837 modo
950 2775 1055 2854 gaudia
1076 2777 1143 2856 cepi,

292 2863 366 2924 Cum
388 2871 448 2923 tam
469 2862 594 2942 pulchra
616 2862 689 2924 mihi
700 2910 710 2945 ,
732 2871 793 2924 tam
814 2881 868 2943 par
882 2870 978 2925 aetate
1001 2866 1127 2925 iuventus

227 2963 277 3012 010
293 2950 385 3012 Obvia
407 2954 576 3031 processit.
602 2951 713 3014 multos
735 2960 834 3012 umen
856 2950 926 3013 inde
949 2954 1085 3033 requiro,

291 3039 373 3110 Quos
396 3039 545 3118 quondam
566 3039 626 3101 vidi
648 3047 746 3101 vestra
768 3042 853 3119 prius
875 3039 950 3101 urhe
968 3032 1126 3119 receptus?
1204 3070 1205 3089 1

291 3131 404 3188 Aeacus
426 3130 592 3208 ingemuit,
615 3130 755 3207 tristique
776 3129 818 3189 ita
840 3145 912 3189 voce
934 3127 1068 3189 locutus:

292 3211 414 3277 ‘Flebile
437 3219 617 3296 principium
640 3216 746 3277 melior
768 3216 887 3276 somnne
910 3224 1012 3278 secuta
1029 3224 1087 3278 est.

292 3302 374 3365 Hauc
397 3305 511 3365 utinam
533 3321 653 3385 possem
675 3303 758 3364 robis
781 3321 946 3365 memorare
968 3307 1032 3365 sine
1053 3300 1113 3365 illol

228 3403 279 3454 ouo
292 3390 404 3453 Ordine
426 3409 508 3453 nuuc
529 3400 684 3473 repetam.
712 3409 771 3454 nen
794 3390 880 3472 longa
893 3391 1015 3471 amhage
1029 3397 1167 3452 morerutt

292 3477 367 3540 Ossa
389 3482 524 3557 cinisque
546 3484 666 3560 iacent,
689 3483 814 3541 memori
842 3499 917 3560 quos
944 3488 1041 3542 mente
1062 3475 1166 3560 requirit
1203 3532 1204 3563 ,

292 3564 331 3626 lit
352 3573 442 3643 quota
463 3583 532 3645 pars
555 3567 598 3627 illi
621 3585 723 3628 rerum
744 3571 863 3647 periere
885 3567 1035 3630 meusim!
