2467 4042
128 221 203 285 '42
321 240 456 278 nonnam
572 220 752 277 mutuat.

248 387 314 449 Non
337 406 424 449 secus
447 389 577 469 exarsit,
600 405 689 466 quam
710 405 780 448 cum
802 386 950 449 Balearica
971 387 1148 467 plumbum

248 476 350 537 Funde
372 478 463 537 iacitc
485 475 563 537 volat
584 474 706 537 illudet
727 474 910 547 incandescit
932 476 1029 537 eundo
1040 524 1051 557 ,

248 564 287 625 Et
309 582 384 643 quos
406 581 466 625 non
488 562 612 645 habuit,
636 562 694 626 771)
718 562 847 625 nubibus
865 565 979 625 invenit
1000 566 1109 644 ignes.

183 665 234 714 tao
247 651 342 714 Vertit
363 655 443 733 iter,
466 651 607 731 caeloque
630 654 709 731 petit
730 659 851 713 terrena
872 651 995 733 relicto,

248 740 309 802 Nec
332 759 364 801 se
388 740 574 801 dissimulat.
600 748 683 802 tanta
705 748 752 801 est
773 739 880 801 fiducia
903 741 1032 802 formae.

248 830 330 901 Quae
344 846 522 908 quamquam
544 831 622 891 iusta
637 837 683 890 est
694 876 704 910 ,
727 845 798 889 cura
818 836 918 889 tamen
931 829 1051 891 adiuvat
1074 828 1172 892 illam
1183 878 1195 912 ,

248 917 476 996 Permulcetque
491 934 589 979 comas
603 909 867 998 chlamydemque,
889 926 924 979 ut
941 917 1072 996 pendeat
1087 927 1194 1002 apte,

249 1004 380 1067 Collocat
392 1053 401 1087 ‚
424 1013 459 1067 ut
480 1003 589 1067 limbus
611 1013 767 1084 totumque
790 1012 929 1084 appareat
951 1022 1078 1085 aurum3

92 1135 97 1140 ·
182 1093 287 1156 777117
309 1103 389 1155 teres
412 1095 444 1154 in
467 1093 570 1154 dextra
582 1141 592 1175 ,
615 1111 673 1173 qua
696 1110 816 1155 somnos
839 1093 921 1154 ducit
942 1100 974 1154 et
995 1103 1100 1174 arcet,

247 1181 334 1262 Virga
357 1183 418 1263 sit;
435 1190 471 1244 ut
491 1184 581 1243 tersis
603 1184 717 1243 niteant
738 1180 841 1242 talaria
861 1180 986 1260 plantis.

247 1271 321 1331 Pars
344 1278 460 1332 secreta
482 1269 588 1332 domus
611 1270 701 1331 ebore
725 1277 756 1331 et
777 1269 927 1331 testudine
947 1269 1043 1331 cultos
1072 1265 1084 1278 '

247 1358 322 1419 Tres
344 1357 447 1420 habuit
470 1356 634 1440 thalamos,
657 1375 784 1437 quorum
806 1366 863 1438 tu,
883 1357 1053 1438 Pandrose,

538 1493 542 1498 .
971 1446 1132 1527 dexuum,

247 1535 392 1614 Aglaurus
414 1535 552 1618 laevum,
575 1535 706 1596 medium
727 1534 901 1614 possederat
918 1533 1030 1596 llerse.

181 1637 234 1686 ato
248 1625 330 1696 Quae
353 1626 451 1687 tenuit
472 1624 610 1706 laeuum,
633 1625 801 1685 venientem
822 1625 917 1702 prima
940 1624 1054 1684 notavit

246 1712 427 1775 Mercurium
450 1729 617 1792 nomenque
641 1711 690 1773 dei
712 1712 848 1772 scitarier
869 1728 940 1773 ausa
963 1718 1010 1772 est
1101 1749 1105 1755 -

246 1801 285 1864 Et
307 1819 425 1863 causam
448 1802 612 1863 adrerum.
640 1801 690 1861 eui
712 1801 756 1861 sic
778 1800 933 1878 respondit
953 1798 1083 1860 Atlantis

246 1888 442 1969 Pleionesque
465 1908 580 1969 nepos:
604 1885 670 1968 ‘ego
694 1906 760 1950 sum
772 1935 782 1968 ‚
805 1889 857 1966 qui
879 1889 959 1948 iussa
980 1905 1037 1967 per
1059 1905 1155 1951 auras

246 1976 342 2039 Verba
364 1979 458 2057 patris
480 1986 590 2057 porto.
617 1984 703 2057 pater
725 1984 772 2036 est
793 1975 866 2036 milri
884 1975 1018 2054 luppiter
1041 1977 1127 2057 ipse.

181 2078 233 2128 tto
248 2065 310 2127 Nec
332 2063 440 2145 tingant
463 2083 589 2128 causas:
611 2074 644 2126 tu
667 2070 783 2125 tantum
806 2062 863 2124 fida
885 2064 982 2124 sorori

247 2153 321 2215 Esse
344 2154 417 2214 velis
438 2153 590 2233 prolisque
612 2170 695 2214 meae
718 2159 878 2216 matertera
900 2151 976 2212 dici.

246 2241 340 2303 Herse
364 2243 558 2303 causariae.
586 2242 684 2301 faveas
706 2257 825 2301 oramus
848 2241 956 2301 amanti
964 2233 986 2307 .,’

246 2331 359 2409 Aspicit
381 2330 462 2392 huno
485 2330 579 2392 oculis
601 2329 718 2410 isdem,
742 2327 851 2408 quibus
873 2327 970 2389 abdita
993 2346 1093 2410 nuper

246 2417 366 2480 Viderat
386 2417 532 2497 Aglaurus
554 2417 644 2479 ilavae
668 2425 783 2479 secreta
800 2416 963 2496 Minervae,

181 2519 233 2570 777
246 2506 365 2587 Proque
387 2508 553 2568 ministerio
576 2509 675 2585 magni
697 2505 754 2566 sibi
776 2504 916 2584 ponderis
939 2521 1047 2567 aurum

246 2595 402 2657 Postulat:
424 2597 539 2656 interea
560 2598 649 2657 tectis
673 2593 816 2656 excedere
840 2595 935 2672 cogit.

247 2683 342 2745 Vertit
363 2683 400 2744 ad
422 2684 499 2745 hanc
521 2685 599 2745 torvi
621 2683 675 2744 dea
698 2681 803 2743 bellica
824 2680 952 2742 luminis·
967 2680 1090 2763 orbem,

247 2772 286 2833 itt
307 2779 390 2833 tanto
412 2773 533 2852 penitus
556 2773 646 2834 traxit
669 2771 796 2850 suspiria
819 2777 919 2851 motu,

247 2859 287 2921 Ut
307 2862 420 2940 pariter
442 2869 547 2940 pectus
569 2862 756 2940 positamque
778 2861 810 2919 in
831 2866 953 2937 pectore
976 2859 1049 2920 forti
1091 2929 1095 2935 ,

182 2961 232 3010 777
247 2948 356 3028 Aegida
379 2955 574 3010 concuteret.
602 2946 698 3026 [subit
710 2994 720 3028 ,
742 2947 818 3007 hanc
841 2963 946 3007 arcana
968 2948 1094 3026 prolana

248 3036 401 3098 Detexisse
424 3054 513 3099 manu
537 3044 624 3118 tum,
646 3054 714 3097 cum
738 3038 801 3097 sine
824 3042 919 3096 matre
942 3043 1073 3096 creatam

248 3124 432 3187 Lemnicolae
455 3127 579 3204 stirpem
602 3132 706 3198 contra
729 3124 795 3184 data
818 3121 937 3184 foedera
958 3122 1049 3184 vidit:

248 3212 286 3274 Et
307 3221 478 3293 gratamque
502 3212 558 3274 deo
581 3214 645 3273 iore
669 3215 726 3274 iam
749 3219 920 3292 gratamque
943 3213 1059 3293 sorori,

247 3300 286 3362 Et
308 3301 399 3363 ditem
421 3309 562 3383 sumpto,
586 3301 665 3381 quod
689 3317 774 3361 77777
796 3307 995 3382 poposcerat,
1018 3299 1125 3379 auro.]

182 3399 233 3452 777
247 3388 388 3451 Protinus
410 3388 539 3450 Invidiae
563 3392 648 3468 nigro
673 3388 837 3467 squalentia
859 3385 928 3447 taho

247 3477 338 3537 Tecta
359 3480 457 3555 petit.
485 3478 590 3538 domus
613 3485 660 3537 est
681 3479 749 3538 imis
771 3479 802 3537 in
826 3473 949 3536 vallibus
973 3476 1063 3538 huius

248 3563 375 3644 anua,
396 3563 458 3624 sole
482 3581 610 3644 carens,
634 3582 693 3625 non
717 3564 769 3625 ulii
791 3565 892 3643 pervia
915 3571 1023 3643 rento,
