2467 4042
172 198 215 263 32
349 216 447 254 orcam
585 198 764 254 METAMM.

260 360 326 425 lluc
349 373 398 427 eat
419 373 508 445 atque
531 364 602 426 illuc
624 374 656 426 et
668 412 678 446 ,
700 364 771 426 dum
793 363 886 446 licet,
908 363 1009 427 oscula
1030 362 1181 445 iungat?

260 452 325 514 Non
349 455 421 515 satis
443 460 512 534 est;
535 455 650 515 truncis
674 452 799 515 avellere
822 471 947 533 corpora
968 463 1102 534 temptat

260 540 298 602 Et
320 550 440 603 teneros
463 540 599 603 manilius
622 560 720 603 ramos
743 542 913 621 abrumpit.
940 543 1065 603 atinde
1183 535 1194 554 ⁸

194 641 246 691 330
262 629 446 710 Sanguineae
468 639 610 712 manant,
633 639 783 710 tamquam
806 630 842 692 de
864 629 1009 711 vulnere,
1031 638 1168 710 guttae.

261 715 365 780 ‘Parce
374 767 382 800 ,
391 737 500 799 precor
508 767 517 801 ,
527 714 648 800 mater,'
658 736 863 798 quaecumque
874 727 920 780 ost
928 720 1027 781 saucia
1035 766 1045 800 ,
1061 719 1204 802 clamat,

261 804 387 890 ‘Parce‚
409 806 539 888 procori
560 816 699 869 nostrum
721 807 869 869 laceratur
881 810 913 868 in
934 807 1040 868 arbore
1055 826 1202 890 corpus.

260 894 381 975 lamque
403 891 479 958 rale'
502 927 545 941 ·-
569 905 672 959 cortex
693 898 725 958 in
747 896 837 958 rerba
860 896 1018 957 novissima
1039 900 1150 961 venit.

260 982 332 1046 lnde
355 983 453 1046 ssuunt
474 985 635 1067 lacrimae,
658 984 825 1064 stillataque
848 984 910 1046 sole
929 987 1090 1064 rigescunt

195 1083 248 1134 335
264 1071 306 1133 ne
329 1075 419 1134 ramis
442 1073 552 1137 electra
575 1077 659 1135 novis
671 1121 681 1155 ,
704 1092 780 1153 quae
795 1074 920 1135 lucidus
942 1074 1036 1134 amnis

260 1160 378 1241 Excipit
399 1171 431 1224 et
452 1162 578 1224 nuribus
601 1165 692 1224 mittit
714 1160 854 1242 gestanda
876 1161 1006 1223 Latinis

305 1249 396 1312 liliuit
417 1250 488 1312 lruic
505 1259 640 1313 monstro
662 1250 762 1331 proles
786 1251 953 1313 Sthmelela
977 1250 1116 1331 Cycnus,

262 1337 321 1409 Qui
344 1338 398 1399 tibi
420 1346 555 1401 materno
579 1341 713 1419 quamvis
736 1359 752 1401 a
776 1342 919 1420 sanguine
941 1341 1083 1419 iunctus,

261 1425 359 1488 llente
374 1434 495 1509 tamen,
517 1427 670 1490 Phaethon
684 1476 693 1509 ,
715 1430 838 1508 propior
851 1430 926 1489 luit.
952 1427 1002 1488 ille
1025 1427 1135 1488 relicto
1148 1461 1199 1472 —

196 1525 248 1577 330
262 1514 335 1575 Nam
359 1514 502 1596 Ligurum
524 1515 651 1597 populos
674 1523 704 1576 et
722 1534 842 1597 magnas
864 1524 983 1577 rexerat
1003 1514 1098 1577 urbes
1121 1546 1174 1561 --

262 1603 390 1683 Imperio
412 1606 493 1685 ripas
510 1605 621 1667 virides
645 1622 821 1684 amnemque
844 1603 986 1684 querellis

262 1691 426 1757 Eridanum
447 1691 585 1775 impiant
606 1692 770 1775 silvamque
788 1692 948 1756 socordio
967 1697 1107 1757 anetam:

263 1780 338 1842 Cum
359 1800 417 1843 vox
439 1791 485 1845 est
508 1791 628 1845 tenuata
650 1786 738 1866 viro,
760 1799 910 1864 curaeque
933 1784 1056 1865 capillos

261 1870 455 1933 Dissimulant
476 1870 616 1955 plumae,
639 1871 807 1952 collumque
830 1892 846 1933 a
869 1882 991 1952 pectore
1013 1873 1102 1952 longe

196 1968 248 2019 333
262 1958 452 2042 Porrigitur‚
475 1960 644 2040 digitosque
667 1961 738 2040 ligat
760 1964 898 2022 iunctura
920 1960 1082 2044 rubentes,

262 2046 363 2109 Penna
385 2047 462 2110 latus
485 2051 574 2111 vestit
586 2096 595 2128 ‚
618 2057 701 2111 tenet
728 2067 762 2111 os
785 2051 849 2110 sine
877 2053 1012 2112 acumine
1035 2059 1195 2114 rostrum.

262 2134 309 2197 Fit
330 2154 404 2197 nova
419 2136 535 2217 Cycnus
549 2139 632 2219 avis3
655 2135 711 2199 nec
725 2156 758 2200 so
772 2138 913 2217 caeloque
932 2138 1052 2218 lovique
1096 2152 1121 2196 r.
1132 2152 1195 2197 rav.

263 2222 387 2307 Credit,
410 2234 444 2288 ut
466 2227 575 2287 iniuste
595 2228 679 2288 missi
701 2245 816 2288 memor
838 2229 915 2305 ignis
938 2228 974 2288 alr
996 2227 1065 2289 illo:

264 2311 372 2392 Stagna
394 2316 469 2395 petit
490 2313 666 2394 patulosque
689 2314 794 2396 lacus3
816 2317 973 2395 ignemque
996 2333 1124 2395 perosus

198 2412 250 2464 330
264 2399 346 2472 Quae
370 2404 447 2464 eolat
459 2450 469 2485 ,
491 2403 581 2483 elegit
603 2405 751 2465 contraria
774 2404 895 2465 llumina
917 2404 1059 2466 flammis.

308 2489 465 2571 Squalidus
487 2493 602 2553 interea
625 2495 742 2572 genitor
765 2492 957 2554 Phaethontis
979 2501 1012 2553 et
1028 2511 1136 2573 expers

263 2574 330 2659 lpse
354 2581 401 2641 sui
424 2579 564 2661 decoris,
582 2580 678 2658 qualis
701 2599 770 2642 cum
793 2582 892 2643 delicit
915 2580 1019 2643 orbem

262 2665 337 2729 lisso
360 2665 436 2730 solet
447 2715 458 2751 ‚
480 2669 637 2748 lucemque
661 2669 724 2730 odit
746 2687 838 2749 seque
861 2671 925 2751 ipse
948 2670 1105 2752 diemque,

264 2754 377 2836 liatque
400 2759 531 2819 animum
553 2758 584 2818 in
606 2757 707 2819 luctus
729 2766 761 2819 et
782 2757 912 2820 luctibus
935 2759 1025 2819 adicit
1046 2761 1140 2842 iram,

198 2856 249 2907 ³85
264 2844 462 2926 Oliiciumque
485 2854 574 2926 negat
595 2845 729 2908 mundo.
758 2841 853 2908 ‘satis’
876 2848 974 2928 inquit
996 2842 1044 2907 ‘ab
1068 2849 1131 2909 aeri

264 2932 337 2995 Sors
359 2952 425 2996 mea
446 2936 601 3015 principiis
624 2935 681 2996 luit
702 2937 891 3018 inrequieta,
912 2938 1052 3015 pigetque

264 3024 405 3084 Actorum
428 3026 492 3085 sine
516 3024 573 3085 line
597 3023 693 3106 milri,
716 3027 780 3085 sine
799 3024 912 3085 honore
934 3023 1086 3086 laborum.

265 3111 396 3182 Quilibet
418 3111 491 3174 alter
515 3121 581 3192 agat
603 3120 757 3191 portantes
779 3112 890 3174 lumina
908 3111 1038 3174 currusl

264 3199 296 3261 Si
319 3218 406 3261 nemo
430 3209 498 3282 est,
521 3218 684 3281 omnesque
708 3201 756 3263 dei
778 3220 838 3263 non
861 3219 949 3282 posse
973 3201 1122 3283 latentur,

199 3300 250 3351 330
264 3288 331 3369 lpse
353 3297 440 3370 agat3
463 3297 497 3351 ut
519 3289 645 3372 saltem,
668 3290 739 3351 dum
761 3299 878 3351 nostras
900 3298 1025 3370 temptat
1037 3287 1184 3372 habenas,

264 3375 411 3439 Orbatura
431 3386 532 3457 patres
555 3378 713 3457 aliquando
735 3379 858 3440 lulmina
880 3387 987 3458 ponat.

263 3463 340 3526 'l'um
363 3466 459 3549 sciet,
482 3467 653 3547 ignipedum
675 3469 754 3528 vires
776 3476 918 3547 expertus
940 3484 1105 3548 equorum,

264 3551 329 3614 Non
352 3557 497 3616 meruisse
516 3572 642 3635 necem,
666 3556 799 3635 quinon
822 3555 898 3617 bene
921 3558 1033 3617 rexerit
1054 3550 1153 3617 illos?
