2467 4042
460 214 530 285 XV,
547 220 706 273 ota-446.
778 233 950 271 0000400040
1029 214 1094 280 317

105 396 157 446 410
170 383 261 445 Passa
274 400 388 445 marem
401 390 463 464 est,
476 399 558 444 nunc
571 399 638 443 esse
653 399 765 443 marem
779 383 923 443 00000000
936 381 1093 461 hyaenam.

169 472 202 533 ld
227 489 368 552 quoque,
391 469 471 550 qnod
494 472 590 532 ventis
613 470 721 531 animal
744 472 876 532 nutritur
900 478 930 532 et
952 487 1041 553 aura,

169 560 310 621 Protinus
333 558 506 640 assimulat,
528 560 627 638 tetigit
649 574 853 637 quoscumque
877 557 1009 620 colores.

169 648 253 710 Victa
274 648 450 710 racemifero
473 646 573 725 lyncas
596 646 679 709 dedit
700 646 782 708 India
804 646 938 728 Baoobo;

169 736 193 797 E
218 735 327 815 quibus
338 783 349 818 ‚
371 743 406 798 ut
427 742 615 815 memorant,
638 734 780 814 quioquid
802 737 900 796 vesica
922 737 1054 817 remisit,

103 835 155 886 410
170 824 303 886 Vertitur
324 827 357 885 in
379 823 491 904 lapides
514 831 545 886 et
566 823 703 902 congelat
724 829 793 884 aire
816 829 913 885 tacto.

173 913 223 974 Sic
246 920 278 973 00
299 912 445 975 curalium
467 929 527 991 quo
549 914 681 992 primum
703 912 827 990 contigit
849 928 937 973 auras

170 1001 319 1081 Tempore
331 1047 341 1082 ,
364 1000 519 1081 durescit3
541 999 638 1063 mollis
661 1001 719 1065 iuit
740 999 832 1060 herba
855 999 911 1062 sub
934 1001 1039 1062 undis.

171 1089 296 1151 Desinet
317 1097 386 1150 ante
409 1087 495 1170 dies,
518 1096 549 1150 00
570 1090 602 1150 in
625 1088 684 1149 alto
707 1087 846 1149 Phoebus
869 1088 989 1150 anhelos

95 1189 103 1205 ⁸
171 1178 309 1256 Aequore
327 1178 444 1256 tinguet
457 1194 573 1258 equos,
591 1194 680 1256 quam
698 1192 865 1255 consequar
883 1179 982 1238 omnia
995 1177 1092 1241 verbis

102 1266 204 1328 420111
226 1267 343 1345 species
366 1264 507 1327 naastan
529 1281 643 1327 novas.
671 1267 715 1325 sic
738 1266 837 1325 omnia
859 1267 936 1327 renti

171 1353 349 1433 Cernimus,
372 1361 461 1432 atque
483 1351 548 1413 ilias
572 1370 725 1415 assumere
746 1351 857 1413 robora
880 1361 1002 1435 gentes,

171 1436 343 1502 Concidere·
358 1440 432 1503 has.
460 1442 504 1502 sio
526 1458 632 1521 magna
655 1441 713 1502 init
735 1457 887 1520 censuque
909 1444 1059 1526 virisque,

172 1529 291 1609 Perque
318 1528 423 1590 decem
450 1529 549 1609 potuit
575 1536 692 1590 tantum
715 1528 784 1590 dare
809 1530 960 1608 sanguinis
983 1548 1094 1614 annos,

171 1617 260 1679 Nunc
281 1615 403 1679 humilis
426 1625 543 1678 veteres
566 1617 770 1679 tantummodo
792 1615 882 1678 Troia
903 1619 1006 1680 ruinas

102 1716 157 1766 425
171 1705 211 1767 Et
230 1722 288 1786 pro
311 1705 419 1767 divitiis
442 1703 573 1767 tumulos
597 1704 730 1767 ostendit
751 1721 890 1766 avorum.

172 1792 271 1872 [Clara
294 1794 351 1855 iuit
373 1792 503 1873 Sparte:
529 1811 652 1874 magnae
675 1795 798 1872 viguere
819 1792 976 1873 Mycenae:

171 1882 234 1943 Neo
256 1899 318 1943 non
341 1890 371 1943 00
394 1880 557 1963 Cecropis,
580 1899 637 1943 neo
659 1899 719 1943 non
735 1881 915 1961 ‘Amphionis
937 1900 1039 1946 arces.

171 1969 235 2030 Vile
258 1969 356 2030 solum
379 1968 484 2049 Sparte
507 1977 554 2031 est
565 2016 576 2051 ‚
598 1970 674 2032 altae
697 1969 833 2031 cecidere
855 1970 1013 2050 Mycenae:

172 2057 403 2138 Oedipodioniae
426 2057 497 2138 quid
521 2066 614 2140 sunt,
636 2059 695 2119 nisi
717 2057 816 2119 iabula
828 2105 837 2138 ,
860 2057 1006 2121 Thebae?

101 2146 249 2218 43000101
272 2145 450 2207 Pandioniae
466 2153 609 2228 0000000,
632 2148 691 2207 nisi
712 2163 844 2228 nomen,
867 2147 1038 2228 Athenaei]

172 2234 257 2296 Nunc
276 2252 395 2313 quoquo
408 2232 585 2296 Dardaniam
602 2235 679 2295 fama
697 2241 744 2296 est
757 2251 939 2314 consurgere
953 2238 1093 2320 Romam,

172 2323 431 2403 Appenninigenae
454 2340 531 2401 quae
552 2324 687 2403 proxima
709 2322 867 2402 Thybridis
889 2322 978 2387 undis

173 2410 248 2472 11010
271 2410 328 2472 sub
350 2413 464 2491 ingenti
485 2428 590 2473 rerum
612 2410 784 2473 fundamina
805 2413 906 2491 ponit.

174 2498 252 2560 Haec
274 2500 366 2578 igitur
389 2500 514 2561 formam
537 2499 699 2561 crescendo
722 2507 838 2582 mutat,
862 2508 892 2587 00
913 2499 984 2562 olim

100 2599 160 2650 435
175 2587 304 2649 inmensi
327 2595 417 2667 caput
439 2586 520 2648 orbis
543 2589 623 2650 erit.
650 2590 695 2649 sio
717 2588 818 2649 dicere
841 2596 922 2651 rates

173 2675 378 2755 Faticinasqne
401 2676 501 2738 serunt
524 2683 644 2738 sortese
667 2684 870 2757 quantumque
892 2678 1050 2758 recordor,

173 2763 292 2826 Dixerat
313 2764 453 2846 Aeneae,
475 2782 545 2827 cum
566 2782 616 2826 res
639 2763 767 2826 Troiana
787 2764 919 2847 labaret,

173 2851 337 2913 Priamides
359 2850 491 2914 Helenus
513 2852 597 2914 ilenti
620 2852 770 2932 dubioque
793 2854 914 2917 salutis:

175 2936 270 3002 “Nate
295 2940 349 3001 dea
361 2987 371 3023 ,
393 2943 421 3002 si
443 2949 513 3003 nota
536 2943 607 3003 satis
630 2943 784 3021 praesagia
806 2950 926 3005 nostrae

98 3043 158 3094 440
173 3029 280 3091 Montis
302 3028 416 3112 habes,
439 3047 500 3091 non
522 3037 585 3091 tota
608 3028 695 3092 cadet
716 3039 747 3092 te
771 3034 883 3111 sospite
904 3030 1010 3093 Troia.

173 3117 303 3178 Flamma
324 3115 379 3180 tibi
402 3119 575 3198 ferrumque
599 3117 712 3181 dabunt
734 3121 814 3181 iter:
836 3119 915 3201 ibis,
938 3129 969 3180 et
990 3137 1049 3180 nna

172 3206 315 3286 Pergama
337 3212 421 3286 rapta
443 3207 545 3288 feres,
568 3207 664 3270 donec
685 3207 851 3287 Troiaeque
873 3207 988 3286 tibique

170 3293 337 3356 Externum
358 3296 455 3374 patria
477 3297 629 3376 contingat
651 3298 774 3358 amicius
797 3313 916 3358 arvum.

170 3381 283 3444 Urbem
306 3384 396 3444 etiam
418 3400 509 3444 cerno
531 3383 676 3466 Phrygios
700 3384 810 3447 debere
832 3392 974 3467 nepotes,

94 3484 151 3536 440
171 3471 288 3543 Quanta
311 3489 367 3533 nec
390 3479 436 3533 cst
458 3490 514 3534 000
537 3475 595 3535 0010
617 3491 673 3534 nec
695 3475 757 3535 visa
778 3472 929 3552 prioribus
951 3475 1052 3536 annis.

168 3560 255 3622 Hanc
278 3559 328 3622 alii
350 3578 492 3640 proceres
514 3579 569 3642 per
593 3561 711 3624 saecula
732 3562 818 3641 longa
840 3570 1009 3642 potentem,
