2467 4042
407 229 438 279 V.
457 240 503 280 vn
517 231 647 280 23—v111
663 230 705 279 25.

95 405 130 454 oo
144 391 295 454 Barbara:
328 409 388 452 non
411 391 537 451 bominis
561 390 648 469 eulpa
671 390 723 450 sed
746 392 803 451 ista
825 389 899 451 loci.

142 479 186 541 Ne
210 489 308 542 tamen
331 481 477 540 Ausoniae
500 478 623 557 perdam
646 479 823 539 commercia
847 477 981 558 linguae,

143 567 182 629 Et
203 569 254 629 liat
276 570 371 647 patrio
395 585 449 627 vox
472 583 537 627 mea
560 575 641 627 muta
664 584 756 647 sono,
953 643 956 649 Ι

144 655 210 734 lpse
234 656 339 735 loquor
362 672 479 716 mecum
502 654 685 733 desuetaque
707 652 797 714 verba
820 661 967 734 retracto,

144 743 182 805 Et
205 744 296 805 studii
319 753 422 822 repeto
445 745 528 821 signa
552 744 671 803 sinistra
694 744 769 803 mei.

96 843 130 894 co
145 832 195 893 Sic
218 834 349 893 animum
374 841 550 910 tempusque
574 829 681 909 traho,
705 832 748 891 sie
772 847 879 910 meque
902 831 1013 892 reduco

143 921 167 981 Α
191 920 390 999 contemplatu
414 936 644 998 summoveoque
668 917 753 979 mali.

145 1007 331 1070 Carminibus
355 1024 465 1087 quaero
489 1009 665 1068 miserarum
689 1005 795 1067 oblivia
818 1024 937 1068 rerum:

144 1095 278 1159 Praemia
301 1098 326 1157 si
350 1095 449 1156 studio
472 1112 639 1174 consequar
662 1096 718 1156 isla
730 1140 740 1174 ,
763 1101 809 1155 sat
832 1102 894 1156 est.
999 1108 1000 1111 ’

511 1287 608 1360 VIII.

146 1430 211 1492 lion
235 1430 308 1492 adeo
331 1429 426 1491 cecidi
439 1475 448 1509 ,
471 1431 604 1507 quamvis
628 1428 783 1504 abiectus,
806 1437 840 1489 ut
862 1429 938 1489 inira

146 1519 189 1579 Te
213 1536 331 1599 quoque
355 1519 434 1599 sim,
457 1517 582 1577 inlerius
605 1534 664 1595 quo
688 1516 761 1577 nibil
785 1535 850 1577 esse
873 1524 988 1595 polest.

147 1607 229 1677 Quae
253 1606 306 1667 tibi
329 1624 378 1666 res
402 1608 514 1666 animos
537 1607 567 1665 in
595 1622 644 1665 me
672 1605 741 1665 lacit
754 1652 763 1687 ,
790 1604 946 1685 improbe,
975 1622 1064 1665 curve

147 1694 270 1757 Casibus
293 1694 440 1774 insultas,
464 1711 538 1773 quos
562 1699 647 1772 potes
670 1694 734 1772 ipse
757 1690 844 1773 pati?

116 1784 208 1845 oNee
232 1783 306 1843 mala
330 1793 359 1843 te
382 1781 512 1843 reddunt
535 1783 636 1842 mitem
659 1781 866 1860 placidumque
889 1783 997 1844 iacenti

147 1872 254 1933 Nostra
267 1917 276 1951 ‚
299 1870 407 1949 quibus
431 1872 545 1949 possint
567 1868 753 1930 inlacrimare
777 1870 875 1951 serae,

148 1960 209 2021 Nec
232 1962 340 2020 metuis
364 1957 454 2019 dubio
478 1957 626 2017 Fortunae
650 1959 755 2019 stantis
777 1960 808 2018 in
835 1957 906 2019 orbe

148 2048 264 2109 Numen
288 2057 318 2109 et
341 2065 446 2108 exosae
470 2044 559 2105 verba
582 2044 710 2125 superba
733 2046 823 2107 deae.

148 2136 247 2215 Exigit
270 2154 286 2196 a
310 2136 405 2214 dignis
429 2134 518 2194 ultrix
542 2132 723 2194 Rhamnusia
745 2133 874 2214 poenas!

102 2235 134 2285 ιο
150 2224 279 2304 lnposlto
303 2223 398 2284 calcas
421 2220 492 2301 quid
515 2240 580 2282 mea
603 2223 661 2283 lata
684 2219 786 2301 pede?

148 2312 212 2374 Vidi
237 2331 313 2392 ego,
336 2312 522 2390 naufragium
546 2313 597 2390 qui
620 2312 709 2391 risit,
732 2313 762 2371 in
787 2329 915 2391 aequore
938 2314 1050 2394 mergi,

148 2400 186 2462 Et
209 2395 398 2480 ‘Numquam'
422 2400 483 2460 dixi
505 2394 624 2460 ‘iustior
647 2398 726 2460 unda
749 2395 832 2461 tuit?

149 2488 221 2548 Vilia
245 2491 295 2568 qui
319 2487 466 2569 quondam
490 2489 607 2550 miseris
631 2486 768 2549 alimenta
790 2497 929 2569 negarat,

150 2574 235 2637 Nunc
258 2576 424 2637 mendicato
448 2577 579 2654 pascitur
602 2578 667 2654 ipse
692 2575 775 2636 cibo.

102 2675 135 2726 15
151 2664 289 2726 Passibus
313 2664 457 2744 ambiguis
481 2664 610 2726 Fortuna
634 2663 770 2726 volubilis
793 2673 874 2727 errat

148 2753 187 2816 Et
210 2762 309 2815 manet
332 2756 362 2815 in
386 2753 467 2814 nullo
490 2761 572 2814 certa
595 2761 742 2832 tenaxque
765 2752 849 2834 loco,

150 2842 208 2903 Sed
233 2843 319 2903 modo
348 2842 423 2904 laeta
451 2843 553 2921 venit,
576 2842 675 2902 vultus
698 2841 785 2903 modo
813 2843 904 2903 sumit
926 2840 1068 2922 acerbos,

149 2929 188 2991 Et
211 2939 325 2992 tantum
349 2939 488 2992 constans
511 2931 542 2990 in
564 2929 682 2990 levitate
707 2947 759 2990 sua
783 2939 845 2991 est.

149 3015 210 3077 Nos
235 3035 352 3096 quoque
375 3018 552 3092 floruimus,
576 3016 628 3077 sed
652 3016 706 3077 flos
730 3026 794 3077 erat
816 3016 864 3078 ille
889 3017 1036 3097 caducuS,

101 3115 136 3165 20
151 3102 340 3182 Flammaque
363 3104 400 3164 de
423 3103 530 3183 stipula
554 3111 655 3164 nostra
679 3102 837 3183 brevisque
861 3106 933 3167 luit.

149 3190 229 3253 Neve
253 3203 349 3253 tamen
373 3201 433 3253 tota
458 3192 555 3272 capias
578 3191 640 3251 iera
663 3189 768 3269 gaudia
791 3202 909 3255 mente:

149 3280 214 3342 Non
239 3291 285 3342 est
308 3279 441 3360 placandi
466 3297 534 3357 spes
558 3278 630 3339 mibi
653 3279 731 3340 nulla
755 3280 820 3362 dei,

117 3415 119 3417 .
148 3368 200 3431 Vel
225 3371 293 3450 quia
316 3371 435 3448 peccavi
459 3370 532 3428 citra
556 3366 677 3449 scelus,
700 3377 792 3447 utque
815 3369 928 3448 pudore

149 3456 214 3520 Non
239 3470 342 3537 caret,
365 3458 472 3520 invidia
496 3459 539 3518 sic
563 3456 736 3536 meaculpa
760 3466 859 3540 caret,

102 3559 135 3609 to
149 3545 201 3610 Vel
225 3549 293 3628 quia
318 3546 358 3608 nil
382 3551 485 3627 ingens
510 3545 657 3607 adfinem
681 3545 751 3607 solis
775 3544 811 3607 ab
834 3553 903 3607 ortu
