2467 4042
222 209 287 274 290
629 208 824 261 rasronnn

243 387 295 435 212
353 373 416 434 1122
440 372 564 434 Curetes
586 371 696 433 habent
708 419 717 452 ,
739 372 796 433 boc
820 371 1007 452 Corybantes
1031 395 1136 456 opus.

308 461 368 522 lies
391 462 477 522 latuit
498 470 636 540 patrem:
668 462 819 540 priscique
841 463 1008 523 imitamina
1033 465 1132 546 lacti,

354 551 429 610 Aera
452 549 525 610 deae
548 551 672 612 comites
694 566 844 628 raucaque
867 559 951 628 terga
974 562 1125 615 movent.

310 638 446 718 Cymbala
468 656 523 718 pro
547 637 638 716 galeis
650 683 659 717 ,
682 655 738 716 pro
761 639 854 698 scutis
876 645 1019 717 tympana
1041 641 1183 720 pulsant:

353 726 437 787 Tibia
460 725 510 786 dat
532 725 697 805 Phrygios,
720 733 755 786 ut
777 725 859 786 dedit
881 734 949 787 ante
961 774 971 806 ‚
996 725 1145 791 modos.'

244 827 295 878 215
310 814 465 876 Desierat.
507 817 610 892 coepi:
639 810 710 874 ‘cur
732 812 802 874 huic
824 832 919 893 genus
940 832 1036 896 acre,
1062 817 1167 879 leones

353 902 503 964 Praebent
523 902 658 963 insolitas
679 901 716 963 ad
740 904 808 980 iuga
830 919 920 962 curra
942 900 1080 965 iobasP'

309 991 481 1053 Desieram.
523 992 643 1070 eoepit:
672 985 789 1051 ‘feritas
812 988 923 1050 mollita
945 1009 1001 1070 per
1025 992 1115 1054 illam

353 1078 514 1141 Creditur:
545 1079 576 1139 id
599 1096 692 1140 curru
715 1078 871 1139 testificata
894 1095 949 1139 suo
970 1076 1059 1140 est?

311 1164 364 1228 ‘lit
386 1185 441 1228 cur
463 1167 604 1228 turrifera
627 1172 717 1246 caput
739 1174 786 1227 est
808 1174 929 1227 onerata
952 1166 1099 1229 corona?

243 1268 295 1318 222
353 1256 398 1315 dn
420 1257 525 1334 primis
548 1262 649 1316 turres
672 1253 797 1316 urbibus
819 1254 868 1315 illa
890 1251 1015 1316 deoitt’

309 1345 442 1404 122211.
484 1338 580 1404 ‘unde
602 1338 699 1404 renit'
722 1342 784 1403 dixi
807 1337 876 1403 ‘sua
898 1342 1034 1404 membra
1060 1346 1179 1407 secandi

353 1430 485 1510 Impetus
498 1426 530 1491 i'
563 1440 597 1492 ut
621 1433 721 1512 taem,
743 1430 839 1491 Pieris
862 1449 930 1492 orsa
952 1430 1059 1511 loqui:

311 1515 424 1598 ‘Phryx
447 1537 523 1599 puer
544 1521 576 1580 in
600 1518 703 1597 silvis,
726 1519 801 1579 iaoie
824 1517 1016 1600 spectabilis,
1038 1522 1124 1584 Attis

353 1607 542 1686 Turrigeram
566 1615 648 1669 casto
670 1607 764 1667 vinxit
786 1624 886 1667 amore
910 1606 1014 1668 deam.

244 1695 396 1758 mollone
419 1694 477 1756 sibi
499 1697 611 1756 servari
635 1694 727 1756 voluit
739 1742 748 1775 ,
771 1712 824 1756 222
847 1694 957 1773 templa
978 1699 1081 1779 tueri,

354 1782 391 1843 Et
414 1783 489 1844 dixit
512 1777 659 1861 “semper
682 1784 728 1843 lac
750 1801 826 1861 puer
849 1800 915 1842 esse
938 1780 1060 1845 relis.''

308 1872 360 1933 1112
384 1871 472 1932 fidem
495 1872 584 1932 iussis
608 1871 710 1951 dedit,
734 1879 765 1932 21
787 1865 841 1931 “si
863 1867 1037 1952 mentiar,''
1063 1877 1166 1955 inquit

354 1955 374 1985 ‘³
384 1959 511 2040 Ultima,
534 1977 593 2039 qua
616 1959 734 2040 iollam,
758 1961 797 2020 sit
819 1957 919 2020 Venus
942 1958 991 2018 illa
1015 1960 1143 2026 mibi.'’

308 2049 415 2127 Fallit,
439 2055 469 2108 et
491 2050 523 2108 in
546 2047 674 2127 nympha
697 2046 861 2126 Sagaritide
884 2047 994 2108 desinit
1017 2067 1090 2112 esse

244 2149 295 2200 222
354 2135 439 2207 Quod
463 2137 542 2197 luit.
582 2135 652 2197 binc
674 2153 785 2214 poenas
808 2136 899 2212 exigit
919 2137 964 2195 ira
986 2135 1084 2200 deae.

308 2224 400 2286 Naida
423 2223 594 2285 volneribus
617 2223 744 2285 succidit
766 2225 798 2284 in
820 2223 926 2284 arbore
950 2224 1037 2286 iactis
1048 2271 1062 2306 ,

352 2313 404 2373 llla
426 2314 527 2393 perit3
550 2312 643 2373 iatum
665 2311 769 2375 naides
791 2311 881 2373 arbor
903 2319 985 2373 erat:

309 2399 364 2462 llic
387 2401 482 2482 lurit,
505 2408 536 2461 et
558 2399 684 2462 credens
707 2399 826 2461 thalami
848 2398 1046 2478 procumbere
1077 2411 1188 2467 tectum

353 2488 464 2567 Effugit
476 2536 486 2569 ,
509 2496 538 2549 et
561 2506 654 2550 cursu
676 2487 818 2569 Dindyma
841 2506 955 2549 samma
977 2480 1077 2572 22111ς

244 2588 295 2639 225
309 2577 348 2637 Et
371 2577 458 2637 modo
481 2571 580 2638 “tolle
603 2577 683 2638 12222
696 2571 747 2658 Ι,”
771 2571 941 2638 “remove’'
963 2577 1055 2655 modo

858 2660 1054 2727 “verberat''
1080 2670 1198 2749 clamat,

355 2753 448 2832 Saepe
470 2753 625 2816 1121211222
647 2756 726 2816 iurat
748 2753 851 2814 adesse
874 2752 962 2815 deas.

309 2841 360 2902 1112
384 2844 472 2902 etiam
495 2859 566 2903 saxo
590 2860 699 2921 corpus
721 2841 839 2902 laniavit
863 2849 967 2922 acuto,

353 2929 511 3009 Longaque
535 2932 566 2990 in
589 2930 742 2992 immundo
764 2930 885 3009 pulvere
907 2937 1002 2992 tracta
1026 2950 1117 2996 coma
1140 2948 1197 3013 est,

309 3017 430 3097 Verque
454 3019 510 3080 luit
534 3013 679 3079 “meruil
711 3021 832 3081 meritas
854 3018 892 3079 do
916 3021 1063 3098 sanguine
1088 3042 1204 3103 poenas.

244 3119 295 3169 212
354 3106 395 3167 A!
423 3115 547 3186 pereant
568 3116 691 3188 partes,
715 3125 789 3187 quae
812 3124 949 3169 nocuere·
966 3106 1091 3170 mibil''

310 3190 375 3256 “tt
404 3190 554 3274 pereant''
577 3195 695 3257 dicebat
716 3196 813 3257 adbuc
825 3242 834 3278 ,
861 3213 938 3257 onus
961 3197 1100 3276 inguinis
1123 3204 1204 3265 22122

354 3283 499 3363 Nullaque
522 3292 592 3344 sunt
615 3284 715 3346 subito
738 3286 820 3364 signa
843 3283 947 3345 relicta
969 3286 1045 3347 riri.

310 3371 398 3433 Venit
419 3375 450 3432 in
473 3372 642 3451 exemplum
664 3374 747 3434 iuror
771 3373 841 3453 hic,
864 3372 1029 3451 mollesque
1053 3380 1185 3443 ministri

355 3458 488 3521 Caedunt
510 3462 626 3522 iactatis
648 3461 717 3522 vilia
739 3460 871 3522 membra
894 3457 1023 3523 comis.'

245 3559 296 3607 245
311 3547 431 3609 Talibus
454 3549 564 3609 Aoniae
587 3549 712 3611 larunda
736 3568 806 3611 voce
830 3549 974 3611 Camenae
