2467 4042
1079 230 1106 284 V

97 392 208 452 saeculi
230 392 330 467 quarti
352 393 406 451 aut
428 391 537 469 quinti:
561 411 650 470 quem
672 392 812 453 credibile
834 394 913 454 foret
931 393 1105 456 Horatianis

98 483 130 540 et
143 480 326 556 Vergilianis
345 480 472 540 similem
491 480 593 556 spuria
610 483 723 558 vetera,
742 480 875 541 difficilia
892 483 1024 559 inventu,
1043 502 1104 543 ser·

96 586 193 644 vasae,
216 569 268 627 sed
291 569 420 628 alterurn
443 570 561 628 tantum
583 569 717 629 noviciae
742 569 865 647 originis
884 571 1042 630 omissione
1060 573 1104 631 in·

97 656 273 716 dicaturum.
882 658 883 661 ’

187 744 263 805 Sunt
292 745 384 804 etiam
410 745 442 804 in
468 746 525 805 hoc
547 745 698 805 volumine
721 763 797 821 quae
819 765 879 806 non
902 748 1006 807 eodem
1030 766 1104 808 aevo

96 833 232 910 prodisse
255 832 426 910 videantur;
449 851 483 893 ac
505 834 651 893 librorum
673 834 792 894 bonitas
809 838 931 910 poterat
948 835 984 895 de
1003 836 1104 895 arche·

96 924 171 999 typo
199 922 364 982 admonere.
420 921 472 980 sed
499 923 619 998 cognati
648 922 700 997 qui
727 921 785 982 dici
811 922 939 999 possint,
970 927 1104 999 praeter-

96 1029 187 1087 quam
205 1010 397 1070 Ponticorum
419 1011 471 1087 qui
494 1028 526 1069 se
545 1010 703 1086 excipiunt,
727 1028 764 1070 cx
786 1011 866 1070 omni
887 1029 1011 1072 numero
1029 1011 1104 1071 duos

94 1117 155 1159 non
181 1098 313 1175 invenio,
339 1098 450 1157 nedum
477 1115 496 1158 a
523 1099 641 1159 sacculo
668 1098 771 1174 quinto
799 1099 850 1175 qui
877 1101 1053 1175 repetantur
1075 1102 1106 1158 et

96 1186 251 1264 archetypi
270 1186 400 1264 effigiem
418 1187 605 1247 resuscitent.
660 1184 742 1246 aliud
760 1187 926 1265 observavi,
948 1187 1028 1265 quod
1045 1206 1106 1247 non

97 1275 212 1351 aliquot
237 1275 376 1337 carminis
404 1275 529 1335 alicuius
557 1268 691 1335 codicum
717 1275 887 1352 affinitatis,
916 1276 968 1336 sed
994 1277 1105 1336 veteris

98 1363 251 1423 cuiusdam
274 1382 397 1439 operum
419 1363 605 1423 contubernii
629 1362 876 1441 significationem
894 1364 968 1423 mihi
985 1365 1104 1439 habeat,

96 1469 151 1510 nec
177 1450 266 1511 unius
293 1450 448 1527 archetypi
475 1451 739 1511 conformationem
765 1451 844 1527 quod
872 1453 1020 1529 designet,
1053 1453 1106 1513 sed

97 1540 329 1616 archetyporum
356 1540 488 1599 omnium
512 1558 580 1598 enm
602 1539 752 1614 habitum,
779 1539 898 1617 dequo
922 1542 1106 1618 quaerimus,

96 1645 151 1687 nec
169 1629 288 1688 tanturn
305 1627 567 1703 interpolationem
585 1627 743 1703 duplicem,
766 1647 842 1702 quae
861 1628 901 1686 sit
918 1630 999 1687 ultra
1016 1629 1105 1688 citra·

97 1735 153 1792 que
172 1718 323 1775 saeculum
341 1717 487 1793 quintum,
507 1716 559 1775 sed
576 1716 699 1775 tertiam
717 1716 948 1792 archetyporum
961 1717 1102 1793 ipsorum.

97 1805 249 1880 singulare
281 1807 328 1864 eet
358 1822 393 1864 ac
420 1821 542 1879 prorsus
574 1804 747 1879 fortuitum,
777 1822 837 1863 non
869 1803 947 1879 quod
974 1804 1012 1863 ad
1040 1805 1107 1864 aevi

99 1892 302 1952 obscurissimi
335 1892 532 1953 reconditiora
561 1892 764 1968 pernoscenda
798 1893 927 1951 multum
963 1893 1105 1969 conferat,

99 1979 151 2039 sed
183 1980 262 2059 qnod
295 1980 511 2057 propemodum
542 1980 671 2040 sufficiet
697 1979 736 2039 ad
764 1998 811 2055 ea,
846 1999 923 2057 quae
960 1981 992 2039 in
1019 2000 1106 2056 prae-

98 2069 175 2128 senti
196 2069 420 2146 ingravescunt,
443 2068 559 2129 utiliter
581 2068 771 2144 expedienda.

186 2157 322 2217 Antehac
344 2164 486 2218 versuum
504 2157 791 2233 proscribendorum,
814 2156 1013 2217 eiciendorum
1031 2158 1105 2234 legi·

97 2245 171 2304 tima
194 2246 271 2305 ratio
292 2247 377 2305 nulla
395 2248 469 2321 erat,
491 2245 549 2305 nisi
566 2245 620 2304 ubi
637 2245 743 2304 idoneo
762 2249 940 2321 suppetente
958 2250 1106 2322 apparatu

97 2333 149 2409 qui
171 2333 311 2392 adessent
332 2333 364 2392 in
386 2334 601 2393 recentioribus
624 2334 718 2409 libris,
739 2334 879 2393 abessent
901 2337 939 2395 ab
958 2335 1105 2411 antiquio·

96 2421 188 2481 ribus.
244 2424 314 2481 sunt
337 2421 415 2480 enim
438 2422 543 2481 eodem
565 2423 630 2482 loco
654 2441 713 2498 quo
740 2442 846 2482 vocum
869 2425 901 2482 ct
922 2423 1106 2482 locutionum

97 2509 363 2569 contaminationes
390 2513 422 2570 et
450 2528 486 2569 ex
516 2511 628 2570 saeculi
655 2511 797 2587 cuiusque
825 2510 999 2570 eruditionis
1026 2530 1105 2587 penu

96 2599 169 2659 nati.
224 2616 260 2658 ea
281 2615 387 2658 norma
409 2599 436 2658 si
458 2598 545 2658 facile
569 2600 743 2675 carendum,
771 2599 825 2658 ubi
845 2618 969 2675 prorsus
992 2601 1106 2659 absona

97 2690 268 2764 occurrunt,
296 2686 374 2763 quod
397 2687 493 2747 rarius
516 2688 548 2747 in
569 2687 743 2747 melioribus
766 2688 864 2764 libris,
891 2688 1036 2747 utendum
1058 2691 1106 2747 ta-

96 2794 165 2835 men
193 2793 404 2852 saepenumero
433 2776 521 2835 inre
549 2776 680 2852 ancipiti.
734 2776 786 2836 sed
812 2779 844 2835 in
874 2777 928 2837 hoc
956 2777 1106 2838 volumine

96 2882 237 2924 versuum
265 2883 368 2924 eorum
395 2865 519 2942 exiguus
547 2865 679 2925 innotuit
704 2883 853 2925 numerus.
905 2865 1016 2925 saeculi
1040 2877 1106 2923 xm

96 2951 128 3011 in
146 2952 278 3011 Ponticis
300 2953 476 3011 lacunarum
498 2953 708 3028 supplementa
730 2954 884 3029 quaedam,
907 2953 1106 3027 ut111132,

97 3038 160 3097 1111
178 3050 218 3098 111
236 3042 288 3114 44,
310 3039 342 3097 in
359 3039 443 3098 Ibide
462 3058 538 3115 quae
557 3040 698 3100 adnotavi
716 3060 744 3115 p.
764 3043 838 3114 417,
862 3043 935 3114 419,
957 3041 989 3098 in
1007 3040 1106 3098 Fastis

96 3126 237 3203 paucula,
268 3126 356 3201 nihil,
389 3127 468 3203 quod
496 3126 534 3185 ad
561 3130 719 3202 poetarum
741 3126 904 3185 latinorum
933 3127 1104 3203 aequalium

98 3215 227 3274 nitorem
253 3212 388 3289 accedat,
415 3215 552 3290 quamvis
579 3214 828 3289 interpolatorum
855 3215 919 3273 eius
942 3215 1053 3273 saeculi
1074 3216 1107 3273 in

96 3302 226 3363 dictione
248 3301 401 3378 varianda,
425 3302 599 3379 synonymis
623 3303 706 3362 salvo
729 3304 825 3361 metro
847 3301 1036 3360 inferciendis
1054 3320 1105 3378 pe-

96 3392 216 3451 culiaris
235 3391 276 3451 sit
292 3392 341 3450 vel
359 3389 498 3467 facilitas,
515 3390 565 3452 vel
582 3390 774 3466 intemperies
792 3392 824 3449 et
841 3390 1004 3466 temeritas,
1022 3391 1106 3449 cuius

97 3480 232 3555 exempla
253 3479 351 3539 ubivis
375 3482 491 3555 extant3
521 3478 573 3555 qui
596 3479 789 3539 Ponticorum
811 3478 882 3537 libri
903 3477 967 3536 IIII
988 3479 1106 3557 paginis

96 3566 188 3628 Korn.
218 3568 381 3644 scripturas
410 3567 543 3628 codicum
570 3566 719 3627 BODLP
751 3565 944 3646 quaesiverit,
975 3566 1108 3628 inveniet
