2467 4042
438 209 703 280 vl11‚srr-sa2.
809 229 911 266 naam
1012 211 1074 276 173

151 376 226 437 Filia
247 375 397 457 restabat,
419 394 479 437 non
502 375 553 437 iilo
576 374 664 456 digna
686 383 827 455 parente.

150 463 236 526 Hane
250 483 368 544 qnoque
382 463 484 525 rendit
496 466 600 544 inops.
615 463 768 525 dominum
783 481 928 543 generosa
942 475 1074 535 recusat.

149 551 191 614 Et
214 554 309 614 risina
332 570 401 614 suas
423 552 549 614 tendens
571 570 664 632 super
686 569 815 631 aequora
836 552 948 632 palmas

71 654 135 704 000
151 637 268 721 “Eripe
290 659 339 703 me
362 639 505 721 domino,
528 643 580 719 qui
601 648 704 721 raptae
726 642 857 719 praemia
879 640 965 702 nohis

150 728 336 809 virginitatis
358 723 474 790 habes''
497 729 558 790 ait.
586 728 660 790 haee
682 727 837 807 Neptunus
860 728 1002 790 habebat.

150 817 213 889 Qui
234 835 325 898 preoe
347 835 408 878 uon
431 824 552 898 spreta,
575 818 709 896 quamvis
721 815 825 897 modo
841 818 904 878 risa
926 821 1062 897 sequenti

149 905 242 967 Esset
253 923 325 987 oro,
338 906 522 985 formamque
537 913 626 966 norat
638 904 811 984 vultumque
820 905 935 966 virilem
943 918 965 959 t·
975 917 1074 960 eunti·

150 993 275 1075 induit,
297 1002 330 1054 et
351 993 450 1055 cultus
472 996 570 1074 pisces
594 992 780 1074 capientibus
802 1001 903 1073 aptos.

76 1081 238 1144 00011000
261 1081 398 1143 dominus
421 1076 559 1162 speot'ons
583 1077 626 1142 “o
650 1084 702 1161 qui
723 1080 883 1161 pendentia
905 1099 995 1162 parvo

150 1171 230 1230 Aera
252 1168 318 1232 oibo
341 1169 419 1231 oetas
431 1218 441 1253 ,
463 1169 633 1231 moderator
655 1168 830 1231 harundinis
842 1163 864 1251 ,⁹
885 1171 984 1250 inquit

152 1254 218 1319 ‘Sia
240 1275 323 1319 mare
345 1261 566 1340 oompositum,
589 1259 633 1320 sio
655 1260 695 1319 sit
717 1256 772 1319 tini
792 1259 884 1337 piscis
905 1260 937 1320 in
960 1258 1039 1319 unda

151 1346 322 1428 Credulus,
345 1352 377 1408 et
398 1346 517 1429 nullos,
539 1348 600 1407 nisi
620 1346 719 1428 tirus,
742 1347 850 1407 sentiat
871 1346 992 1407 hamos:

151 1434 237 1506 Quae
255 1435 343 1496 modo
367 1452 436 1496 oum
458 1434 509 1495 vili
531 1433 658 1496 turbatis
677 1440 759 1495 reste
781 1433 894 1514 oapiilis

75 1535 136 1585 000
149 1522 254 1584 Litore
276 1525 308 1584 in
331 1522 388 1584 hoc
411 1530 556 1605 steterat,
579 1540 648 1584 nam
675 1530 803 1584 stantem
829 1525 861 1582 in
887 1522 975 1583 litore
998 1522 1074 1603 ridi,

152 1610 208 1672 Die
230 1610 283 1673 ubi
305 1613 366 1673 sit:
388 1628 486 1690 neque
509 1613 588 1673 euim
609 1613 733 1692 vestigia
754 1610 871 1690 longius
894 1605 1035 1672 extant.''

151 1699 205 1759 illa
227 1698 276 1761 dei
297 1717 407 1761 munus
429 1698 506 1762 beno
529 1698 637 1761 oedere
661 1701 778 1781 sensit,
801 1706 832 1760 et
853 1716 870 1759 a
893 1717 925 1759 se

151 1786 194 1848 Se
217 1790 320 1867 quaeri
342 1786 496 1867 gaudens,
519 1787 566 1848 his
589 1795 636 1849 est
657 1795 794 1849 resecuta
816 1797 988 1867 rogantem:

152 1871 321 1955 “Quisquis
343 1893 376 1937 es
388 1923 398 1958 ,
421 1878 579 1957 ignoscas3
601 1878 633 1936 in
656 1875 766 1936 nullam
787 1874 899 1936 lumina
920 1882 1036 1956 partem

77 1975 136 2026 000
152 1964 277 2043 Gurgite
301 1962 337 2025 01)
360 1964 418 2025 hoo
440 1963 532 2045 dexi,
554 1964 714 2043 studioque
737 1971 877 2044 operatus
899 1963 1030 2024 inhaesi.

152 2052 281 2131 Quoque
303 2054 403 2114 minus
427 2051 567 2134 dubites,
591 2054 635 2113 sio
662 2051 715 2113 has
738 2051 812 2113 deus
835 2053 973 2132 aequoris
996 2060 1073 2113 artes

151 2140 297 2221 Adiuvat,
319 2149 354 2202 ut
375 2157 463 2201 nemo
486 2139 648 2202 iandudum
670 2140 758 2201 litore
780 2143 812 2201 in
834 2141 910 2221 isto,

151 2228 200 2290 110
222 2237 322 2289 tamen
345 2236 492 2310 excepto,
514 2246 571 2290 neo
594 2229 704 2290 femina
727 2230 860 2289 constitit
881 2222 982 2290 ulia.''

153 2316 308 2398 Credidit,
331 2324 362 2378 et
382 2334 470 2378 verso
493 2315 632 2378 dominus
653 2316 729 2397 pode
750 2318 861 2396 pressit
882 2316 1040 2397 harenam,

79 2417 138 2468 070
153 2404 325 2484 Clususque
349 2403 442 2466 abiit.
470 2404 513 2465 illi
535 2423 589 2466 sua
611 2404 726 2467 reddita
748 2405 844 2465 torma
866 2412 928 2465 est.

153 2495 208 2554 Ast
230 2491 282 2554 ubi
304 2492 415 2555 habore
438 2510 523 2554 suam
545 2493 735 2554 transformia
758 2509 884 2571 corpora
906 2496 1017 2573 sensit,

154 2581 251 2661 Saepe
273 2589 358 2661 pater
381 2582 508 2642 dominis
531 2580 690 2661 Triopeida
711 2579 824 2642 tradit.
856 2588 886 2641 at
907 2580 956 2642 illa

152 2668 240 2731 Nune
254 2687 330 2748 equa
338 2717 348 2752 ,
361 2687 442 2731 nuno
456 2669 517 2730 ales
524 2717 534 2752 ,
548 2668 637 2730 modo
650 2667 724 2750 bos,
737 2667 824 2730 modo
839 2686 945 2731 cerrus
959 2668 1075 2749 abibat,

152 2756 377 2838 Praebebatque
400 2757 484 2818 addo
506 2774 566 2818 non
589 2760 668 2819 iusta
690 2755 827 2818 alimenta
849 2761 982 2838 parenti.

82 2844 203 2908 010110
226 2854 325 2908 tamen
347 2846 397 2907 ilia
419 2845 488 2906 mali
509 2853 667 2925 postquam
690 2854 914 2926 consumpserat
935 2865 1053 2908 omnem

152 2933 329 3016 Materiam,
351 2933 533 3013 dederatque
556 2936 639 3014 gravi
660 2951 736 2994 nova
757 2932 865 3013 pabula
887 2933 1009 3013 morbo,

152 3023 221 3103 ipse
243 3040 314 3084 suos
337 3030 420 3084 artus
442 3022 540 3084 lacero
564 3021 703 3084 0110011000
726 3039 829 3083 morsu
965 3036 966 3039 ’

154 3111 283 3192 Coepit,
304 3118 336 3172 et
357 3111 461 3173 inieiix
478 3110 639 3173 minuendo
662 3127 771 3190 corpus
794 3109 907 3172 alebat.

45 3208 54 3221 '
153 3198 232 3271 Quid
253 3216 356 3260 moror
378 3195 541 3260 externis?
563 3201 652 3260 etiam
675 3197 747 3259 mihi
770 3216 858 3278 saepe
880 3197 1007 3260 novandi
1030 3209 1076 3260 est

82 3299 138 3351 000
153 3287 318 3368 Corporis,
340 3305 359 3348 o
381 3289 525 3370 iuvenes,
548 3304 674 3349 numero
696 3287 780 3349 finita
802 3294 951 3367 potestas.

152 3375 228 3437 Nam
250 3375 339 3437 modo
362 3378 415 3455 qui
436 3393 517 3438 nuno
540 3393 607 3437 snm
629 3374 754 3469 videor:
776 3374 863 3436 modo
886 3374 991 3437 fleotor
1013 3378 1044 3437 in

150 3554 287 3616 Armenti
309 3552 396 3615 modo
419 3552 479 3614 dux
502 3554 580 3614 vires
603 3556 634 3615 in
658 3545 769 3614 'cornua
792 3569 894 3633 sumo;
932 3482 1074 3544 anguem.
