2467 4042
399 290 425 360 l,
447 287 509 351 221
523 322 560 333 -
572 287 645 349 296.
980 286 1039 356 lte

2 440 8 513 l
97 441 179 502 Ecce
197 440 392 502 suburbanae
407 442 554 517 templum
567 442 723 503 nemorale
738 441 854 503 Dianae

1 532 2 541 ’
40 533 87 588 260
136 525 290 602 Partaque
305 542 360 602 per
374 525 496 601 gladios
511 537 606 600 regna
621 533 752 586 nocente
766 543 867 587 manu.

97 610 150 668 llla
166 612 254 684 quod
269 617 315 671 est
328 610 441 694 virgo,
453 611 539 684 quod
552 611 612 671 tela
627 610 784 685 Cupidinis
799 610 871 686 odit,

136 693 236 754 Multa
250 695 334 756 dedit
348 707 465 770 populo
481 706 623 767 vumera,
645 695 738 756 multa
753 693 846 755 dabit.

95 776 269 853 Hactenus,
291 779 374 839 unde
389 779 475 852 legas
490 778 574 853 quod
590 794 691 852 ames,
714 779 765 839 ubi
779 780 854 839 retia
869 797 976 855 ponas,

134 862 291 939 Praecipit
303 862 471 938 imparibus
488 868 576 923 vectu
589 861 703 923 Thalea
716 861 801 923 rotis.

35 952 80 1006 tob
91 944 178 1005 Nunc
194 946 261 1021 tibi,
285 963 364 1022 quae
379 946 505 1022 placuit,
530 963 608 1021 quas
624 945 663 1006 sit
677 947 828 1023 capienda
841 963 897 1023 per
910 957 1000 1020 artes,

136 1031 248 1092 Dicere
262 1030 450 1106 praecipuae
464 1030 573 1093 molior
587 1031 661 1091 artis
677 1046 765 1105 opus.

93 1112 243 1191 Quisquis
256 1114 387 1190 ubique,
412 1114 483 1187 viri,
506 1115 624 1177 dociles
639 1115 791 1179 advertite
804 1123 930 1191 mentes,

135 1198 347 1274 Pollicitisque
361 1201 485 1274 iacens,
505 1199 632 1274 vulgus,
654 1200 761 1259 adeste
777 1198 861 1259 meis.

92 1280 198 1345 Prima
213 1290 282 1345 tuae
294 1283 390 1350 menti
406 1283 508 1343 venial
521 1283 648 1355 fiducia,
670 1290 797 1344 cunctas

36 1371 82 1426 tle
133 1366 234 1428 Posse
248 1368 328 1443 capi.
348 1367 471 1443 capies,
492 1374 526 1433 lu
539 1367 633 1431 modo
648 1368 740 1429 tende
755 1369 872 1443 plagas.

93 1451 179 1512 Vere
193 1452 278 1527 prius
293 1453 439 1517 volueres
453 1458 588 1530 taceant,
606 1459 725 1515 aestate
740 1451 874 1523 cicadae,

135 1535 307 1596 Maenalius
323 1536 422 1611 lepori
437 1536 489 1597 det
503 1552 560 1597 sua
573 1541 659 1611 terga
673 1536 768 1605 canis

96 1617 220 1680 Femina
234 1637 328 1695 quam
343 1620 445 1683 iuveni
460 1620 572 1680 blande
586 1626 732 1696 temptata
745 1625 901 1694 repugnet.

137 1704 220 1765 Haec
238 1720 380 1779 quoque,
398 1720 491 1780 quam
507 1704 621 1781 poteris
637 1705 763 1767 credere
780 1703 877 1778 nolle,
899 1705 986 1765 volet

40 1791 84 1846 tle
94 1786 191 1864 thue
206 1789 274 1850 viro
290 1788 400 1853 tuciva
417 1804 528 1863 venue,
552 1789 598 1849 sic
612 1805 698 1862 mata
714 1787 847 1864 puellae:

136 1872 191 1932 Vir
205 1875 285 1933 male
300 1873 480 1934 dissimulat.
505 1873 613 1935 tectius
631 1873 682 1934 illa
696 1872 789 1948 eupit.

97 1954 263 2017 Conveniat
278 1956 431 2031 maribus,
453 1972 584 2032 nequam
601 1974 658 2019 nos
673 1965 744 2021 ante
758 1972 909 2031 regemus,

137 2041 261 2102 Femina
274 2041 335 2103 iam
350 2048 454 2118 partes
470 2041 551 2102 victa
564 2041 701 2117 rogantis
716 2048 795 2116 agat.

98 2122 238 2187 Mollibus
253 2126 283 2185 in
301 2126 396 2202 pratis
410 2125 547 2201 admugit
560 2127 672 2187 lemica
688 2135 788 2187 taurea

44 2213 88 2267 280
134 2210 258 2270 Femina
272 2208 433 2286 cornipedi
449 2226 572 2285 semper
585 2209 724 2274 adhinnit
736 2226 827 2286 equo

99 2290 217 2355 Parcior
231 2294 261 2354 in
278 2295 369 2355 nobis
383 2310 441 2355 nec
456 2303 516 2369 tam
532 2295 648 2355 furiosa
663 2295 766 2356 libide.

134 2379 313 2454 Legitimum
328 2380 421 2439 finem
436 2377 558 2439 flamma
574 2379 669 2439 virilis
685 2378 784 2439 babet.

98 2461 227 2542 Byblida
242 2462 317 2540 quid
331 2464 476 2538 referam,
499 2463 590 2524 vetito
607 2479 686 2538 quae
703 2463 803 2523 fratris
817 2478 921 2523 aurore

136 2548 234 2618 Arsit,
257 2555 288 2607 et
301 2555 351 2608 est
363 2548 473 2623 laqueo
489 2549 606 2608 sortiter
620 2549 680 2607 ulta
695 2547 804 2607 neiast

47 2634 88 2688 ibt
98 2629 221 2710 Myrrha
234 2638 369 2707 patrem,
393 2632 525 2692 sednon
540 2648 603 2707 qua
616 2633 679 2693 iilia
694 2631 798 2704 debet,
821 2632 940 2703 miravit,

136 2716 172 2776 Et
186 2732 268 2777 nuuc
283 2716 419 2777 obducto
434 2716 546 2778 cortice
563 2733 672 2792 pressa
688 2718 770 2776 latet.

99 2798 176 2860 lilius
192 2800 341 2872 lacrimis,
365 2816 443 2876 quas
459 2800 570 2861 arbore
586 2801 685 2863 fundit
699 2801 805 2874 odora,

135 2885 317 2960 Unguimur,
338 2891 370 2945 et
382 2884 524 2947 dominae
539 2886 662 2947 nomina
676 2892 759 2960 gutta
775 2892 864 2945 tenet.

96 2967 182 3028 Forte
197 2968 254 3031 sub
271 2968 426 3031 umbrosis
441 2985 624 3032 nemorosae
640 2969 768 3030 vallibus
787 2969 860 3030 ldae

44 3056 85 3112 eto
132 3052 307 3126 Candidus,
329 3054 456 3114 armenti
471 3054 584 3129 gloria,
605 3061 710 3115 taurus
725 3064 797 3126 erat,

93 3135 237 3212 Signatus
253 3138 335 3198 tenui
350 3138 451 3199 media
464 3138 542 3198 inter
556 3154 673 3199 cornua
687 3138 790 3214 nigro:

133 3223 202 3284 Una
217 3222 274 3282 luit
288 3222 388 3297 labes,
412 3229 514 3287 cetera
529 3223 615 3284 lactis
632 3229 726 3284 erant.

93 3305 177 3367 Illum
193 3306 448 3382 Gnossiadesque
463 3306 692 3385 Cydoneaeque
707 3307 855 3367 iuvencae

134 3389 285 3466 Optarunt
296 3400 382 3466 tergo
398 3391 582 3453 sustinuisse
597 3408 664 3454 suo.

42 3473 241 3551 lltPasiplra'b
256 3474 322 3535 fieri
336 3475 490 3550 gaudebat
504 3476 642 3537 adultera
658 3475 743 3537 tauri.

133 3559 242 3619 Invida
257 3560 433 3619 formonsos
449 3560 556 3621 oderat
570 3560 621 3621 illa
633 3559 742 3620 boves.
