2467 4042
191 221 250 283 rit
550 220 691 283 ARTIS
712 221 849 282 Ahar.

311 373 356 435 iu
370 375 449 433 mats
462 374 590 449 instato,
610 382 645 435 tu
659 375 739 437 maie
753 374 831 434 iaetu
846 374 934 436 datos

210 468 257 520 teo
269 456 331 518 Seu
347 458 550 529 incrassulus,
573 458 682 520 vietam
697 473 737 519 ue
751 472 853 532 poena
868 466 1024 534 sequetur,

208 572 212 579 ,
311 541 458 602 Damnosi
474 542 566 603 facito
581 548 662 602 stent
674 541 727 601 tihi
742 556 839 616 saepe
852 557 960 603 eunesa

268 624 342 685 Sive
358 624 508 686 latrocinii
522 624 580 685 sub
594 625 726 700 imagine
742 627 877 687 caleulum
891 625 954 701 ibit,

308 707 371 769 Fae
385 716 491 786 pereat
507 708 603 771 vitreo
618 707 706 770 mites
720 708 759 769 ab
773 708 864 771 hoste
877 717 957 771 tuus.

267 794 338 868 lpse
353 799 423 853 tene
438 793 572 854 distenta
585 793 651 855 suis
666 792 843 855 umbracula
855 794 959 868 virgis,

203 888 254 940 tto
307 878 379 952 lpse
395 878 444 937 teo
458 877 489 938 in
503 876 608 952 turba,
627 893 690 952 qua
703 877 787 937 venit
798 875 865 953 itta,
887 878 998 939 tooum.

265 961 328 1023 Nec
341 961 447 1022 dubita
460 961 548 1022 tereti
562 977 721 1023 suerranum
739 961 910 1036 producere
923 963 1013 1038 leuto,

307 1045 344 1104 Et
357 1052 463 1106 tenere
478 1047 595 1106 soleam
609 1044 700 1105 deme
712 1046 763 1131 uei
776 1045 857 1105 adde
871 1046 952 1121 pedi.

265 1127 366 1204 Saepe
381 1127 471 1189 etiam
486 1127 645 1203 dominae,
666 1128 807 1203 quumvis
821 1128 960 1190 horrebis
975 1131 1097 1208 etipse,

305 1212 428 1287 Algenti
445 1226 555 1274 manus
569 1220 618 1272 est
631 1211 822 1273 eetiuoienda
834 1213 913 1273 sinu.

200 1306 250 1359 als
261 1296 324 1356 Neo
336 1296 393 1356 tihi
404 1305 493 1372 turpe
507 1304 629 1372 putu...
652 1296 793 1372 quamvis
807 1296 847 1359 sit
859 1304 963 1373 turpe,
985 1300 1157 1376 placebit..

304 1380 440 1455 ingenua
454 1382 613 1456 specuium
627 1379 812 1442 sustinuisse
825 1397 926 1442 manu.

262 1464 331 1537 llle,
354 1463 496 1538 fatigatae
510 1462 693 1540 perimendo
706 1471 842 1526 monstra
855 1480 1008 1527 novercae

305 1546 360 1621 Qui
375 1548 485 1608 meruit
497 1548 631 1620 eaelum,
652 1548 736 1624 qued
749 1549 835 1623 prior
848 1549 917 1624 ipse
930 1551 1004 1623 tulit,

261 1632 342 1691 Inter
357 1632 496 1693 Ioniacas
513 1631 664 1695 salathum
680 1632 817 1693 tenuisse
832 1634 951 1709 puellus

198 1725 249 1777 uto
301 1714 453 1790 Creditur,
476 1722 507 1776 et
520 1718 607 1776 lunas
622 1716 799 1778 excoluisse
812 1717 917 1778 rudes.

259 1799 361 1861 Paruit
373 1798 500 1875 imperio
516 1800 660 1862 dominae
673 1799 849 1877 Tirynthius
862 1801 964 1864 heros.

300 1884 313 1943 l
328 1899 410 1944 nuno
424 1890 455 1943 et
468 1884 575 1946 dubita
587 1885 683 1958 reue,
706 1885 854 1959 quoditie
865 1886 941 1947 tulit.

258 1967 366 2028 Iussus
380 1967 494 2028 adesse
508 1968 592 2040 iuro,
614 1967 701 2029 iussa
714 1968 860 2030 maturius
875 1968 952 2030 horu

299 2050 360 2111 Fae
375 2067 498 2127 semper
510 2052 634 2126 uenias,
654 2067 711 2112 nee
725 2052 786 2114 nisi
799 2068 887 2114 sems
901 2052 961 2115 abi.

196 2145 245 2198 tto
257 2132 408 2196 Ooeurras
423 2136 543 2212 aliquo,
562 2134 617 2197 tibi
632 2136 757 2210 dixerit,
777 2137 880 2199 omnia
893 2135 992 2211 differ,

239 2233 242 2239 ’
299 2219 410 2298 Curre,
429 2235 487 2280 neo
501 2220 656 2296 inoeptnm
669 2220 759 2281 turha
772 2227 907 2282 moretur
922 2222 987 2283 iter.

255 2303 350 2363 Nocte
365 2304 487 2364 domum
501 2311 646 2382 repetens
661 2305 755 2381 epulo
771 2305 928 2381 perrenota
940 2306 1068 2369 redibits

295 2388 379 2447 Tune
396 2402 522 2464 quoque
535 2405 593 2465 pro
607 2403 715 2464 servo,
738 2388 765 2451 si
779 2396 871 2450 voont
884 2390 949 2463 ilia,
972 2392 1052 2453 voni.

253 2471 336 2531 Rure
350 2471 422 2546 erit,
444 2480 476 2533 ot
488 2471 569 2534 diuet
582 2471 732 2534 ‘venias’s
754 2474 849 2534 Amor
863 2475 928 2536 odit
941 2475 1069 2537 inertes.

191 2563 242 2617 ude
295 2553 327 2616 Si
341 2564 409 2617 rota
424 2557 567 2631 desuerit,
588 2564 621 2618 tu
635 2557 716 2633 pede
733 2573 826 2633 serpe
840 2558 933 2620 viam.

253 2639 314 2700 Nee
328 2656 422 2716 grave
435 2648 465 2702 te
479 2647 602 2717 tempus
617 2641 788 2718 sitiensque
801 2641 945 2703 Canicula
958 2642 1066 2719 tardet,

294 2724 358 2785 Neo
372 2725 422 2785 viu
437 2741 494 2801 per
507 2725 603 2787 iaetas
618 2725 750 2787 eandida
763 2727 845 2787 taeta
858 2728 956 2788 nives.

252 2808 376 2869 Militiae
390 2810 514 2885 speeies
529 2825 617 2871 amor
630 2817 687 2871 est.
709 2810 873 2886 discedite,
896 2826 1023 2887 segness

294 2893 360 2953 Non
376 2901 446 2953 sunt
459 2893 536 2954 haee
548 2893 666 2955 timidis
680 2894 769 2971 signa
782 2893 896 2956 tuenda
910 2895 993 2956 viris.

187 2983 237 3037 235
248 2976 316 3036 Nox
332 2985 362 3038 et
377 2977 472 3038 hiems
486 2978 660 3055 longaeque
673 2978 743 3040 viae
757 2979 904 3057 saevique
918 2979 1043 3040 dotores

292 3060 435 3122 Moitibus
451 3061 500 3123 his
515 3063 627 3123 cestris
642 3071 674 3124 et
688 3062 776 3123 tabor
790 3063 890 3126 omnis
907 3063 996 3125 inest.

251 3143 352 3220 Saepe
368 3146 449 3207 teres
464 3144 590 3206 imbrem
606 3146 732 3209 coelesti
747 3146 829 3208 nubo
843 3147 984 3223 solutum,

290 3227 430 3304 Frigidus
445 3239 475 3292 et
490 3228 573 3292 nuda
591 3246 687 3308 saepe
702 3230 819 3292 iuoebis
835 3231 937 3293 humo.

249 3311 397 3390 cynthius
410 3313 534 3377 Admeti
548 3330 662 3377 vaeoas
678 3317 805 3392 pavisse
818 3315 946 3376 Pheraei

185 3402 235 3456 rto
285 3394 407 3469 Fertur,
430 3397 506 3458 etin
520 3415 622 3475 parva
634 3399 793 3461 delituisse
807 3415 890 3461 oasa

248 3477 336 3554 Quod
356 3480 512 3544 Phoebum
530 3482 646 3557 denuit,
667 3499 759 3562 quem
773 3500 835 3545 non
851 3483 960 3545 deret?
981 3496 1062 3544 exue
1078 3483 1182 3559 fastus,
