2467 4042
427 235 460 286 V.
478 246 512 287 r1
527 238 626 287 l—vrr
639 238 680 288 22.
1014 235 1055 302 91

137 395 321 477 lsto,-quod
344 398 444 477 reris,
466 396 607 475 grandius
630 397 703 459 illud
727 400 801 460 erit.

137 482 231 553 Quam
254 484 345 548 multa
368 485 501 546 madidae
525 484 714 547 celebrantur
736 485 880 548 arundine
903 488 1017 571 iussae,

137 570 255 633 Florida
278 591 366 651 quam
385 572 492 634 multas
515 572 608 652 Hybla
631 581 734 635 tuetur
756 593 844 656 apes,

137 658 231 729 Quam
244 660 363 721 multae
386 661 488 740 gracili
510 669 629 722 terrena
651 661 708 723 sub
731 662 838 724 horrea
861 664 940 725 ierre

91 759 124 809 40
137 746 244 809 Limite
267 749 408 809 formicae
431 767 522 827 grana
544 757 663 829 reperta
686 750 799 831 solent,

137 835 209 896 Tam
232 854 280 902 me
303 838 496 899 circumstant
519 838 680 899 densorum
703 838 789 902 turba
812 840 974 902 malorum.

137 921 231 985 Crede
255 924 327 985 mihi
339 971 349 1005 ,
372 943 442 986 vero
466 933 512 986 est
534 936 636 988 nostra
659 926 789 1005 querella
811 930 926 989 minor.

136 1010 189 1072 His
212 1014 264 1091 qui
287 1020 445 1075 contentus
468 1032 528 1075 non
552 1023 598 1076 est
610 1061 620 1095 ,
643 1017 674 1075 in
697 1015 767 1076 litus
783 1016 926 1099 harenas,

136 1099 170 1160 lu
192 1108 323 1179 segetem
347 1104 466 1182 spicae,
489 1103 519 1163 in
543 1121 625 1163 mare
648 1102 752 1164 fundat
775 1121 881 1183 aquas.

90 1199 122 1248 ts
136 1186 360 1267 intempestivos
383 1192 475 1268 igitur
498 1208 653 1270 compesce
676 1198 827 1273 tumores,

135 1274 204 1337 Vela
227 1294 324 1356 neque
346 1279 378 1338 in
401 1278 498 1339 medio
522 1279 627 1340 desere
650 1288 752 1341 nostra
774 1278 866 1343 marii

510 1470 589 1545 VII.

135 1630 230 1702 Quam
251 1629 348 1711 legis,
370 1649 408 1693 ex
430 1630 479 1692 illa
502 1629 556 1692 tibi
579 1632 660 1694 venit
682 1628 811 1709 epistula
828 1640 927 1711 terra,

134 1717 224 1779 Latus
247 1718 299 1779 uhi
322 1722 478 1798 aequoreis
501 1719 618 1780 additur
641 1718 742 1780 Hister
765 1722 867 1798 aquis.

135 1805 167 1867 Si
189 1806 245 1868 tibi
267 1810 412 1887 contingit
435 1825 504 1868 cum
527 1807 607 1868 dulci
630 1809 688 1868 rita
712 1807 824 1890 salute,

134 1893 263 1955 Gandida
285 1896 423 1956 fortunae
445 1913 514 1974 pars
537 1903 638 1957 manet
659 1914 728 1957 una·
741 1914 841 1957 meae.

104 1981 272 2063 cSoilicet,
295 1990 329 2044 ut
347 2001 482 2064 semper,
507 1984 578 2062 quid
598 2001 699 2064 agam,
723 1986 894 2065 carissime,
916 1985 1053 2067 qnaeris,

134 2070 273 2141 Quamvis
296 2070 353 2132 hoc
376 2071 422 2132 vel
445 2089 493 2132 me
517 2074 594 2132 scire
618 2079 735 2133 tacente
758 2080 861 2151 potes:

133 2158 207 2220 Sum
229 2160 343 2240 miser;
365 2159 438 2221 haec
461 2158 560 2220 brevis
588 2167 634 2221 est
656 2167 827 2222 nostrorum
855 2178 968 2224 summa

680 2248 843 2331 malmum,

133 2336 276 2414 Quisquis
299 2344 330 2397 et
352 2337 464 2397 offenso
489 2334 613 2397 Caesare
637 2337 729 2416 ririt,
751 2339 826 2397 erit.

133 2423 234 2485 'lurlra
255 2423 429 2485 Tomitanae
452 2442 528 2503 quae
551 2426 591 2485 sit
612 2426 743 2504 regionis
767 2431 797 2485 et
819 2426 898 2486 iuter

85 2523 119 2571 10
133 2512 215 2584 Quos
237 2512 368 2574 habitem
390 2530 490 2573 mores
502 2558 511 2592 ,
534 2512 651 2574 discere
674 2530 746 2574 cura
768 2511 824 2573 tibi
846 2509 920 2574 est?

131 2600 222 2662 mixta
245 2603 284 2663 sit
311 2600 384 2662 haec
412 2603 545 2679 quamvis
571 2604 652 2663 inter
675 2601 862 2680 Graecosque
885 2599 1052 2685 Getasque,

132 2691 156 2749 Α
180 2688 254 2750 male
277 2691 389 2768 pacatis
411 2687 479 2768 plus
502 2689 592 2751 trahit
615 2707 667 2750 ora
690 2688 790 2751 Getis.

133 2777 311 2839 Sarmaticae
335 2778 429 2839 maior
452 2777 631 2856 Geticaeque
654 2777 820 2864 frequentia
842 2780 940 2857 gentis

59 2940 62 2946 ¹
131 2865 190 2926 Per
212 2864 324 2927 medias
346 2867 376 2926 in
401 2866 486 2944 equis
508 2867 590 2944 itque
614 2867 750 2944 reditque
774 2868 851 2927 vias.

84 2962 118 3010 tc
132 2951 167 3011 ln
189 2952 298 3030 quibus
321 2961 368 3014 ast
390 2970 501 3033 nemo,
524 2954 576 3031 qui
598 2971 659 3014 non
682 2960 804 3032 coryton
828 2961 858 3014 et
881 2970 985 3014 arcum

131 3038 262 3117 Telaque
284 3042 403 3118 vipereo
426 3040 523 3101 lurida
545 3039 613 3100 ielle
636 3048 735 3118 gerat.

132 3125 195 3186 Vox
218 3126 281 3188 iera
293 3172 302 3206 ,
325 3136 395 3188 trux
417 3127 538 3207 vultus,
561 3129 714 3188 verissima
737 3126 839 3188 Martis
861 3129 975 3208 imago;

130 3214 197 3275 lion
220 3232 303 3275 coma
315 3262 325 3295 ,
348 3233 407 3276 non
431 3214 490 3276 ulla
512 3213 603 3275 barba
625 3222 741 3275 resecta
762 3232 870 3296 manu,

133 3302 260 3363 [lextera
283 3320 343 3364 non
366 3304 465 3383 segnis
488 3303 545 3363 lixo
568 3303 640 3364 dare
664 3301 785 3364 vulnera
807 3303 923 3384 cultro,

78 3402 116 3451 ao
132 3391 227 3462 Quem
249 3393 385 3454 iunctum
407 3391 493 3453 lateri
515 3390 660 3454 barbarus
682 3393 778 3453 omnis
801 3390 906 3453 hahet.

130 3479 207 3541 Vivit
229 3481 261 3541 in
284 3480 331 3541 his
353 3479 435 3542 heu!
459 3496 562 3561 nunc,
584 3480 720 3542 lusorum
742 3479 852 3541 oblitus
875 3498 1027 3563 amorum,

131 3566 193 3629 llos
215 3568 297 3630 ridet
309 3616 318 3651 ,
340 3569 395 3630 hos
418 3577 499 3631 vates
522 3568 627 3652 audit,
650 3571 765 3650 amice,
788 3567 875 3631 tunsi
