2467 4042
149 271 210 336 teo
527 259 799 322 arrsruunn.

233 421 294 482 Aut
308 433 368 493 ego
384 432 445 477 non
461 416 549 491 novi,
573 429 665 490 quam
680 413 739 474 sim
754 415 947 488 temerarius,
971 422 1023 475 aut
1037 430 1094 475 me

175 515 222 570 mo
274 505 308 564 ln
325 503 403 562 ireta
416 515 479 560 non
494 506 601 560 cautus
616 507 679 563 tum
695 515 820 576 quoque
838 500 932 560 mittet
947 501 1055 560 Amor.

233 589 318 650 Neve
333 592 422 661 putes
438 584 469 644 id
486 599 551 658 ma,
571 582 654 659 quod
670 581 772 658 abest,
795 583 969 660 promittere
984 591 1128 659 tempust

276 671 408 746 Pignora
422 666 548 744 polliciti
562 683 623 728 non
638 664 693 727 tibi
707 669 794 728 tarda
812 666 905 728 dabo.

235 756 280 819 Sit
294 753 441 816 tumidum
458 753 566 827 paucis
584 751 771 812 etiamnunc
785 751 926 812 noctibus
940 766 1071 829 aequor,

276 840 323 900 Ire
339 835 520 914 perinvitus
536 835 731 911 experiemur
748 852 856 912 aquas.

176 935 222 992 195
233 929 294 986 Aut
311 921 384 982 milri
403 921 558 996 continget
571 919 645 979 iclix
659 919 789 981 audacia
804 922 901 994 salvo,

275 1009 338 1069 Aut
351 1020 435 1065 mors
451 1004 574 1066 solliciti
590 1004 660 1064 finis
676 1005 790 1064 amoris
809 1004 874 1065 crit

236 1090 355 1170 Optabo
370 1096 486 1163 tamem
509 1094 542 1149 ut
559 1088 655 1163 partis
670 1088 808 1165 expellar
825 1088 948 1163 initias,

276 1176 314 1236 Et
328 1179 453 1236 teneant
467 1180 573 1249 portus
589 1172 737 1248 naufraga
750 1172 886 1233 membra
900 1179 981 1235 tuos.

234 1259 337 1323 Flebis
349 1256 445 1332 enim,
465 1263 608 1332 actuque
624 1271 724 1316 meum
739 1254 905 1332 dignabere
920 1271 1049 1332 corpus,

173 1357 224 1410 noo
276 1345 316 1404 Et
328 1343 460 1403 ‘mortis’
477 1341 565 1401 dices
579 1340 663 1401 lhuic
677 1356 734 1416 ego
749 1354 846 1402 causa
861 1339 928 1402 itti!

236 1428 359 1490 Scilicet
372 1426 509 1488 interitus
525 1424 693 1487 offenderis
708 1424 811 1485 omine
827 1424 933 1497 nostri,

277 1512 452 1585 Litteraque
467 1508 569 1570 invisa
583 1515 631 1570 est
645 1509 703 1569 hac
717 1525 787 1570 maa
803 1517 889 1584 parte
904 1508 979 1570 tibit

234 1596 359 1658 Desino.
382 1609 478 1671 parce
490 1592 591 1669 queri.
614 1593 672 1654 scd
690 1600 766 1654 utet
781 1608 866 1653 mare
881 1592 965 1652 liniat
981 1592 1067 1664 iram

277 1678 449 1754 Accedant,
470 1691 605 1753 quaeso,
629 1678 678 1738 lac
692 1684 744 1740 tua
757 1683 830 1737 vota
843 1675 930 1736 meis.

171 1776 221 1829 205
232 1764 311 1824 Pace
324 1762 411 1823 brevi
424 1762 515 1823 nobis
530 1775 609 1837 opus
624 1767 686 1835 ast,
710 1761 783 1821 dum
797 1761 966 1822 banslcror
980 1759 1052 1821 isto.

278 1848 353 1908 Cum
367 1853 418 1908 tua
435 1845 592 1920 contigero
606 1845 712 1917 litora,
733 1849 849 1921 perstet
863 1843 995 1920 hiemps.

235 1931 308 1993 Istic
319 1938 369 1993 est
383 1936 486 2006 aptum
501 1936 627 1989 nostrae
642 1930 751 1989 navala
766 1929 897 2000 mrinae,

276 2015 314 2076 Et
327 2014 438 2075 melius
451 2014 535 2075 nulla
550 2020 611 2074 stat
625 2028 694 2074 mea
708 2013 823 2090 puppis
839 2026 929 2087 aqua.

236 2098 299 2159 lilio
315 2114 363 2160 me
377 2098 499 2158 claudat
515 2098 642 2173 boreas,
660 2097 713 2158 ubi
727 2098 818 2157 dulce
832 2095 944 2157 morari
958 2102 1021 2156 est=

171 2194 223 2247 alo
275 2181 359 2243 'lunc
376 2181 462 2257 piger
476 2181 517 2242 ad
534 2181 683 2257 nandum,
707 2189 779 2243 tunc
794 2196 853 2257 ego
868 2186 977 2242 mutus
992 2194 1065 2240 eron

234 2266 297 2326 Nec
310 2265 420 2329 iaciarn
435 2266 539 2327 surdis
553 2265 693 2327 convicia
709 2264 851 2326 fluctibus
869 2265 939 2340 ulla,

275 2350 372 2410 lbiste
386 2356 526 2412 nataturo
541 2366 600 2410 nec
615 2365 727 2425 querar
740 2365 812 2410 esse
828 2349 946 2410 ireturn.

232 2433 283 2494 Me
297 2433 410 2509 pariter
425 2431 507 2495 venti
520 2439 644 2497 teneant
656 2433 815 2509 tenerique
829 2433 942 2508 lacerti,

273 2518 334 2578 Per
348 2532 460 2579 causas
475 2519 544 2579 istic
558 2518 761 2595 inpediarque
776 2517 866 2579 duas.

171 2610 221 2663 tto
233 2601 306 2662 cum
322 2600 453 2677 patietur
468 2601 583 2676 hiems,
605 2603 699 2664 remis
714 2617 772 2678 ego
787 2601 928 2677 corporis
943 2606 1020 2662 utar.
1109 2652 1112 2657 ,

275 2686 392 2745 Lumen
407 2687 436 2746 in
452 2693 583 2762 aspectu
595 2694 625 2747 tu
641 2687 735 2751 modo
750 2701 874 2761 semper
885 2685 976 2745 habe.

234 2770 352 2831 interca
367 2785 425 2845 pro
441 2787 489 2831 me
505 2777 664 2846 pernoctet
677 2771 808 2846 epistula
823 2777 931 2842 tecum,
1021 2781 1026 2788 ·

277 2852 374 2928 Quam
387 2870 499 2930 precor
513 2860 547 2916 ut
560 2855 683 2916 minima
696 2869 870 2932 prosequar
884 2853 952 2929 ipse
965 2867 1060 2914 mora.

578 2992 762 3000 ,μω-

606 3066 711 3132 xvm.

236 3152 338 3259 lium
354 3187 425 3247 mim
438 3187 549 3249 mirisa
564 3187 683 3263 vertis,
705 3189 858 3264 aetnam,
881 3191 1009 3250 satutem

275 3273 315 3334 ttt
328 3271 447 3348 possim
461 3272 588 3333 missam
602 3272 694 3333 rebus
710 3273 838 3346 habere,
860 3274 945 3334 vani!

202 3381 204 3385 ·
233 3357 340 3432 Longa
354 3373 440 3417 mora
454 3362 501 3417 est
518 3356 607 3418 nobis
622 3356 737 3431 omnis,
760 3372 840 3433 quae
854 3359 966 3434 gaudia
981 3357 1096 3421 dilierl.

276 3441 325 3501 Da
338 3440 459 3501 veniam
475 3440 593 3516 iassae,
612 3456 673 3501 non
689 3440 839 3517 patienter
852 3456 931 3503 amo.

207 3523 356 3586 eilrlmur
370 3524 441 3601 igne
455 3523 531 3603 pari.
554 3524 611 3585 sed
627 3541 694 3587 sum
709 3525 762 3586 tibi
778 3525 893 3587 viribus
907 3527 1007 3604 inpar.
