2467 4042
133 286 194 350 236
511 290 680 351 REMED.
704 290 780 350 AM.

216 441 280 501 Nec
296 447 371 516 quot
384 441 558 517 transieris,
579 443 637 504 sed
652 450 726 519 quot
740 442 807 515 dbi,
831 458 960 518 quaere,
984 444 1156 519 supersint

259 524 447 599 Milianec,
468 543 594 588 maneas
609 533 644 588 ut
655 542 770 603 prope,
791 526 873 601 finge
887 542 1006 587 morast

217 610 367 685 Tempora
381 624 439 670 nec
453 626 594 683 numera,
615 627 673 671 nec
687 611 795 671 crebro
811 610 934 685 respice
946 612 1091 687 Romam,

261 692 323 753 Sed
339 694 421 768 iuge.
445 701 527 755 tutus
543 694 647 755 adbuc
660 694 790 756 Parthus
805 694 843 755 ab
859 695 947 756 hoste
962 697 1035 772 iuga
1049 703 1113 757 est.

153 786 205 838 aab
215 776 299 837 Dura
315 777 427 853 aliquis
441 785 606 854 praccepta
621 785 713 839 vocet
726 795 804 840 mea.
827 779 904 839 dura
919 779 1049 840 fatemur

259 861 347 922 Esse.
371 863 428 922 sed
444 868 476 921 ut
490 863 611 936 valeas,
633 865 726 923 muita
738 863 873 923 dolenda
887 863 978 923 iares.

219 943 320 1020 Saepe
336 945 400 1005 bibi
415 962 525 1019 sucos,
548 947 689 1022 quamvis
704 947 832 1017 invituS,
854 962 976 1007 amaros

260 1031 376 1103 Aeger,
398 1037 429 1090 et
443 1029 541 1090 oranti
554 1045 662 1090 mensa
676 1038 787 1104 negata
801 1030 884 1089 mihi.

218 1112 258 1173 Ut
273 1127 386 1188 corpus
400 1115 548 1186 redimas,
571 1115 684 1175 serrum
699 1114 823 1191 patieris
838 1122 868 1174 et
881 1113 979 1189 ignes,

154 1204 207 1258 230
258 1196 356 1256 Arida
369 1213 427 1257 nec
442 1197 549 1258 sitiens
565 1214 621 1258 ora
635 1198 752 1259 levabis
767 1214 858 1274 aqua.

218 1280 257 1341 Ut
271 1282 377 1341 valeas
395 1282 513 1355 animo,
536 1282 700 1358 quicquam
714 1284 846 1343 tolerare
859 1281 1010 1357 negabis?

260 1364 301 1422 At
314 1366 443 1439 pretium
460 1382 531 1441 pars
545 1366 623 1425 haec
637 1381 768 1442 corpore
782 1366 880 1425 maius
894 1365 996 1425 habet.

219 1446 281 1506 Sed
295 1455 396 1508 temen
411 1450 546 1510 astartis
561 1450 735 1511 tristissima
750 1450 841 1509 ianua
855 1459 989 1524 nostrae,

260 1532 298 1592 Et
314 1532 402 1592 labor
416 1540 463 1593 est
476 1550 557 1594 unus
571 1541 711 1609 tempora
726 1533 826 1609 prima
838 1533 911 1608 pati.

154 1623 206 1677 235
218 1616 356 1691 Aspicis,
379 1624 413 1678 ut
427 1633 559 1693 prensos
574 1627 665 1677 urant
677 1619 750 1692 iuga
764 1617 861 1692 prima
875 1616 1034 1690 iuvencos,

260 1701 298 1760 Et
313 1716 395 1761 nova
412 1703 549 1761 velocem
565 1701 686 1776 cingula
697 1701 801 1761 laedat
812 1708 946 1776 equumt

218 1782 358 1844 Forsitan
373 1801 394 1844 a
406 1784 521 1844 laribus
538 1785 643 1860 patriis
659 1784 744 1845 exire
759 1783 889 1859 pigebit:

263 1867 326 1928 Sed
340 1874 440 1929 tamen
456 1869 565 1929 exibis.
587 1868 700 1929 deinde
713 1869 815 1928 redire
829 1869 933 1928 votes=

219 1952 282 2011 Nec
295 1959 326 2011 te
339 1953 399 2012 Lar
415 1953 546 2029 patrius,
568 1954 627 2013 sed
641 1969 728 2014 amor
743 1951 901 2012 revocabit
915 1952 1041 2025 amicae,

156 2043 208 2097 240
260 2035 466 2098 Praetendens
482 2038 591 2113 culpae
609 2036 773 2113 splendida
786 2035 884 2096 verba
897 2043 977 2097 tuae.

220 2118 295 2179 Cum
309 2122 404 2180 semel
420 2121 547 2193 exieris,
571 2128 692 2181 centum
707 2120 817 2181 solatia
832 2136 925 2180 curae

261 2204 299 2263 Et
313 2220 366 2264 rus
383 2211 413 2263 et
427 2206 553 2266 comites
571 2211 602 2264 et
614 2205 666 2265 via
679 2206 772 2279 longa
786 2203 880 2263 dabit.

220 2288 282 2348 Nec
297 2288 372 2348 satis
387 2303 459 2348 esse
473 2295 562 2364 putes
578 2288 751 2349 discedere.
773 2288 872 2348 lentus
887 2286 1005 2357 abesto,

261 2372 340 2431 Dum
355 2372 463 2446 perdat
479 2373 559 2433 vires
574 2372 676 2447 sitque
692 2373 760 2432 sine
773 2372 843 2447 igne
858 2371 945 2431 cinis.

155 2463 207 2515 245
218 2453 307 2528 Quod
322 2455 381 2516 nisi
395 2456 513 2516 firmata
528 2457 704 2532 properaris
722 2462 823 2515 mente
835 2454 957 2528 reverti,

262 2539 374 2601 Inferet
388 2557 472 2599 arma
483 2540 537 2600 tibi
550 2557 646 2601 saeva
659 2540 782 2600 rebeliis
796 2541 901 2601 Amor.

221 2622 375 2699 Quidquid
390 2632 420 2685 et
436 2624 563 2698 afueris,
586 2624 697 2684 avidus
713 2624 881 2699 sitiensque
895 2622 1020 2696 redibis,

262 2707 300 2767 Et
315 2710 447 2782 spatium
461 2709 574 2768 damno
590 2708 720 2769 cesserit
735 2724 825 2768 omne
838 2714 902 2767 tuo.
986 2737 988 2740 ·

223 2790 352 2865 Viderit,
374 2791 562 2853 Haemoniae
576 2791 675 2866 siquis
690 2792 770 2852 mala
785 2791 897 2867 pabula
910 2796 1008 2851 terrae

157 2883 210 2936 250
263 2875 301 2934 Et
315 2876 449 2950 magicas
465 2883 546 2936 artes
561 2890 657 2951 posse
672 2876 780 2936 iuvare
797 2882 889 2951 putat.

221 2958 285 3020 Ista
299 2959 438 3020 veneficii
454 2967 542 3020 vetus
557 2967 604 3020 est
618 2959 677 3020 via.
700 2966 806 3019 noster
820 2958 933 3034 Apollo

263 3043 428 3104 Innocuam
443 3059 532 3105 sacro
547 3043 680 3104 carmine
694 3050 844 3104 monstrat
857 3058 957 3118 opem.

220 3126 271 3187 Me
285 3127 364 3188 duee
379 3145 440 3189 non
454 3130 569 3188 tumulo
585 3128 710 3203 prodire
727 3127 877 3188 iubebitur
893 3126 1007 3197 umbra.

262 3210 328 3270 Non
344 3228 421 3272 anus
436 3212 540 3272 iniami
554 3210 688 3272 carmine
701 3219 822 3286 rumpet
834 3212 969 3284 humum,

157 3302 209 3356 255
220 3294 286 3355 Non
303 3310 394 3370 seges
409 3311 449 3355 ex
464 3296 532 3356 aliis
546 3295 625 3355 aiios
639 3295 779 3356 transibit
792 3296 821 3355 in
836 3310 937 3370 egros,

263 3378 327 3439 Nec
341 3379 442 3440 subito
456 3378 571 3441 Phoebi
587 3380 720 3455 pallidus
736 3379 820 3439 orbis
835 3380 900 3440 erit.

223 3463 260 3524 Ut
275 3463 369 3533 solet,
392 3479 564 3539 aequoreas
579 3463 634 3523 ibit
649 3463 806 3544 Tiberinus
821 3463 851 3522 in
866 3462 983 3523 undas:

262 3546 303 3606 Ut
317 3548 409 3620 solet,
429 3547 460 3606 in
475 3547 573 3607 niveis
586 3547 673 3608 Luna
685 3547 812 3608 vehetur
826 3547 926 3622 equis.
