2467 4042
196 231 260 296 348
601 231 796 283 55555555(

327 395 434 475 Fitque
457 397 503 456 551
526 402 589 456 1515
611 401 733 474 pectore
756 392 842 473 plena
865 393 932 455 dei.

283 482 336 544 Vix
359 483 439 544 illam
461 482 560 544 subito
583 499 687 561 posses
710 499 914 562 cognoscere,
938 490 1031 543 tanto

218 583 270 633 515
329 571 465 632 Sanctior
489 579 520 631 et
541 577 646 649 tanto,
669 587 758 649 (55555
780 569 890 648 modo,
913 572 1016 630 maior
1043 580 1128 632 erat.

283 654 387 720 ‘Laeta
410 675 533 720 canam.
573 657 690 737 gaude,
712 657 851 718 defuncta
872 656 1034 718 laboribus
1060 653 1148 720 lnol'

326 746 406 808 Dixit
428 742 475 807 ‘et
496 746 566 807 huic
589 744 698 825 populo
721 761 865 824 prospera
887 762 1011 824 semper
1038 745 1127 808 ades!

281 833 397 896 Numen
421 836 480 894 5515
503 832 620 913 pelagi.
663 840 765 894 natum
788 849 908 912 quoqne
929 841 1053 912 pontus
1078 832 1192 896 1551551111,

325 922 359 983 ln
382 923 490 983 vestris
512 920 591 982 51151
615 922 723 982 sumite
745 938 853 982 nomen
876 922 983 1000 aquis:

216 1021 267 1071 545
281 1008 449 1071 Leucothea
471 1008 579 1090 Grais,
600 1004 712 1070 1151515
733 1007 876 1069 vocabere
898 1010 1036 1071 nostris:

325 1097 360 1161 ln
382 1106 488 1177 555155
510 1103 578 1158 nato
601 1099 649 1158 155
671 1098 730 1157 5511
751 1114 837 1158 mnne
860 1103 930 1176 tuo,

282 1185 377 1257 Quem
399 1202 454 1246 nos
475 1184 664 1264 Portunum,
686 1201 739 1245 sua
761 1183 861 1263 lingua
881 1183 1069 1247 Palaemona
1092 1186 1177 1248 11551,

326 1272 393 1352 115,
415 1290 524 1352 555555
535 1319 545 1352 ,
567 1274 679 1333 5551515
701 1289 813 1352 aequus
837 1279 965 1351 uterque
988 1270 1105 1335 locisl'

228 1416 235 1425 .
281 1361 455 1436 innuerat,
478 1362 624 1440 promissa
646 1360 741 1421 11155.
782 1374 910 1440 posuere
932 1358 1078 1423 labores:

217 1460 269 1511 555
326 1448 451 1509 Nomine
474 1455 648 1510 mutarunt.
689 1448 738 1509 hic
761 1446 857 1528 deus,
879 1446 927 1507 illa
950 1447 1008 1508 dea
1033 1457 1100 1511 est.

282 1535 343 1597 Cur
365 1543 445 1597 vetet
467 1535 587 1597 ancillas
610 1535 774 1615 accedere,
797 1532 973 1615 quaeritis?
1004 1536 1092 1599 odit:

325 1623 568 1703 Principiumque
591 1623 652 1684 odii
664 1670 674 1704 ,
697 1626 723 1684 si
745 1625 822 1684 sinat
843 1623 914 1702 illa,
937 1640 1065 1685 canam.

282 1710 346 1773 Una
369 1714 571 1772 ministrarum
595 1711 680 1772 551115
703 1719 770 1791 551,
793 1709 934 1791 Cadmei,
955 1718 1085 1773 tuarum

327 1799 421 1879 Saepe
445 1798 501 1860 sub
524 1799 676 1879 amplexus
698 1800 832 1877 coniugis
854 1801 898 1859 155
921 1800 983 1860 151.

217 1898 269 1948 555
283 1886 440 1966 lmprobus
461 1887 538 1948 bano
560 1887 700 1948 Athamas
722 1887 826 1947 iurtim
848 1885 971 1947 dilexit.
1013 1886 1055 1947 ab
1079 1886 1129 1949 1115

327 1974 478 2054 Comperit
499 1974 637 2054 agricolis
659 1976 772 2036 semina
794 1980 870 2035 tosta
893 1973 975 2036 1551.

282 2062 349 2143 1555
372 2063 492 2142 quidem
514 2064 621 2124 iecisse
644 2070 753 2141 negat,
776 2061 829 2123 551
851 2061 927 2123 lama
948 2064 1089 2141 recepit.
1166 2096 1196 2106 -·

327 2149 391 2210 lloc
414 2159 482 2232 est,
504 2167 560 2211 our
581 2150 649 2211 odio
673 2149 789 2210 51111151
811 2166 896 2210 serra
918 2166 1043 2210 manus.

282 2237 349 2299 Non
372 2246 470 2299 155555
492 2238 568 2299 banc
590 2256 646 2318 pro
670 2239 762 2318 511555
785 2255 839 2299 555
860 2239 909 2317 515
930 2245 1026 2299 mater
1051 2238 1175 2301 adoret.

219 2337 270 2387 555
328 2324 395 2405 1555
416 2343 522 2406 parum
545 2325 615 2386 lelix
637 2327 699 2386 risa
721 2327 813 2386 151555
835 2342 960 2405 parens.

282 2413 413 2474 Alterius
435 2413 550 2493 prolem
572 2412 679 2474 melius
701 2411 877 2474 mandabitis
899 2411 958 2473 illi.
982 2482 985 2485 ,

329 2499 435 2562 Utilior
456 2500 594 2580 Baccho,
617 2518 707 2580 quam
728 2501 786 2561 1511
806 2503 871 2580 ipsa
893 2502 972 2562 suis.

284 2587 366 2651 lianc
389 2588 444 2650 tibi
456 2637 466 2670 ,
488 2584 564 2669 ‘qno
587 2604 730 2668 properas
743 2583 776 2649 i'
799 2594 964 2649 memorant
986 2586 1121 2672 dixisse,

829 2674 923 2737 Rutili
929 2722 939 2757 ,

328 2758 424 2827 ‘Luce
447 2782 512 2826 mea
534 2765 632 2826 llarso
654 2763 759 2826 consul
781 2763 818 2823 ab
841 2763 924 2825 hoste
948 2759 1073 2824 cades.’

218 2862 270 2913 555
284 2850 389 2914 Exitus
412 2854 538 2914 55555511
559 2852 680 2933 verbis,
702 2851 872 2931 llumenque
894 2849 1001 2911 l'oleni

328 2940 517 3021 Purpureum
539 2942 640 3001 mixtis
662 2941 804 3019 sanguine
826 2939 912 3000 ilnxit
933 2941 1037 3018 aquis.

283 3027 440 3090 Proximus
463 3046 558 3089 annus
581 3036 667 3090 erat:
698 3026 859 3089 Pallantide
882 3043 986 3088 555555
1011 3026 1117 3090 eadem

327 3115 431 3178 Didius
453 3116 577 3179 hostiles
599 3117 790 3197 ingeminavit
812 3132 900 3194 opes.

283 3202 348 3265 Lux
370 3205 495 3287 eadem,
515 3204 667 3285 Fortuna,
688 3211 741 3265 tua
762 3210 831 3283 est,
853 3210 1017 3281 auctorque
1038 3201 1201 3286 locusque.

219 3303 270 3353 515
329 3290 388 3353 Sed
411 3294 618 3373 superiniectis
642 3293 710 3372 quis
730 3290 802 3352 latet
824 3293 881 3352 iste
904 3286 1007 3369 togis?

286 3378 406 3441 Servius
429 3388 496 3462 est3
519 3390 550 3442 51
572 3388 688 3443 constat
710 3380 810 3440 enim.
852 3379 904 3440 sed
927 3395 1016 3439 cansa
1038 3378 1157 3442 latendi

328 3465 504 3549 lliecrepat,
527 3476 558 3530 et
579 3467 703 3529 dubium
725 3483 773 3527 me
797 3484 915 3547 quoque
938 3467 1047 3528 mentis
1070 3467 1182 3532 habet.

284 3551 361 3613 llum
383 3553 438 3614 dee
460 3556 585 3615 furtivos
607 3554 710 3616 timide
732 3555 891 3633 profitetur
912 3570 1046 3637 amores,
