2467 4042
604 208 797 261 Fusuoituu

502 453 641 536 LIBER
668 450 897 538 QUARTUS.

286 634 404 718 ‘Alme,
426 636 491 698 iare
503 631 528 719 ,'
552 635 614 698 dixi
636 631 840 715 ‘geminorum
862 643 960 698 mater
984 635 1173 701 Amorumt’

330 726 375 789 td
398 732 495 787 vatem
518 725 615 786 voltus
638 724 754 785 rettulit
776 724 825 785 illa
848 742 938 806 suos,

284 811 381 887 ‘Quid
404 808 474 875 tibi'
497 815 539 874 ait
562 807 727 874 ‘mecumi
757 820 839 874 certe
862 815 976 874 maiora
1000 816 1158 878 canebas.

330 904 409 964 Num
432 911 517 963 vetus
539 904 571 963 in
594 901 676 961 molli
698 908 820 981 pectore
842 900 948 962 volnus
972 901 1123 966 hatest'

255 988 369 1055 t‘Scis
392 991 447 1052 dea
459 985 484 1071 ,'
507 988 649 1069 respondi
671 985 725 1050 ‘de
748 989 867 1050 voluere
881 985 906 1050 .'
939 992 1037 1072 risit,
1064 1002 1098 1054 et
1123 993 1201 1054 nuo

329 1078 471 1142 Protinus
494 1096 531 1140 ex
553 1078 603 1139 illa
625 1085 710 1157 parte
733 1095 859 1139 serenus
881 1086 965 1139 erat.

286 1164 448 1248 ‘Saucias,
471 1185 508 1228 an
532 1184 644 1247 sanus,
667 1165 812 1246 numquid
835 1174 885 1228 tua
909 1169 995 1246 signa
1021 1168 1165 1250 reliqui?

330 1256 376 1319 'lu
400 1255 473 1316 mihi
495 1257 702 1335 propositum,
724 1264 758 1315 tu
782 1254 854 1315 miti
877 1272 997 1334 semper
1023 1275 1128 1337 opus.

287 1345 369 1418 Quae
392 1343 512 1423 decuit,
536 1345 641 1422 primis
663 1345 727 1404 sine
751 1345 875 1404 crimine
897 1344 1030 1406 lusimus
1055 1349 1163 1411 annis:

240 1447 274 1496 10
332 1432 419 1495 Nunc
440 1435 549 1494 teritur
572 1433 683 1492 nostris
706 1449 774 1492 area
796 1433 891 1492 maior
913 1435 1021 1511 equis.

288 1521 449 1600 [Tempora
471 1539 539 1582 cum
563 1521 661 1581 causis
673 1566 683 1599 ,
706 1518 860 1585 annalibus
882 1529 967 1581 eruta
991 1525 1131 1606 priscis,

332 1608 485 1690 Lapsaque
508 1608 565 1670 sub
587 1617 684 1669 terras
707 1616 830 1687 ortaque
854 1610 936 1687 signa
960 1611 1073 1690 canos]

287 1698 429 1759 Venimus
453 1698 488 1758 ad
513 1705 673 1777 quartum,
697 1714 756 1775 quo
779 1705 812 1757 tu
835 1695 1035 1758 celeberrima
1059 1718 1183 1764 mense.

332 1785 371 1846 Et
393 1793 489 1847 vatem
513 1796 542 1846 et
565 1802 699 1846 mensem
722 1786 803 1865 scis,
825 1782 946 1866 Venus,
970 1804 1042 1848 esse
1067 1787 1177 1852 tuos.'

242 1887 274 1938 15
288 1875 366 1937 Mota
390 1873 563 1954 Cytheriaca
585 1873 691 1935 leviter
713 1890 779 1933 mea
801 1880 933 1952 tempora
957 1884 1060 1953 myrto

332 1962 463 2041 Contigit
485 1972 516 2023 et
538 1957 693 2041 ‘coeptum
717 1956 841 2041 pertice'
866 1961 939 2022 dixit
963 1957 1099 2042 ‘opus'

290 2052 466 2132 Sensimus,
489 2059 520 2111 et
543 2068 648 2112 causae
672 2047 770 2111 subito
794 2056 916 2129 patuere
939 2049 1082 2114 dierum.

333 2138 409 2200 Dum
432 2138 502 2200 licet
524 2147 555 2200 et
577 2140 691 2219 spirant
713 2137 850 2211 lamina,
875 2140 957 2199 navis
979 2148 1048 2203 eat.

288 2227 380 2308 Siqua
402 2237 500 2289 tamen
523 2244 591 2306 pars
615 2236 645 2287 te
668 2226 705 2287 de
728 2227 812 2287 lastis
833 2233 955 2305 tangere
978 2225 1095 2311 debet,
1167 2248 1206 2297 (ue

240 2329 275 2380 to
333 2315 441 2377 Caesar
453 2362 463 2397 ,
485 2319 516 2377 in
540 2313 655 2394 Aprili,
679 2332 737 2393 quo
760 2317 912 2397 tenearis,
934 2314 1048 2378 habes.

288 2405 344 2467 Hic
366 2404 403 2466 ad
427 2413 456 2465 te
479 2421 584 2482 magna
606 2402 761 2465 deseendit
782 2404 909 2483 imagine
932 2407 1066 2480 mensis,

333 2492 372 2554 ui
393 2494 425 2555 tit
448 2494 584 2573 adoptiva
606 2490 759 2553 nobilitate
782 2499 870 2553 tuus.

288 2581 352 2643 Hoc
375 2589 459 2661 pater
481 2580 608 2660 iliades,
631 2598 700 2641 cum
722 2579 844 2659 Iungunt
867 2579 1014 2643 scriberet
1037 2600 1179 2670 annum,

333 2669 433 2751 Vidit,
455 2679 486 2731 et
508 2678 646 2730 auctores
668 2668 785 2730 rettulit
806 2670 870 2749 ipse
893 2686 982 2731 suosz

240 2773 274 2823 25
289 2759 386 2839 thue
409 2759 473 2822 iero
495 2757 582 2819 Marti
604 2760 730 2837 primam
753 2756 835 2817 dedit
857 2756 960 2819 ordine
984 2768 1129 2845 sortem,

334 2847 419 2920 Quod
442 2845 498 2908 sibi
521 2846 663 2908 nascendi
685 2846 817 2926 proxima
841 2863 929 2907 causa
951 2847 1028 2927 luit,

290 2936 339 3000 Sic
362 2935 505 2996 Venerem
529 2933 671 3014 gradibus
693 2933 794 2995 multis
816 2936 847 2995 in
870 2944 957 3014 gente
981 2947 1146 3016 repertam

333 3025 463 3087 Alterius
487 3022 578 3085 voluit
600 3025 713 3084 mensis
735 3022 844 3084 habere
867 3021 983 3103 locum3

288 3107 531 3193 Principiumque
555 3114 602 3174 sui
626 3113 744 3189 generis
767 3110 958 3191 revolutaque
983 3129 1145 3190 quaerens

240 3214 275 3266 30
335 3200 480 3283 Saecula,
503 3210 644 3280 cognatos
666 3201 748 3261 venit
770 3200 902 3280 adrrsque
925 3199 1014 3260 deos,

289 3289 445 3377 Dardanqn
468 3289 585 3352 Electra
608 3291 740 3350 nesciret
761 3287 907 3350 Atlantide
931 3297 1034 3349 natum

334 3378 476 3459 Scilicet,
499 3377 647 3440 Electram
671 3375 868 3439 concubuisse
890 3373 974 3438 lovi?

289 3467 385 3529 Huius
408 3466 641 3529 Erichthonius:
673 3466 749 3527 Tros
773 3474 819 3527 est
841 3473 1000 3545 generatus
1024 3464 1065 3526 ab
1092 3469 1170 3535 illo:

334 3557 497 3616 Assaracon
521 3564 602 3616 creat
624 3554 674 3614 hic
686 3600 696 3635 ,
719 3555 940 3634 Assaracusque
963 3553 1088 3635 Capyn.
