2467 4042
432 234 463 286 v.
483 236 631 286 010-440.
972 228 1036 293 323

384 394 414 457 4.
439 391 527 474 [no]
574 393 603 457 5.
626 391 686 458 no

50 531 106 579 410
121 517 206 578 Hunc
225 518 300 598 Lyra
325 537 413 580 curva
433 521 516 597 sequi
536 528 682 600 cuperet,
705 518 756 579 sed
780 518 885 579 idonea
905 517 1036 578 nondum

165 605 218 666 Est
241 609 308 669 via.
349 625 407 667 nox
430 616 530 686 aptum
554 609 642 668 tertia
666 615 782 687 tempus
806 609 880 668 erit.

481 763 509 826 6.
532 760 590 827 FO

19 912 20 945 r
122 895 263 975 Scorpius
286 897 316 956 iu
340 895 421 957 caelo
434 944 443 977 ‚
467 914 535 958 cnm
558 915 624 959 cras
646 896 798 958 lucescere
821 896 919 958 Nonas

19 1000 21 1019 s
164 982 317 1065 Dicimus,
337 1002 356 1054 ‚a
379 984 475 1045 media
497 994 582 1064 parte
605 993 724 1047 notatus
747 986 821 1045 0111.

184 1137 437 1206 ZGNONssN
482 1140 511 1205 8.
535 1132 599 1204 HF
644 1138 899 1205 annun-N

120 1273 195 1335 Hinc
219 1275 269 1336 ubi
292 1275 449 1353 protulerit
471 1276 600 1336 formosa
623 1283 670 1336 ter
693 1274 844 1355 Hesperus
867 1292 935 1354 ora,

53 1374 108 1422 400
167 1361 226 1422 Ter
250 1362 387 1423 dederint
408 1362 528 1423 Phoebo
552 1363 649 1424 sidera
672 1365 747 1423 ricta
769 1363 887 1442 locum,

19 1536 21 1557 s
121 1449 207 1511 Ritus
230 1452 288 1511 crit
310 1452 440 1531 veteris,
462 1457 607 1511 nocturna
631 1449 790 1529 Lemuria,
813 1453 906 1511 sacri:

166 1537 290 1599 Inferias
312 1539 409 1601 tacitis
432 1538 569 1599 manibus
590 1537 639 1598 illa
662 1537 790 1598 dabunt.

122 1627 224 1687 Annus
247 1635 311 1688 erat
333 1625 473 1706 brevior,
496 1644 552 1687 nec
575 1626 671 1688 adhuc
694 1628 741 1706 pia
763 1624 868 1687 iebrua
890 1637 1012 1707 norant,

165 1714 226 1775 Nec
249 1722 282 1776 tu
305 1713 363 1775 dux
387 1731 545 1795 mensum,
567 1714 637 1776 lane
660 1713 815 1794 biformis,
839 1732 922 1776 aras:

19 1824 20 1827 ¹
50 1803 181 1865 40010111
199 1811 302 1864 tamen
326 1805 456 1864 extincto
479 1805 574 1864 cineri
596 1821 648 1865 sua
672 1802 747 1863 dona
770 1800 921 1883 serebant,

166 1890 385 1971 Compositique
408 1909 500 1971 nepos
523 1890 610 1953 busta
632 1890 730 1971 piabat
752 1892 815 1951 ari.

19 1988 20 1995 ’
121 1977 231 2040 Mensis
254 1987 318 2040 erat
340 1979 456 2059 Maius,
479 1982 623 2041 maiorum
646 1981 765 2041 nomine
788 1977 904 2060 dictus,

166 2066 224 2138 Qui
246 2076 359 2147 partem
382 2069 474 2146 prisci
498 2085 577 2130 nunc
600 2086 718 2147 quoque
741 2070 833 2128 moris
855 2066 959 2129 habet.

84 2170 86 2173 ·
122 2155 183 2216 Nox
208 2154 259 2217 ubi
282 2158 339 2217 iarn
363 2156 459 2217 media
482 2164 555 2239 est,·
572 2174 734 2235 somnoque
758 2155 873 2217 silentia
895 2156 1017 2236 praebet

50 2256 108 2306 430
165 2242 204 2305 Et
226 2246 308 2306 canis
331 2251 361 2304 et
383 2246 479 2305 variae
503 2246 687 2306 conticuistis
710 2262 795 2324 arcs,

122 2332 173 2393 1110
196 2350 309 2393 memor
332 2334 441 2394 veteris
464 2335 540 2394 ritus
563 2332 744 2412 timidusque
767 2331 890 2394 deorum
915 2327 918 2331 ’

167 2419 290 2501 Surgit3
311 2419 421 2483 habent
442 2422 552 2500 gemini
574 2420 690 2482 vincula
712 2419 792 2480 nulla
815 2421 923 2499 pedes:

123 2509 271 2588 Signaque
294 2508 343 2570 dat
365 2508 465 2587 digitis
487 2509 584 2571 medio
608 2527 676 2570 cum
698 2507 804 2588 pollice
827 2510 953 2588 iunctis,

166 2596 312 2658 Occurrat
334 2599 423 2659 tacito
446 2615 484 2658 ne
507 2596 579 2658 levis
601 2595 705 2657 umbra
729 2595 801 2657 sibi.

49 2685 255 2763 cauliumque
278 2702 382 2746 manus
404 2703 495 2765 puras
518 2686 637 2746 fontana
659 2684 768 2764 perluit
790 2685 885 2766 unda,

166 2770 319 2853 Vertitur,
342 2781 372 2834 et
396 2775 495 2853 nigras
517 2776 625 2853 accipit
646 2781 713 2834 autc
736 2773 834 2854 sabas,

121 2861 309 2942 Aversusque
333 2864 423 2924 iacit.
465 2861 517 2924 aed
540 2861 611 2924 dum
635 2864 724 2943 iacit,
743 2856 832 2923 ‘haec
855 2881 910 2941 ego
933 2865 1035 2942 mitto,

165 2944 234 3011 His'
256 2952 353 3029 inquit
377 2946 506 3011 ‘redimo
528 2969 636 3030 meque
658 2969 801 3030 meosque
824 2944 932 3011 labisl'

121 3038 182 3100 Hoc
205 3041 307 3099 novies
330 3039 423 3119 dicit,
446 3057 502 3100 nec
524 3041 663 3119 respicit.
704 3038 809 3099 umbra
831 3044 953 3117 putatur

49 3139 106 3189 440
165 3125 310 3205 Colligere
333 3137 363 3188 01
385 3127 466 3188 nullo
489 3135 571 3206 terga
594 3127 712 3187 vidente
735 3127 838 3204 sequi.

121 3213 237 3276 Rursus
260 3232 364 3294 aquam
388 3217 502 3296 tangit,
525 3215 743 3292 Temesacaque
771 3220 930 3292 concrepat
953 3230 1036 3293 aera,

164 3302 203 3363 Et
225 3310 331 3383 rogat,
354 3311 387 3364 ut
409 3305 497 3364 tectis
520 3312 605 3364 exeat
628 3300 732 3364 umbra
755 3304 834 3363 suis.

121 3391 194 3452 Cum
218 3390 291 3452 dixit
314 3394 415 3452 novies
439 3386 556 3452 ‘manes
579 3392 658 3452 exite
680 3391 797 3470 paterni
804 3384 829 3471 ‚³

164 3479 317 3559 Respicit,
341 3489 371 3540 01
393 3497 468 3558 pure
491 3497 574 3541 sacra
596 3486 715 3559 peracta
737 3486 838 3558 putat.

48 3566 202 3632 4401110ῑο
226 3570 265 3630 sit
288 3568 367 3630 unde
390 3567 454 3629 dies
467 3614 476 3648 ,
499 3586 574 3647 quae
598 3569 725 3628 nominis
749 3575 828 3627 extet
851 3569 949 3645 origo,

825 3663 878 3719 01*
