2467 4042
465 229 487 282 1.
506 240 552 281 vn
569 231 663 282 r-ro.
893 208 898 217 '
1008 225 1071 293 13]

103 407 137 457 35
154 393 186 455 Si
209 394 309 454 minus
321 439 331 473 ,
353 391 409 453 hac
432 407 551 470 quoque
574 407 622 451 me
646 389 818 451 mendaeem
841 399 925 469 parte
945 390 1075 455 fatebor.

197 481 301 543 Clausa
325 479 398 542 mihi
420 481 520 560 potius
543 486 605 539 tota
629 479 669 539 sit
690 480 747 539 ista
771 478 894 540 domus.

154 570 212 632 Sed
236 587 334 648 neque
358 568 521 631 claudenda
543 574 608 646 est,
634 575 665 628 et
686 565 768 628 nulla
790 569 922 646 potentia
944 568 1023 629 vires

197 658 371 719 Praestandi
383 701 393 738 ,
416 655 527 735 nequid
550 663 657 734 peooet
678 656 814 738 amicus,
836 655 943 720 habet.

136 746 192 808 'Et
215 756 313 808 tamen
336 754 371 807 ut
393 762 535 825 cuperem
558 742 676 822 eulpam
699 760 819 822 quoque
846 762 934 823 posse
957 746 1077 825 negari,

105 848 140 897 40
199 834 249 896 Sic
272 835 388 897 lacinus
411 851 498 894 nemo
522 834 619 893 nescit
641 831 745 893 abesse
769 832 857 895 mihi.

154 923 240 995 Quod
263 924 321 984 uisi
344 921 443 983 delicti
466 938 536 1001 pars
558 920 737 982 excusabilis
759 928 858 1002 esset,

198 1011 291 1072 Parra
314 1009 441 1089 relegari
463 1027 558 1088 poena
582 1009 683 1070 lutura
706 1009 781 1074 luit.
928 1073 931 1078 ξ

153 1099 221 1180 lpse
246 1097 300 1160 sed
323 1098 380 1161 hoo
404 1096 477 1159 vidit
489 1144 499 1176 ,
522 1099 574 1176 qui
595 1097 732 1178 pervidet
754 1097 875 1177 omma,
898 1096 1024 1180 Caesar,

199 1187 361 1250 stultitiam
384 1187 444 1248 diei
466 1187 591 1248 erimina
614 1203 702 1265 posse
725 1203 809 1249 mear

106 1275 279 1355 monaque
311 1293 366 1354 ego
399 1275 544 1355 permisi,
577 1292 695 1354 quaque
727 1283 774 1336 est
804 1293 855 1336 res
886 1292 973 1356 passa
985 1322 994 1354 ,

704 1365 856 1443 pepercit,
1017 1376 1080 1427 itt)

200 1450 279 1512 Usus
302 1459 333 1513 et
356 1458 403 1513 est
424 1451 540 1512 modice
563 1450 697 1514 fulminis
719 1453 787 1529 igne
810 1453 875 1514 sui.

155 1538 217 1600 Nee
241 1541 331 1601 vitam
340 1584 354 1620 1,
377 1556 433 1601 neo
456 1557 550 1619 opes,
574 1557 630 1601 nec
653 1539 764 1600 ademit
786 1556 874 1618 posse
898 1541 1027 1621 reverti,

201 1627 234 1688 Si
256 1646 309 1689 sua
332 1645 386 1707 per
409 1636 523 1689 vestras
540 1629 623 1688 'vieta
646 1629 685 1689 sit
707 1629 752 1688 ira
774 1645 897 1707 preces.

155 1716 194 1776 rit
215 1718 345 1796 grauiter
367 1716 484 1778 cecidi.
521 1715 593 1795 quid
616 1717 697 1777 euim
719 1715 878 1797 mirabile,
900 1716 994 1794 siquis

108 1816 143 1866 50
201 1804 225 1864 Α
248 1803 316 1866 love
340 1821 503 1884 percussus
526 1822 586 1866 non
608 1802 673 1864 lere
696 1804 804 1865 vulnus
826 1801 942 1867 habet?

157 1892 223 1972 lpse
248 1911 317 1954 suas
342 1895 431 1955 etiam
454 1895 532 1954 uires
555 1891 707 1954 inhiberet
728 1892 875 1974 Achilles,

202 1981 290 2043 Missa
313 1984 411 2060 gravis
434 1983 512 2043 ietus
535 1980 632 2042 Pelias
655 1980 738 2043 hasta
762 1980 866 2044 dabat.

156 2069 302 2132 iudicium
327 2069 413 2132 nobis
435 2071 527 2156 igitur
550 2087 620 2131 utrm
643 2069 769 2132 vindicis
791 2070 884 2150 adsit,

201 2157 266 2221 Nou
290 2168 337 2221 est
359 2176 414 2221 our
437 2168 488 2219 tua
512 2176 559 2220 me
582 2159 671 2219 ianua
693 2176 782 2220 nosse
806 2167 910 2238 neget.

108 2258 142 2308 ot
158 2246 243 2308 Culta
267 2247 411 2326 quidem,
434 2247 552 2325 lateor,
575 2248 673 2326 eitra,
697 2265 785 2326 quam
805 2246 925 2325 debuit,
943 2245 992 2308 illa
1016 2255 1079 2310 est:

203 2334 262 2396 Sed
287 2337 342 2397 luit
365 2336 396 2397 iu
420 2336 488 2396 latis
510 2333 568 2396 hoe
591 2352 734 2415 quoque,
757 2334 871 2413 oredo,
892 2335 984 2397 meis.

157 2422 194 2484 Ni
218 2422 355 2485 claudum
379 2424 510 2485 officium
533 2426 629 2485 sensit
650 2423 757 2485 domus
780 2422 872 2485 altera
895 2430 1049 2501 nostrum,

202 2509 279 2590 llio,
302 2511 386 2590 illie,
411 2521 508 2573 vestro
531 2511 589 2573 suh
612 2510 674 2573 lare
698 2530 816 2591 semper
839 2530 938 2594 eram3

158 2599 299 2678 Quaeque
325 2608 374 2662 tua
397 2609 444 2662 est
466 2602 561 2679 pietas
574 2647 583 2678 ,
607 2609 640 2661 ut
664 2608 693 2661 te
717 2618 777 2661 non
800 2600 915 2663 excolat
937 2602 1053 2680 ipsum,

110 2700 144 2752 60
201 2687 253 2764 lus
277 2688 396 2768 aliquod
420 2699 519 2751 tecum
543 2690 645 2750 fratris
668 2691 781 2752 amicus
804 2687 911 2751 habet.

156 2776 234 2849 Ouid
258 2778 360 2857 quod,
384 2789 417 2841 ut
435 2779 568 2839 emeritis
591 2777 748 2840 referenda
766 2786 812 2839 est
830 2779 924 2859 gratia
947 2795 1080 2859 semper,

202 2865 251 2928 Sic
275 2878 320 2929 est
345 2868 481 2929 fortunae
504 2869 706 2946 promeruisse
729 2875 815 2928 tuae.
931 2931 934 2936 Δ

159 2952 259 3031 [Quod
282 2957 308 3016 si
331 2956 480 3034 permittis
505 2954 591 3016 nobis
614 2956 764 3036 suadere,
787 2955 857 3033 quid
882 2960 984 3033 optes,

204 3040 241 3102 Ut
264 3042 339 3121 des,
363 3060 452 3122 quam
475 3041 603 3120 reddas,
626 3043 734 3122 plura,
756 3059 881 3121 precare
904 3038 1012 3116 deosl]

109 3139 142 3191 66
157 3127 250 3208 ldque
275 3130 369 3209 lacis,
392 3137 595 3209 quantumque
618 3131 689 3191 licet
711 3131 905 3209 meminisse,
928 3128 1044 3189 solebas

202 3216 299 3279 Oiticii
322 3234 441 3280 eausam
465 3215 602 3296 pluribus
625 3235 691 3278 esse
714 3219 793 3296 pati.

157 3306 222 3378 Quo
247 3305 317 3368 libet
342 3308 521 3368 innumero
545 3322 610 3385 me,
634 3305 791 3368 Messaline
804 3352 814 3387 ,
836 3322 967 3385 repone,

202 3394 265 3456 Sim
288 3396 376 3458 modo
400 3412 469 3474 pars
493 3402 609 3456 vestrae
631 3413 692 3456 nou
715 3393 809 3456 aliena
831 3395 957 3463 domus:

156 3482 194 3544 Et
218 3484 293 3546 mala
317 3483 485 3562 Nasonem,
509 3485 648 3563 quoniam
673 3485 819 3546 meruisse
843 3483 978 3564 videtur,
1035 3493 1080 3544 ‹rt›

108 3584 142 3635 70
202 3571 234 3633 Si
259 3591 317 3637 non
343 3574 421 3637 ferre
444 3572 527 3635 doles
540 3619 549 3653 ,
572 3582 603 3635 at
626 3575 770 3635 meruisse
794 3571 877 3635 dole.
