2467 4042
156 158 220 222 182
563 160 614 209 Ex
630 159 751 210 Potito

194 322 309 404 etipse
332 341 388 404 ego
410 321 491 402 qnod
513 326 610 402 primo
634 324 743 402 scripu
765 324 830 384 sine
853 324 973 384 nomine
996 323 1115 405 vohis,

287 409 343 472 Vix
365 413 503 472 excusari
525 430 613 491 posse
636 410 711 471 milri
733 411 857 472 videor.

245 499 305 561 Sed
328 518 420 580 pavor
442 502 568 560 attonito
591 502 717 560 rationis
739 498 891 561 ademerat
912 517 1021 579 usum,

289 587 427 649 Cesserat
449 606 537 648 omne
559 590 645 648 noris
666 587 886 667 consiliumque
908 587 1011 649 malis.

243 675 465 754 Fortunamque
484 694 581 737 meam
599 684 760 756 metuens,
782 694 845 737 non
866 675 992 737 vindicis
1015 678 1102 738 iram
1112 724 1127 759 ,
1142 691 1192 744 (Ν)

196 777 231 826 oo
290 764 439 825 Terrehar
462 764 548 825 titulo
571 765 701 824 nominis
723 766 789 844 ipse
811 767 888 825 mei.

244 851 395 914 Hactenus
418 852 587 913 admonitus
609 855 738 913 memori
759 852 891 914 concede
913 859 1043 934 poetae,

288 940 383 1002 Ponat
405 950 438 1002 ut
460 943 492 1001 in
515 939 627 1001 chartis
648 942 769 1002 nomina
791 958 861 1001 cara
882 943 963 1002 suis.

244 1028 345 1108 Turpe
369 1031 428 1089 erit
449 1026 617 1111 ambobus,
638 1028 728 1108 longo
752 1028 825 1090 mihi
846 1030 1000 1110 proximus
1024 1048 1089 1092 usu

290 1117 322 1178 Si
344 1116 426 1177 nulla
447 1116 516 1177 libri
538 1125 624 1195 parte
648 1116 749 1197 legere
771 1118 849 1178 mei.

197 1217 231 1267 oo
246 1205 289 1266 Ne
312 1214 412 1265 tamen
434 1206 490 1266 iste
513 1213 613 1266 metus
635 1222 756 1266 somnos
779 1205 836 1266 tibi
857 1222 997 1285 rumpere
1019 1210 1151 1289 possit,

289 1292 356 1354 Non
378 1292 457 1355 ultra
469 1340 479 1374 ,
501 1311 590 1373 quam
613 1296 658 1355 vis
670 1341 681 1376 ,
703 1293 856 1355 officiosus
879 1311 954 1374 ero;

245 1381 348 1461 Teque
371 1389 492 1463 tegam,
514 1384 567 1461 qui
589 1384 654 1443 sis.
693 1383 754 1442 nisi
776 1400 845 1443 cum
868 1383 1044 1462 permiserit
1068 1386 1165 1468 ipse,

291 1469 420 1549 Cogetur
443 1486 530 1531 nemo
553 1488 664 1532 munus
685 1469 797 1531 habere
820 1488 937 1532 meum.

245 1558 291 1620 Tu
315 1557 426 1639 modo,
448 1575 538 1637 quem
560 1567 681 1638 poteras
704 1558 752 1620 vel
773 1569 877 1638 aperte
899 1567 983 1620 tutus
1007 1576 1138 1644 amare,

197 1658 232 1709 oo
291 1646 324 1708 Si
345 1664 395 1708 res
418 1655 466 1707 est
487 1664 597 1726 anceps
619 1650 699 1729 ista,
720 1646 848 1709 latenter
871 1664 953 1710 ama.

575 1869 578 1874 ·
623 1840 703 1915 Vll.

248 2000 343 2063 Verba
365 2001 438 2063 mihi
461 2000 570 2063 desunt
592 2000 696 2063 eadem
719 2007 779 2061 tam
802 2018 890 2080 saepe
913 2001 1051 2081 roganti,

292 2091 413 2170 lamque
435 2088 530 2171 pudet
551 2108 641 2151 vanas
664 2090 723 2149 line
746 2107 850 2151 carere
873 2106 996 2168 preces.

248 2179 357 2241 Taedia
380 2178 526 2239 consimili
548 2178 615 2239 fieri
638 2177 676 2238 de
699 2179 830 2239 carmine
853 2175 957 2256 vobis,

293 2266 431 2348 Quidque
454 2274 575 2347 petam,
598 2274 724 2327 cunctos
747 2264 905 2327 edidicisse
928 2282 1014 2326 reor.

218 2356 417 2436 oNcstraque
445 2355 517 2436 quid
540 2362 641 2433 portet
667 2355 726 2415 iam
749 2354 843 2415 nostis
868 2351 1015 2432 epistula,
1038 2359 1181 2434 quamvis

294 2443 403 2507 Charta
426 2447 465 2507 sit
487 2461 505 2504 a
527 2442 632 2504 vinclis
655 2461 715 2503 nou
737 2440 881 2502 labefacta
905 2442 984 2502 suis.

249 2533 329 2614 Ergo
351 2540 485 2595 mutetur
509 2534 613 2612 scripti
637 2532 783 2592 sententia
807 2530 921 2610 nostri,

294 2620 338 2683 Ne
361 2623 471 2683 totiens
494 2630 598 2682 contra
610 2666 621 2701 ,
644 2620 835 2699 quam-rapit
856 2619 951 2678 amnis
963 2662 973 2697 ,
995 2633 1081 2680 eam.

252 2710 337 2783 Quod
360 2709 436 2771 bene
460 2708 496 2771 de
520 2708 603 2769 vobis
627 2709 765 2789 speravi,
787 2708 955 2787 ignoscite,
978 2707 1086 2769 amici:

204 2812 237 2862 to
297 2797 377 2859 Talia
400 2795 543 2878 peccandi
565 2799 625 2859 iam
647 2796 719 2858 mihi
742 2796 809 2856 linis
833 2796 909 2856 erit.

252 2886 313 2949 Nec
335 2888 434 2968 gravis
456 2888 543 2947 uxori
566 2885 671 2949 dicar.
712 2902 788 2964 quae
812 2883 926 2944 scilicet
948 2883 979 2943 in
1001 2899 1050 2943 me
1119 2896 1175 2949 (roo)

297 2976 393 3048 Quam
419 2973 513 3055 proba
525 3022 535 3056 ,
563 2983 624 3035 tam
648 2972 749 3035 timida
772 2981 841 3051 est,
869 2971 1086 3052 experiensque

800 3077 924 3141 parum.

253 3151 316 3214 lloo
340 3169 482 3233 quoque,
504 3150 604 3231 Naso,
627 3151 730 3231 leres3
753 3155 784 3210 et
806 3150 886 3210 enim
907 3148 1009 3228 peiora
1032 3146 1145 3212 tulisti.

298 3240 359 3302 lam
383 3240 437 3304 tibi
461 3242 565 3303 sentiri
589 3240 705 3300 sarcina
729 3236 809 3298 nulla
830 3243 948 3316 potest.

207 3341 240 3390 15
254 3330 367 3392 Ductus
390 3329 427 3392 ab
450 3336 584 3391 armento
607 3336 713 3388 taurus
736 3324 883 3386 detrectat
905 3332 1054 3404 aratrum,

300 3416 454 3478 Subtrahit
477 3426 508 3478 et
530 3416 606 3477 duro
630 3413 704 3476 colla
727 3413 842 3475 novella
864 3414 952 3492 iugo.

254 3503 315 3563 Nos
327 3549 337 3583 ,
360 3502 470 3582 quibus
493 3503 629 3564 adsueuit
652 3502 744 3562 latum
767 3499 930 3561 crudeliter
954 3500 1014 3586 uti,
