2467 4042
451 228 504 288 iu.
525 237 621 290 1-71.
978 231 1044 298 285

75 409 110 460 35
124 398 279 460 Proximus
303 397 469 477 Anchises,
493 416 560 460 cum
584 416 644 478 quo
668 414 824 459 commune
847 398 980 476 parentis

168 485 234 546 Non
257 486 413 571 dedignata
435 494 481 547 est
503 504 611 547 nomen
634 485 745 546 habere
768 485 884 547 Venus.

124 572 200 635 Hinc
223 581 305 635 satus
328 575 464 653 Aeneas,
486 576 581 654 pietas
604 582 736 654 spectata
758 592 813 652 per
835 576 938 655 ignes,

10 724 11 737 p
170 661 260 723 Sacra
281 670 456 742 patremque
479 664 614 744 umeris,
637 662 729 723 altera
752 679 835 723 sacra
847 708 858 743 ‚
880 662 966 724 tulit.

10 742 11 759 ¹
125 748 265 812 Venimus
288 751 325 813 ad
348 750 417 812 lelix
441 749 597 830 aliquando
620 768 730 812 nomen
753 748 826 830 iuli,

10 904 11 923 2
75 850 111 899 40
170 837 254 901 Unde
277 839 383 901 domus
406 838 538 901 Teucros
560 838 636 899 Iulia
658 840 753 916 tangit
775 855 861 898 avos.

10 932 11 1011 ]
124 925 286 988 Postumus
307 927 400 1008 bino,
428 929 480 1007 qui
503 925 582 1006 quod
605 926 687 988 silvis
714 926 772 988 suit
794 933 878 988 ortus
906 928 937 986 in
960 924 1045 1005 altis,

170 1014 279 1077 Silvius
301 1016 332 1076 in
355 1014 436 1076 Latia
460 1023 548 1094 geute
571 1023 693 1077 vocatus
716 1021 797 1075 erat.
903 1054 906 1063 -

124 1102 234 1184 isque,
257 1103 383 1185 Latine,
406 1102 460 1165 tibi
483 1110 568 1183 pater
591 1110 659 1165 est.
701 1101 783 1164 subit
799 1101 873 1163 Alba
892 1100 1046 1164 Latinum:

168 1190 325 1253 Proximus
348 1201 394 1253 est
416 1191 512 1253 titulis
535 1189 673 1272 Epytus,
695 1190 790 1271 aba,
813 1192 891 1252 tuis.

10 1292 11 1297 ’
75 1278 177 1340 tuille
201 1279 282 1340 dedit
304 1279 396 1359 Capyi
417 1280 548 1341 recidiua
568 1277 711 1340 vocabula
733 1278 839 1342 Troiae

171 1364 209 1426 m
231 1373 302 1428 tuus
325 1374 372 1428 est
393 1367 495 1449 idem,
517 1365 659 1446 Calpete,
683 1365 778 1427 lactus
802 1384 891 1428 arus.

127 1452 259 1533 Cumque
278 1456 372 1533 patris
394 1471 521 1533 regnum
539 1453 705 1533 posthunc
723 1452 883 1515 Tiberinus
905 1453 1046 1535 haberet,

170 1543 288 1602 Dicitur
311 1544 342 1604 in
365 1541 479 1603 Tuscae
503 1543 620 1621 gurgite
643 1557 760 1602 mersus
784 1559 894 1620 aquae.

126 1629 187 1690 Iam
209 1638 308 1691 tamen
331 1630 482 1710 Agrippan
505 1638 606 1691 nattum
629 1628 846 1709 Remulumque
870 1638 1008 1710 nepotem

78 1729 113 1779 to
172 1716 313 1780 Viderat.
354 1719 386 1780 ln
408 1717 566 1783 Remulum
590 1717 714 1779 fulmina
736 1719 826 1779 missa
849 1718 966 1780 ierunt.

126 1804 214 1867 Venit
235 1808 398 1869 Aventinus
420 1816 488 1887 post
510 1807 587 1885 hos,
610 1806 695 1868 iocus
717 1805 797 1867 unde
819 1814 959 1886 vocatur,

169 1894 255 1956 biens
278 1913 418 1974 quoquc.
459 1903 528 1974 post
554 1894 639 1956 illum
666 1895 774 1956 tradita
802 1912 895 1974 regna
917 1895 1047 1956 Procae.

127 1981 222 2054 Quem
245 1985 381 2063 sequitur
404 1984 472 2045 duri
494 1980 632 2045 Numitor
653 2000 812 2061 germanus
834 1983 949 2045 Amuli.

169 2070 223 2132 Ilia
245 2090 315 2133 cum
336 2071 433 2133 Lauso
457 2072 493 2132 de
516 2071 671 2133 Numitore
695 2073 769 2132 sati.

77 2169 112 2220 ot
126 2158 205 2221 Ense
229 2160 307 2221 cadit
329 2168 436 2240 patruo
458 2159 595 2221 Lausus.
636 2159 734 2239 placet
755 2157 809 2219 Ilia
831 2157 937 2239 Marti,

171 2247 273 2328 Teque
295 2251 374 2328 parit
385 2295 395 2328 ,
418 2250 535 2327 gemino
557 2250 660 2309 iuncte
684 2246 808 2318 Quirine
831 2245 941 2307 Remo.

126 2335 178 2396 ille
201 2354 271 2398 suos
294 2354 412 2416 semper
435 2335 580 2397 Venerem
601 2336 786 2415 Martemque
808 2343 948 2414 parentes

171 2423 272 2508 Dixit,
295 2434 326 2486 et
348 2426 476 2486 emeruit
498 2427 579 2486 vocis
601 2423 712 2485 habere
735 2423 844 2485 fidem:

127 2510 206 2573 Neve
230 2515 364 2574 secuturi
386 2521 510 2592 possent
531 2514 649 2574 nescire
672 2519 813 2591 nepotes,

80 2612 114 2661 co
173 2599 320 2679 Tempora
342 2602 388 2663 dis
410 2603 529 2681 generis
552 2603 723 2662 continuata
746 2599 844 2660 dedit.

128 2686 186 2750 Sed
210 2687 333 2750 Veneris
356 2707 488 2751 mensem
511 2688 599 2751 Graio
623 2705 760 2750 sermone
783 2694 916 2749 notatum

170 2777 331 2859 Auguror3
354 2796 371 2841 a
393 2780 507 2858 spumis
531 2785 577 2839 est
599 2776 655 2839 dea
677 2776 756 2838 dicta
777 2778 887 2838 maris.

126 2860 188 2927 Neo
210 2865 266 2928 tibi
289 2869 329 2928 sit
350 2868 460 2927 mirum
483 2865 596 2927 Graeco
618 2883 684 2926 rem
707 2867 825 2927 nomine
849 2864 926 2945 dici3
990 2877 1047 2929 (11⁸)

171 2953 242 3016 itala
264 2973 332 3017 nam
355 2955 443 3016 tellus
467 2954 589 3016 Graecia
610 2955 705 3016 maior
728 2960 813 3015 erat.

80 3052 113 3103 us
127 3040 254 3102 Venerat
276 3041 412 3104 Evander
434 3042 521 3123 plena
544 3061 613 3104 cum
627 3041 730 3107 ,classe
754 3058 895 3102 suorum:

171 3127 299 3191 Venerat
320 3130 459 3211 Alcides,
482 3130 589 3192 Graius
612 3139 739 3208 uterque
763 3146 875 3208 genus.

127 3215 243 3296 Hospes
265 3216 418 3280 Aventinis
441 3226 609 3280 armentum
631 3220 711 3297 parit
733 3218 765 3277 in
787 3215 890 3277 herbis

172 3303 306 3385 Claviger
318 3352 327 3386 ,
350 3314 381 3367 et
402 3314 483 3368 tauto
507 3316 554 3369 est
575 3305 680 3367 Albula
703 3312 771 3384 pota
795 3304 868 3366 deo.

127 3391 193 3454 Dux
216 3411 334 3473 quoque
357 3393 512 3477 Neritius;
534 3402 628 3457 testes
651 3392 866 3473 Laestrygones
889 3399 990 3453 extant

79 3492 114 3544 ‘to
172 3479 211 3542 Et
233 3481 312 3561 quod
336 3481 431 3544 adhuc
455 3483 556 3545 Circes
579 3483 700 3544 nomina
722 3481 793 3542 litus
816 3480 922 3542 habet.

126 3567 246 3633 Etiam
268 3568 431 3653 Telegoni,
453 3573 514 3635 iam
536 3572 652 3633 moenia
674 3569 795 3631 Tiburis
818 3569 870 3631 udi
