2467 4042
470 217 519 268 111.
538 218 696 269 133-106.
1025 214 1086 277 167

121 395 154 445 to
212 381 320 442 UitIma
342 398 411 461 pars
435 381 548 440 animae
572 379 643 439 dum
666 379 739 439 mihi
762 387 875 460 restat,
899 380 987 440 ades.

169 470 313 549 Quodque
338 487 392 547 ego
411 478 617 546 praestarem,
640 469 668 526 si
689 475 719 526 te
738 470 831 545 magis
854 470 918 546 ipse
942 467 1087 547 valerem,

212 557 244 617 ld
267 557 340 617 mihi
352 602 362 637 ,
385 574 454 616 cum
476 554 572 615 valeas
596 555 704 614 fortius
726 557 812 635 ipsa,
835 555 931 615 refer.

167 645 266 723 Exigit
288 645 345 705 hoc
368 643 485 704 socialis
508 661 590 702 amor
613 642 778 721 foedusque
802 645 959 704 maritum:

211 732 344 793 Moribus
366 731 447 813 hoc,
470 733 621 810 coniunx,
645 733 738 808 exigis
760 731 825 810 ipsa
847 732 928 791 tuis.

121 833 154 882 'to
168 820 231 881 Hoc
254 821 355 881 domui
378 819 491 898 debes,
514 819 551 879 de
576 835 633 896 qua
652 821 807 897 censeris,
830 826 865 878 ut
887 818 965 878 iilam

211 908 278 969 Non
300 909 393 986 magis
416 907 522 967 officiis
546 924 634 984 quam
658 906 804 985 probitate
827 905 923 967 colas.

169 995 282 1058 Cuncta
304 996 375 1056 licet
397 995 509 1073 iacias,
532 996 590 1053 uisi
613 997 674 1054 eris
697 992 851 1055 laudabilis
875 1012 967 1074 uxor,

211 1083 276 1144 Non
299 1086 411 1162 poterit
433 1082 516 1143 credi
538 1081 646 1141 Marcia
670 1082 748 1142 onita
772 1080 843 1143 tibi.

166 1172 228 1233 Nec
251 1189 354 1233 sumus
376 1170 507 1249 indigui:
540 1187 596 1231 nec
609 1215 618 1250 ,
643 1172 668 1229 si
692 1172 735 1229 vis
758 1188 828 1229 vera
850 1169 953 1251 fateri,

120 1273 154 1322 80
213 1259 344 1320 Debetur
367 1261 480 1319 meritis
504 1259 597 1336 gratia
620 1257 701 1317 nulia
724 1258 816 1317 meis.

167 1347 311 1408 Redditur
334 1346 383 1406 illa
406 1346 525 1424 quidem
549 1347 654 1423 grandi
677 1364 745 1406 cum
768 1345 871 1406 fenore
895 1346 998 1428 nobis,

212 1435 273 1494 Nec
296 1443 325 1494 te
337 1481 346 1513 ,
371 1436 397 1493 si
419 1434 541 1511 cupiat,
563 1432 681 1492 laedere
704 1452 808 1494 rumor
829 1433 935 1496 habet:

169 1521 227 1583 Sed
250 1531 347 1582 tamen
370 1521 427 1581 hoc
451 1520 536 1580 factis
559 1519 686 1599 adiunge
709 1521 860 1600 prioribus
884 1540 993 1604 unum,

214 1610 273 1670 Pro
296 1611 407 1669 nostris
432 1617 465 1668 ut
488 1610 529 1668 sis
552 1607 706 1668 ambitiosa
730 1609 830 1670 maiis.

18 1729 20 1732 v
121 1709 154 1760 uo
168 1698 207 1759 Ut
230 1700 328 1757 minus
351 1697 458 1757 infesta
481 1699 591 1757 iaceam
614 1701 759 1776 regione,
782 1696 899 1777 labora,

214 1784 323 1847 Claude
345 1803 401 1846 nec
425 1784 515 1845 officii
538 1802 606 1863 pars
630 1787 689 1845 erit
711 1784 770 1845 uila
793 1788 854 1846 tui.

168 1873 272 1952 Magna
294 1881 385 1953 peto,
409 1873 462 1933 sed
485 1880 666 1933 nontamen
690 1873 834 1933 invidiosa
856 1877 989 1952 roganti:

213 1962 311 2040 thue
334 1979 368 2022 ea
391 1979 451 2021 non
474 1969 598 2041 teneas,
623 1968 684 2021 tuta
708 1960 827 2040 repulsa
850 1969 900 2022 tua
923 1969 985 2022 est.

167 2050 228 2111 Neo
252 2049 325 2110 mibi
348 2067 514 2127 succense,
537 2051 646 2109 totiens
670 2050 697 2108 si
719 2051 849 2109 carmine
873 2057 975 2109 nostro
1043 2066 1086 2117 (rot

119 2151 154 2200 90
213 2138 299 2209 Quod
321 2137 416 2217 iacis,
440 2146 474 2198 ut
496 2137 608 2217 iacias,
632 2144 721 2215 teque
744 2140 883 2217 imitere,
907 2156 998 2216 rogo.

168 2225 308 2286 Fortibus
332 2227 462 2287 assuevit
484 2224 604 2285 tubicen
628 2224 794 2305 prodesse,
817 2243 931 2304 suoque

212 2314 277 2374 an
300 2312 376 2374 bene
399 2315 558 2393 pugnantis
580 2314 685 2373 incitat
707 2331 759 2373 ore
784 2314 882 2374 viros.

168 2402 244 2463 Nota
267 2409 316 2462 tua
340 2409 386 2461 est
408 2401 541 2480 probitas
564 2408 731 2479 testataque
756 2408 873 2480 tempus
895 2404 926 2462 in
950 2420 1054 2465 omne:

213 2489 258 2550 Sit
281 2491 375 2549 virtus
398 2492 486 2549 etiam
510 2507 570 2549 non
593 2489 739 2567 probitate
763 2491 877 2550 minor.

119 2589 154 2638 95
168 2576 234 2637 Non
256 2576 311 2637 tibi
334 2576 490 2638 Amazonia
514 2585 560 2637 est
582 2595 637 2657 pro
661 2595 708 2637 me
732 2576 874 2637 sumenda
897 2581 1029 2661 securis,

212 2665 272 2726 Aut
294 2668 390 2726 excisa
414 2665 471 2726 levi
493 2664 572 2744 pelta
595 2666 725 2744 gerenda
748 2683 853 2727 manu.

167 2753 284 2815 Numen
307 2754 489 2815 adorandum
513 2761 581 2815 est:
611 2772 671 2814 non
695 2762 728 2815 ut
750 2754 823 2814 mihi
846 2757 897 2816 fiat
919 2758 1064 2838 amicum,

213 2842 272 2904 Sed
295 2845 335 2904 sit
358 2851 392 2903 ut
413 2845 544 2923 iratum,
568 2861 656 2921 quam
680 2844 736 2904 suit
759 2851 827 2904 ante
840 2892 848 2924 ,
873 2847 988 2907 minus.

168 2930 268 2991 Gratia
290 2933 317 2992 si
340 2930 420 2991 nulla
443 2937 511 3009 est,
533 2931 671 2992 lacrimae
694 2932 750 2992 tibi
771 2935 864 3010 gratia
887 2933 978 2993 fient.

103 3029 155 3079 100
215 3018 274 3077 Hac
298 3027 383 3097 potes
406 3027 457 3078 aut
479 3018 558 3078 uuila
582 3027 666 3096 parte
690 3037 807 3079 movere
831 3020 920 3081 deos.

169 3104 250 3175 Quae
273 3105 328 3165 tibi
351 3122 388 3165 ue
411 3106 509 3165 desint
522 3151 531 3185 ,
555 3104 631 3165 bene
654 3125 707 3185 per
725 3106 801 3166 maia
824 3116 925 3167 nostra
948 3115 1086 3189 cavetur3

212 3192 319 3272 Meque
342 3195 405 3252 viro
428 3192 519 3253 ssendi
542 3195 627 3271 copia
649 3193 731 3254 dives
754 3193 854 3254 adest.

167 3280 265 3359 thue
289 3298 371 3341 meae
396 3298 445 3341 res
468 3288 560 3360 sunt,
583 3283 664 3340 ornni
677 3328 686 3359 ,
708 3290 781 3360 puto
794 3327 804 3362 ,
827 3291 960 3362 tempore
983 3283 1086 3346 flebis.

212 3369 272 3430 Has
295 3369 413 3430 fortuna
438 3367 491 3428 tibi
514 3374 615 3429 nostra
640 3372 788 3430 ministret
810 3388 900 3449 opes.

103 3469 152 3520 too
168 3457 200 3519 Si
223 3476 287 3519 mea
306 3475 387 3518 mors
406 3455 578 3518 redimenda
598 3466 669 3537 tua,
693 3458 772 3536 quod
792 3458 969 3540 abominor,
988 3468 1085 3541 esset,

211 3547 329 3608 Admeti
351 3549 502 3628 coniunx,
526 3564 614 3627 quam
638 3548 830 3629 sequereris,
853 3556 934 3608 erat.
