2467 4042
190 209 257 279 202
599 210 786 262 sxrouro

324 374 451 456 Exiguos
474 391 564 454 carpo
586 390 711 435 mouere
733 392 848 454 pauper
870 392 958 454 opes.

279 463 342 526 Nec
365 465 471 525 rostris
489 462 593 524 durus
611 461 685 524 lraec
708 461 825 542 oculis,
848 462 953 542 procul
972 462 1061 527 Urbe
1088 472 1204 530 remoti:

324 551 462 615 Contenti
485 552 573 612 tacita
596 549 650 611 sed
673 552 783 630 pietate
806 568 926 612 sumus.

216 652 266 704 ist
280 638 318 703 Et
340 649 438 702 tameo
461 639 535 700 haec
557 647 681 718 tongent
702 637 860 718 aliquando
884 639 1019 701 coemo
1047 660 1162 707 aures.

324 727 371 791 tiu
393 726 459 808 illi,
482 736 545 789 toto
569 728 649 806 quod
672 727 706 789 it
727 729 759 788 iu
782 727 877 809 who,
899 727 988 789 lstot.

279 817 324 880 'lu
349 824 431 879 corto
454 818 515 878 scis
536 815 593 877 lroc
604 861 614 895 ,
639 818 757 896 superis
778 817 892 896 asciae,
915 815 1086 901 ridesque,

325 903 432 968 Caesar
444 949 454 986 ,
478 912 510 966 ut
533 912 579 965 est
602 902 696 965 oculis
720 903 839 966 subdita
859 912 940 965 terra
961 908 1047 968 tuis.

280 991 326 1057 'lu
349 1001 467 1056 rosam
489 992 574 1053 audis
596 993 676 1054 inter
698 1010 830 1054 conten
851 992 964 1054 locatos

216 1095 266 1145 ito
325 1080 451 1162 siden,
473 1078 599 1142 sollicito
624 1098 697 1160 quas
719 1081 823 1143 dauers
846 1098 897 1142 ere
909 1126 919 1163 ,
942 1099 1075 1161 preces.

282 1168 471 1249 [Perveuiant
493 1171 571 1230 istuc
593 1178 626 1230 ot
644 1172 774 1230 carmina
797 1170 920 1231 iorsitau
942 1169 1013 1252 illa,

325 1257 407 1331 Quae
430 1257 467 1318 de
490 1266 520 1318 te
543 1258 611 1318 misi
634 1257 739 1330 caelite
761 1259 837 1319 lacta
860 1256 966 1334 novo]
1000 1290 1006 1300 ·

280 1346 418 1426 Auguror
441 1345 488 1407 hb
510 1346 602 1424 igitur
624 1345 706 1408 flecti
729 1355 778 1407 tua
801 1348 944 1408 umora.
984 1364 1045 1409 uec
1071 1357 1108 1411 tu

324 1433 465 1496 lamerito
488 1450 598 1496 nomeu
620 1436 693 1496 mito
715 1435 848 1514 pareatis
870 1433 981 1496 habes.

670 1627 738 1700 X‚,

279 1785 359 1849 llaec
382 1785 454 1849 oilri
478 1785 637 1849 Cimmerio
660 1786 706 1848 bis
729 1788 819 1848 tertio
839 1785 959 1849 ducitur
980 1797 1087 1851 aestas

323 1875 424 1938 Litore
446 1875 563 1955 pellitos
586 1878 665 1937 iuter
687 1876 800 1955 agenda
822 1874 927 1936 Getas.

279 1962 398 2045 Ecquos
420 1973 454 2026 tu
476 1964 597 2045 silices,
621 1964 758 2045 ecquod,
781 1965 955 2044 carissime,
977 1963 1101 2028 terrum

323 2052 456 2115 littrittao
479 2052 598 2114 coniers
609 2098 620 2132 ,
643 2051 844 2131 Albinoraoe,
867 2047 976 2114 meae?

249 2140 370 2203 edutta
392 2149 476 2202 carot
497 2140 642 2220 lapidem:
674 2142 860 2203 consumitur
882 2139 989 2202 malus
1011 2158 1097 2206 usuc

324 2230 471 2291 Alleritur
493 2246 597 2310 pressa
619 2246 720 2290 vomer
743 2229 878 2291 aduncus
900 2229 1007 2290 home.

279 2316 409 2397 Tempus
432 2317 506 2380 odax
528 2319 620 2397 igitur
643 2325 763 2397 practer
784 2335 840 2379 uos
861 2319 959 2379 omnia
980 2317 1111 2396 perdit:
1153 2336 1204 2385 tisri

324 2406 428 2467 Cessat
449 2405 558 2468 duritia
581 2423 663 2467 mors
686 2424 804 2485 quoque
827 2407 905 2467 ricta
927 2423 1011 2467 mea.

279 2492 454 2574 Exemplum
477 2503 523 2556 est
545 2496 636 2556 animi
658 2496 784 2556 nimium
805 2495 945 2572 patieutis
967 2492 1095 2580 Ulixes,

232 2595 266 2646 ιο
324 2581 452 2645 lactatus
475 2580 565 2644 dubio
588 2601 644 2662 per
665 2581 724 2644 duo
747 2582 840 2645 lustra
863 2584 954 2644 mari.

279 2668 425 2751 Tempora
447 2670 566 2733 solliciti
588 2671 641 2732 sed
665 2688 725 2732 uon
747 2678 846 2732 umen
869 2673 967 2732 omnia
988 2671 1043 2733 tati

323 2758 472 2840 Pertulit,
495 2767 527 2834 et
547 2758 678 2838 placidae
701 2776 789 2839 saepe
811 2759 895 2820 luem
919 2776 1038 2820 morae.

278 2846 324 2908 Au
347 2865 434 2927 grave
457 2865 510 2909 sex
533 2849 620 2908 annis
641 2846 795 2927 pulchram
817 2846 927 2909 fovisse
949 2846 1098 2931 Calypso,

322 2937 494 3014 Aeaeaeque
517 2936 575 2996 luit
596 2934 796 2998 concubuisse
817 2932 916 2997 deae?

231 3035 265 3086 16
278 3022 396 3104 Excipit
417 3022 621 3105 Hippotades,
644 3027 696 3104 qui
719 3025 769 3086 dat
790 3042 847 3103 pro
869 3042 993 3086 munem
1016 3036 1154 3111 ventos,

323 3112 433 3174 Curvet
455 3121 490 3174 ut
511 3111 646 3191 inpulsos
670 3111 750 3173 utilis
773 3129 844 3174 aura
868 3114 969 3176 sinos.

278 3199 340 3263 Nec
363 3200 440 3263 bene
462 3203 608 3263 cantantis
632 3199 716 3261 labor
738 3209 785 3261 cst
807 3200 910 3262 audire
933 3199 1066 3280 puellos:

322 3288 385 3353 Nec
407 3288 577 3368 degustasti
599 3287 676 3350 lotos
699 3306 797 3350 amara
820 3289 897 3351 luit.

279 3374 340 3438 iios
363 3395 441 3456 ego,
464 3380 516 3456 qui
539 3380 652 3456 patriae
676 3378 785 3439 iaciant
806 3376 935 3458 oblivia,
957 3393 1047 3438 socos

229 3475 264 3524 20
322 3462 410 3525 Parte
432 3481 516 3524 meae
538 3467 614 3525 ritae
626 3510 636 3545 ,
660 3467 685 3525 si
708 3466 794 3525 modo
818 3464 951 3544 deutur,
973 3463 1091 3527 emani

279 3548 354 3624 [Nec
377 3559 410 3610 tu
434 3551 595 3612 contuleris
618 3551 724 3612 urbem
746 3550 955 3631 Laestrygonis
977 3569 1127 3631 umquam
