2467 4042
384 252 423 324 ΙΙ,
448 250 557 312 128-⁴
574 200 645 312 263.
970 250 1027 316 loe

131 401 206 462 Cum
222 403 292 463 dare
306 419 367 464 uon
386 419 513 479 possem
528 419 668 478 munera,
692 403 785 465 verba
800 404 921 465 dabam.

84 486 208 562 Pauper
220 496 298 547 amet
312 495 411 548 caute.
435 489 538 550 timeat
553 487 737 548 maledicere
752 503 887 562 paupers¹

126 571 281 647 Multaque
295 570 444 634 divitibus
458 587 520 633 non
536 572 680 648 patienda
696 571 780 632 ierat.

82 655 133 714 Me
149 657 268 715 memini
282 656 393 716 iratum
408 656 551 717 dominae
567 655 707 717 turbasse
726 656 870 730 capillos:

22 746 70 799 tio
123 739 209 798 Haec
223 739 293 799 mihi
308 756 401 815 quam
416 741 526 800 multos
542 738 666 800 abstulit
680 738 724 798 ira
739 739 821 799 diest

81 822 147 881 Nec
163 828 245 897 puto,
270 823 427 884 censensi
442 823 572 883 tunicam
591 822 734 884 laniasse.
757 823 814 882 sed
827 824 897 898 ipsa

124 906 261 979 Dixerat,
281 914 312 966 et
328 907 426 982 prelio
442 915 488 968 est
503 907 552 966 illa
567 906 728 982 redempta
741 921 820 966 meo.

79 990 120 1048 Al
139 982 211 1061 io‘s‘,
233 990 261 1050 si
276 991 401 1067 sapitis,
425 991 516 1053 vestri
534 999 662 1066 peccata
679 991 816 1066 magistri

121 1073 269 1148 Effugia,
292 1081 323 1134 el
337 1075 447 1149 culpae
461 1073 572 1154 damna
586 1074 689 1135 timete
703 1090 800 1135 meae.

20 1164 66 1219 tls
76 1157 197 1219 Proelia
213 1173 281 1219 cunr
298 1158 432 1230 Parthis,
455 1174 523 1219 cum
539 1160 620 1222 culto
634 1156 698 1234 pax
712 1159 751 1219 sit
766 1158 874 1232 amica,

120 1242 158 1301 El
172 1241 275 1314 iocus,
300 1249 331 1302 et
347 1257 460 1302 causas
474 1240 622 1317 quicquid
637 1242 750 1303 amoris
766 1242 866 1303 babet

75 1324 112 1385 Si
127 1341 184 1385 nee
201 1326 316 1387 blanda
333 1325 423 1400 satis,
445 1341 503 1386 nec
517 1326 575 1386 erit
590 1325 644 1385 tibi
658 1326 755 1387 comis
769 1327 890 1398 amanti,

121 1410 226 1470 Perler
240 1418 268 1469 el
287 1408 416 1469 obdura.
436 1410 601 1486 postmodo
616 1410 696 1471 mitis
710 1410 776 1471 erit.

73 1494 219 1554 Flectitur
235 1493 389 1568 obsequio
406 1501 551 1555 cunnus
565 1494 605 1554 ab
620 1494 731 1555 arbore
745 1510 864 1555 ramnes

22 1585 66 1638 illo
117 1578 260 1654 Frangis,
282 1578 310 1638 si
326 1578 407 1639 vires
422 1578 581 1653 experiere
595 1584 674 1638 tuas.

77 1661 234 1737 Obsequio
250 1669 408 1724 tranantur
422 1677 529 1736 aquae.
553 1677 609 1723 nec
622 1662 747 1723 vincere
760 1663 864 1737 possis

116 1744 270 1821 Flumina,
294 1748 321 1805 si
338 1754 459 1819 contra,
483 1761 573 1821 qoam
587 1746 779 1821 raptanda,
801 1755 896 1807 nates.

77 1829 265 1905 Obsequium
279 1831 430 1905 tigrisque
445 1829 550 1891 domat
564 1829 774 1905 Numidasque
785 1830 902 1892 leones

114 1914 244 1974 Rustica
259 1914 404 1990 paulatim
418 1921 523 1974 taurus
537 1920 639 1974 aratra
652 1912 743 1974 subit.

21 2005 64 2058 reo
75 1996 150 2071 Quid
168 1997 222 2057 luit
237 1997 381 2073 asperius
395 1994 566 2058 Nonacrina
581 1996 745 2060 Atalantae

114 2080 288 2143 Subcubuit
302 2080 416 2142 meritis
430 2088 502 2143 trux
514 2088 613 2142 tamen
630 2079 682 2141 illa
697 2081 764 2144 viri.

76 2164 179 2241 Saepe
196 2181 272 2226 suos
290 2180 383 2226 casus
398 2181 455 2226 nec
470 2164 552 2225 mitia
567 2164 647 2225 locta
663 2166 783 2240 puellae

115 2249 225 2309 Flesse
240 2250 298 2310 sub
314 2248 476 2310 arboribus
491 2248 658 2310 Milaniona
671 2249 779 2310 ierunt.

71 2332 179 2408 Saepe
196 2334 261 2394 tulit
273 2334 360 2394 iusso
376 2333 495 2393 fallacia
509 2334 585 2394 retia
600 2334 692 2406 collo,

21 2425 62 2479 lto
116 2417 220 2493 Saepe
235 2418 302 2477 iera
315 2423 421 2477 torvos
437 2418 567 2492 cuspide
579 2417 647 2477 lixit
660 2434 771 2493 apross

71 2500 181 2563 Sensit
194 2507 223 2560 el
237 2502 347 2580 llylaei
361 2509 534 2564 contentum
549 2501 672 2562 saucius
687 2516 806 2562 arcum:

116 2585 181 2646 Sed
197 2593 295 2645 tamen
311 2585 370 2644 boc
385 2601 458 2647 arcu
472 2586 573 2647 notior
588 2586 664 2646 alter
678 2593 752 2646 erat.

71 2669 137 2730 Non
155 2676 185 2728 te
200 2667 368 2729 Maenalias
383 2678 530 2731 armatum
546 2671 696 2730 scandere
710 2669 816 2740 silvas,
868 2687 871 2691 ’

115 2754 180 2812 Nec
195 2753 285 2814 iubeo
302 2753 382 2813 collo
398 2755 473 2814 retia
487 2755 649 2814 ferretum

19 2844 58 2899 195
70 2838 200 2898 Pectora
217 2853 274 2896 nec
292 2837 395 2897 missis
410 2837 499 2898 iubeo
516 2838 666 2913 praebere
680 2838 806 2912 sagittis.

114 2922 200 2981 Artis
215 2930 303 2981 erunt
318 2929 407 2981 cauto
422 2922 524 2982 mollia
539 2922 624 2983 iussa
639 2937 734 2982 meae.

85 3004 155 3066 'ede
169 3005 361 3080 repugnanti.
384 3006 523 3066 cedendo
541 3005 638 3066 victor
653 3005 765 3066 abibis=
784 3022 788 3029 ·

113 3089 175 3149 Fac
190 3089 301 3163 modo,
324 3105 404 3165 quas
417 3091 513 3165 partis
528 3091 578 3150 illa
594 3090 722 3162 iubebit,
745 3106 831 3164 agas.

70 3176 201 3249 Argaei,
225 3173 356 3250 arguito.
380 3174 525 3250 quicquid
542 3174 649 3250 probat
664 3175 730 3246 illa,
755 3173 883 3249 probato

13 3267 59 3318 loo
111 3259 198 3331 Quod
216 3258 312 3334 dicet,
334 3256 433 3322 dicas.
454 3259 538 3334 quod
552 3266 644 3334 negat
657 3259 723 3335 illa,
746 3273 851 3334 neges.

71 3341 196 3417 Riseril,
220 3342 338 3402 adrlde.
360 3341 500 3419 sinebit,
525 3342 599 3405 llere
614 3350 776 3404 memento.

111 3429 253 3502 imponat
267 3429 353 3503 leges
369 3428 500 3489 vultibus
515 3429 566 3488 illa
580 3428 649 3488 tuis.

70 3511 130 3572 Sea
146 3512 245 3584 ludet,
270 3527 477 3587 numerosque
494 3528 585 3573 manu
601 3512 724 3573 iactabit
739 3512 882 3583 eburnos,
968 3570 972 3575 .

32 3611 108 3654 orm.
135 3596 154 3654 l.
816 3604 846 3657 13
