2467 4042
192 217 258 284 352
598 214 792 267 russonum

323 380 454 460 Potaque
477 396 510 440 se
532 378 627 439 Tibur
649 377 738 439 turha
760 376 859 438 redire
881 385 995 457 putat.

279 468 399 548 lamque
421 484 477 547 per
497 466 645 546 Esquilias
663 465 824 526 Romanam
845 467 1022 529 intraverat
1047 467 1160 549 urbem,

324 555 362 617 Et
384 573 470 616 mane
493 557 525 616 iu
546 554 644 616 medio
666 553 799 632 plaustra
821 553 905 614 luere
930 555 1024 617 foro.

215 657 266 709 sao
279 644 433 724 Plautius,
457 651 492 703 ut
513 650 615 721 posset
638 644 737 720 specie
760 658 949 720 numeroque
973 653 1119 706 senatum

324 731 460 811 Fallere,
481 733 619 810 personis
641 731 768 809 imperat
790 746 842 789 ora
864 730 945 810 tegi,

280 820 488 898 Admiscetque
511 818 605 899 alios,
629 825 659 879 et
670 864 680 898 ,
703 826 738 879 ut
759 817 839 878 hunc
860 816 990 878 tibicina
1018 828 1136 882 coetum

323 908 458 987 Augeat,
481 908 512 967 in
535 906 631 985 longis
653 904 785 967 vestibus
808 923 875 966 esse
897 904 1006 987 iubet3

282 996 332 1058 Sic
353 994 481 1056 reduces
503 993 579 1056 hene
601 1011 690 1074 posse
713 996 796 1074 tegi,
819 1011 856 1054 ne
879 993 959 1054 lorte
983 1004 1132 1059 notentur

215 1098 266 1147 oso
325 1083 434 1144 Contra
457 1081 584 1162 collegae
607 1084 688 1143 iussa
709 1080 823 1143 redisse
846 1082 910 1142 sui.

280 1172 340 1233 Res
361 1171 493 1251 placuit,
517 1170 659 1248 cultuque
682 1187 759 1230 noro
781 1167 853 1230 libet
875 1166 979 1231 Idibus
1006 1174 1057 1232 uti

323 1258 362 1319 Et
384 1276 491 1319 canere
514 1257 550 1319 ad
573 1266 690 1318 veteres
713 1256 802 1318 rerba
824 1258 923 1317 iocosa
946 1255 1096 1320 modos?

280 1346 359 1409 llaec
382 1345 435 1407 ubi
456 1346 634 1426 perdocuit,
657 1340 811 1425 ‘superest
833 1344 905 1405 mihi
929 1342 1072 1407 discere'
1096 1348 1150 1409 dixi

325 1431 402 1496 ‘Cur
425 1436 464 1495 sit
486 1433 690 1513 Quinquatrus
712 1433 762 1493 illa
784 1440 884 1494 vocata
907 1429 1013 1493 dies.’

215 1536 267 1588 uso
282 1517 437 1584 ‘Martius'
459 1524 558 1601 inquit
580 1517 657 1600 ‘agit
679 1521 730 1582 tali
752 1539 817 1582 mea
840 1521 961 1581 nomine
985 1523 1086 1602 festa,

325 1609 437 1690 Estque
461 1608 517 1671 sub
540 1612 668 1671 inventis
690 1609 763 1670 haec
786 1627 904 1688 quoque
928 1608 1024 1671 turba
1047 1614 1137 1673 meis.

281 1699 380 1761 Prima
403 1697 552 1760 terebrato
575 1715 719 1777 perrara
742 1698 885 1757 foramina
907 1695 1010 1778 buxo,

325 1786 365 1848 Ut
386 1786 491 1867 daret,
515 1786 622 1867 effeci,
644 1784 716 1846 tibia
738 1785 824 1863 longa
847 1801 955 1844 sonos.

280 1873 343 1935 Vox
364 1873 497 1953 placuit:
529 1873 635 1934 faciem
657 1872 777 1952 liquidis
799 1871 1003 1933 referentibus
1029 1874 1119 1937 undis
1194 1896 1195 1971 y

217 1975 268 2028 τοο
326 1961 392 2022 Vidi
415 1962 562 2041 virgineas
584 1963 761 2022 intumuisse
784 1978 892 2039 genas.

282 2046 361 2111 “Ars
383 2049 456 2111 mihi
479 2067 538 2110 non
561 2051 637 2111 tanti
659 2055 726 2130 est3
749 2048 845 2109 valeas
857 2096 866 2131 ,
889 2066 956 2109 mea
979 2046 1106 2111 tibial”
1127 2049 1182 2110 dm:

326 2137 444 2217 Excipit
465 2137 609 2199 abiectam
631 2139 760 2217 caespite
782 2139 848 2216 ripa
870 2153 943 2198 suo.

282 2225 434 2288 Inventam
458 2225 581 2305 Satyrus
603 2227 734 2305 primum
755 2226 903 2304 miratur,
925 2231 957 2284 et
979 2242 1076 2287 usum

326 2313 450 2395 Nescit,
472 2321 503 2375 et
524 2313 655 2374 inllatam
678 2314 772 2374 sensit
793 2311 902 2374 hahere
925 2329 1058 2395 sonum,

217 2401 431 2467 teutomodo
454 2401 576 2463 dimittit
598 2400 721 2482 digitis,
743 2400 830 2462 modo
853 2401 985 2479 concipit
1009 2420 1120 2465 auras.

325 2487 445 2569 lamque
468 2492 547 2551 inter
570 2489 713 2569 nymphas
735 2495 799 2549 arte
822 2487 972 2568 superbus
994 2499 1084 2553 erat:

282 2578 427 2640 Provocat
448 2586 479 2639 et
500 2576 676 2639 Phoebum.
715 2575 835 2638 Phoebo
859 2585 1024 2655 superante
1048 2578 1187 2660 pependit.

327 2666 417 2728 Caesa
440 2672 632 2726 recesserunt
654 2683 671 2725 a
692 2672 762 2727 cute
783 2663 916 2725 membra
939 2682 1015 2727 sua.

284 2753 356 2816 Sum
379 2763 479 2815 tamen
501 2756 649 2815 inventrix
671 2761 833 2831 auctorque
857 2770 911 2832 ego
935 2756 1084 2817 carminis
1105 2755 1188 2816 buius.

218 2854 269 2907 tto
326 2841 389 2903 Hoc
413 2850 479 2923 est,
503 2860 558 2903 cur
580 2848 700 2903 nostros
723 2859 772 2902 ars
794 2840 872 2919 colat
892 2842 950 2901 ista
975 2841 1064 2905 dics.

407 2979 457 3045 14.
479 2977 507 3045 Ε
526 2976 621 3060 MN]
670 2977 725 3056 15„
741 2975 768 3042 F
786 2974 998 3053 damu-r

283 3105 384 3168 Tertia
405 3106 457 3168 lux
479 3108 578 3167 veniet
590 3153 600 3186 ,
623 3123 680 3185 qua
704 3111 759 3185 tu,
783 3104 897 3165 Dodoni
919 3102 1068 3187 Thyone,

329 3193 427 3256 Stabis
449 3193 595 3274 Agenorei
618 3194 716 3254 fronte
738 3192 863 3255 videnda
884 3191 986 3255 bovis.

285 3281 364 3344 llaec
387 3291 434 3344 est
455 3282 505 3343 illa
527 3282 613 3362 dies,
637 3298 695 3360 qua
717 3290 750 3342 tu
772 3282 946 3361 purgamina
969 3279 1100 3364 Vestae,

328 3370 462 3451 Thybri,
485 3388 540 3450 per
561 3369 704 3431 Etruscas
726 3371 757 3430 in
779 3386 861 3430 mare
884 3370 980 3430 mittis
1001 3386 1119 3450 aquas.

220 3469 270 3520 '115
285 3457 375 3538 Siqua
398 3459 471 3520 fides
494 3460 611 3540 ventis,
634 3457 762 3538 zephyro
785 3456 852 3518 date
875 3456 997 3518 carbasa
1009 3504 1020 3538 ,
1045 3456 1169 3521 nautae!

329 3545 401 3607 Cras
424 3548 522 3607 veniet
544 3547 651 3608 vestris
674 3545 723 3607 ille
747 3544 897 3608 secundus
920 3548 1023 3625 aquis.
