2467 4042
196 204 258 269 242
572 206 740 266 REMED.
766 206 840 266 ΑΜ.

278 359 336 434 out
350 359 409 419 sibi
421 358 481 418 iam
497 358 614 434 pridem
629 358 745 418 solacia
762 358 832 419 bina
847 360 977 435 paravit,

216 453 269 505 ico
319 442 384 505 lam
397 442 517 520 pridem
533 459 652 503 summa
667 441 809 503 victorin
826 459 898 503 arce
913 443 976 503 luit.

277 529 319 587 At
334 526 403 601 tibi,
425 526 478 601 qui
496 525 589 586 lucris
605 525 748 586 dominae
763 527 842 587 male
858 527 991 586 creditus
1007 527 1066 599 uni,

320 609 407 670 Nunc
420 611 528 669 saltem
542 625 643 671 novus
657 617 706 670 est
718 609 921 670 inveniendus
938 626 1034 669 arnor.

278 693 446 768 Pasiphaes
461 692 561 754 Minos
576 694 606 753 in
620 693 772 768 Prognide
785 694 919 769 perdidit
932 695 1036 769 ignes=

322 777 422 837 Cessit
433 777 471 836 ab
488 776 584 837 ldaca
596 777 726 851 coniuge
741 778 821 837 victa
835 777 929 853 prior.

200 871 266 924 aso
276 860 472 937 Amphilochi
486 861 578 921 frater
592 877 631 921 ue
644 859 781 937 Phegida
795 877 918 937 semper
932 869 1056 933 amaret,

321 944 471 1005 Callirhoe
486 945 557 1004 lecit
570 955 658 1019 parte
671 951 796 1020 recepta
809 946 878 1004 cori.

278 1028 316 1089 Et
329 1026 417 1088 Parin
434 1027 560 1088 Oenone
574 1044 712 1088 summos
728 1029 878 1088 tenuisset
890 1028 931 1087 ad
946 1044 1056 1102 annos,

322 1110 354 1172 Si
368 1127 430 1171 non
446 1110 572 1172 Oebalia
586 1110 685 1186 pelice
699 1112 784 1172 laesa
799 1112 887 1172 lorct.

279 1196 422 1270 coniugis
439 1193 574 1272 Odrysio
589 1196 757 1270 placuisset
771 1196 869 1256 lorma
882 1202 1032 1273 tyranno:

215 1289 267 1342 460
320 1278 384 1340 Sed
398 1279 507 1340 melior
521 1281 645 1339 clausae
660 1281 758 1339 forma
772 1279 889 1340 sororis
904 1288 978 1339 erat.

279 1362 357 1438 Quid
372 1378 475 1423 moror
489 1363 655 1439 exemplis,
679 1379 809 1438 quorum
825 1379 875 1424 rne
888 1362 978 1424 turba
992 1364 1117 1440 fatigati

322 1444 511 1508 Successore
525 1463 608 1507 novo
624 1447 755 1507 vincitur
769 1447 868 1506 omnis
885 1462 980 1507 amor.

278 1529 399 1590 Fortius
414 1546 432 1589 e
446 1528 547 1591 multis
563 1536 660 1590 mater
674 1530 830 1590 desiderat
842 1547 946 1604 unuln

322 1613 418 1688 Quam
435 1629 515 1690 quae
528 1612 608 1673 fleus
626 1615 737 1673 clamat
753 1619 797 1674 ‘tu
811 1614 884 1673 mihi
899 1616 984 1675 solus
1000 1620 1096 1674 eras!

217 1708 268 1761 465
277 1699 315 1758 Et
329 1713 368 1758 ne
382 1699 460 1758 lorte
475 1704 564 1773 putes
578 1713 663 1757 nova
677 1714 726 1757 me
740 1698 794 1757 tibi
809 1698 944 1758 condere
960 1699 1076 1771 iura,...

321 1784 422 1856 Atque
434 1782 548 1842 utinam
562 1781 677 1841 inventi
694 1781 791 1856 gloria
805 1789 911 1842 nostra
924 1783 1053 1842 lorett...

279 1865 365 1926 Vidit
377 1865 410 1925 id
424 1864 557 1926 Atrides.
581 1864 657 1941 quid
673 1866 754 1924 enim
768 1881 831 1925 non
844 1864 895 1925 ille
910 1865 1038 1938 videret,

322 1949 414 2010 Cuius
428 1949 458 2009 in
475 1948 599 2009 arbitrio
615 1947 744 2009 Graecia
759 1954 824 2009 tota
839 1948 918 2008 lariti

279 2034 375 2094 Marte
390 2050 448 2093 suo
463 2039 585 2108 captam
600 2032 774 2111 Chryseida
789 2034 888 2092 victor
901 2031 1032 2093 amabat.

217 2125 269 2180 l'lc
320 2119 362 2177 At
376 2117 480 2176 senior
494 2117 585 2177 stulte
599 2114 695 2175 flebat
707 2115 822 2192 ubique
836 2125 932 2191 pater.

279 2200 357 2275 outa
371 2200 530 2270 lacrimas,
553 2200 664 2261 odiose
679 2206 800 2260 senex?
831 2200 916 2260 Bene
931 2203 1077 2261 convenit
1091 2203 1168 2261 illis:

322 2281 431 2344 Olllcio
447 2290 549 2345 numm
562 2284 677 2358 laedis,
698 2283 816 2360 inepte,
838 2291 901 2344 tuo.

280 2368 375 2443 Quam
390 2375 555 2451 posu-ynam
568 2367 657 2428 reddi
674 2367 815 2439 calchas,
838 2382 899 2443 ope
912 2374 996 2428 tutus
1009 2368 1149 2440 Achillis,

321 2452 471 2524 Iusserat,
495 2461 526 2512 et
539 2451 638 2526 patria
652 2461 701 2512 est
713 2452 766 2511 illa
779 2458 905 2526 recepta
919 2452 1023 2526 domo,

217 2544 267 2600 llo
278 2519 551 2597 ‘Est’ml'htrides
568 2535 662 2596 ‘illius
676 2535 817 2610 proxima
832 2536 939 2609 forma,

321 2619 373 2693 lei,
397 2621 424 2680 si
438 2620 537 2696 prima
551 2620 632 2680 sinat
645 2617 781 2699 syllaba,
803 2635 914 2679 nomen
930 2619 1024 2679 idem:

280 2704 367 2764 Hanc
381 2703 469 2779 mihi,
489 2702 516 2763 si
531 2702 647 2780 sapiat,
667 2718 773 2779 perse
788 2703 938 2765 concedat
951 2702 1104 2764 Achilles:

323 2786 356 2852 Si
370 2787 486 2860 minus,
509 2786 670 2863 imperinm
685 2788 795 2847 sentiat
808 2787 859 2847 ille
872 2803 981 2847 meum.

280 2871 369 2946 Quod
385 2872 483 2946 siquis
497 2878 632 2931 vestrum
648 2871 761 2931 lactum
776 2871 836 2931 hoc
851 2872 986 2944 incusat,
1008 2870 1129 2946 Achivi,

219 2964 269 3018 teo
320 2954 377 3013 Est
390 2954 506 3030 aliquid
521 2954 624 3015 valida
638 2962 761 3030 secptra
775 2963 880 3017 tenere
895 2971 997 3016 manu.

278 3039 354 3099 Nam
369 3040 395 3097 si
408 3054 464 3098 rex
478 3054 536 3113 ego
552 3054 635 3114 sum,
653 3055 711 3099 uec
725 3054 844 3099 mecum
857 3040 987 3100 dormiat
1000 3040 1071 3113 ulla,

321 3123 356 3182 ln
370 3138 439 3182 mea
451 3123 606 3183 Thersites
622 3138 732 3198 regna,
754 3122 872 3197 licebit,
894 3127 966 3183 eat’

279 3205 377 3281 Dixit,
399 3213 430 3272 el
443 3206 523 3266 hanc
538 3205 645 3267 habuit
657 3207 774 3268 solacia
790 3223 900 3283 magna
914 3207 1037 3282 prioris,

322 3290 359 3350 Et
376 3290 479 3365 posita
494 3297 541 3350 est
555 3306 629 3351 cura
644 3306 718 3351 cura
734 3292 859 3367 repulsa
871 3307 961 3351 nova.

217 3382 267 3435 485
278 3373 358 3448 Ergo
374 3374 503 3436 adsume
518 3390 616 3435 novas
632 3382 758 3436 auctore
773 3378 1003 3452 Agamemnone
1020 3374 1168 3447 flammas

322 3458 362 3517 Ul
375 3464 445 3518 tuus
459 3458 491 3517 in
504 3457 587 3518 bivio
603 3459 782 3519 distineatur
796 3475 891 3519 amor.
964 3501 968 3508 -
