2467 4042
443 209 490 283 11,
508 216 666 267 tat-504.
782 230 906 270 castrare
1018 207 1061 276 35

36 361 45 374 ⁹
121 377 233 441 Causa
256 395 356 440 morae
371 377 451 441 nulla
470 384 538 459 est,
561 386 592 440 et
604 380 664 439 iam
677 396 752 457 puer
766 377 857 439 Arcas
867 410 909 421 -
919 376 949 437 id
964 378 1061 457 ipsum

122 466 271 529 Indoluit
292 466 367 528 luno
390 497 433 511 ·-
453 467 550 528 iuerat
573 466 608 529 (le
632 466 744 546 paelice
767 475 871 528 uatus.

45 565 106 616 470
122 555 204 628 Quo
229 555 318 616 simul
341 554 469 616 obvertit
491 572 607 616 saevam
631 573 699 616 cum
721 554 832 616 lumine
856 563 1004 637 mentem,

122 640 351 714 ‘Scilicethoc
374 644 463 705 etiam
486 642 639 726 restabat,
662 642 794 705 adultera
806 637 827 724 ,'
851 642 925 703 dixit

123 728 187 793 ‘itt
213 731 341 793 fecunda
362 732 465 813 iores,
482 731 627 811 fieretque
649 732 763 814 iniuria·
779 738 867 811 partu

122 819 238 902 Nota,
261 818 397 899 levisque
420 821 480 881 mei
502 827 643 881 testatum
666 819 796 881 dedecus
819 826 916 881 esset.
1149 861 1161 886 ,

122 907 224 969 Haud
238 909 350 987 inpune
373 907 453 969 iares
467 954 474 969 .
497 907 625 970 adimam
637 907 692 969 tihi
706 924 811 987 nempe
826 907 951 987 liguram
958 953 968 989 ‚
982 919 1004 963 t.
1018 930 1060 963 xv.

47 1006 108 1056 4¹15
126 996 206 1068 Qua
219 994 296 1078 tibi,
319 1013 435 1075 quaqua
454 995 553 1076 places
572 1004 698 1077 nostro,
721 998 903 1077 lnportuua,
926 990 1059 1058 marito?

125 1084 220 1146 Dixit
242 1091 274 1145 et
295 1083 417 1145 adversa
438 1086 557 1166 prensis
579 1103 597 1145 a
619 1085 718 1146 ironte
742 1083 854 1164 capillis

127 1172 252 1234 Stravit
273 1171 357 1233 humi
378 1189 525 1252 pronun.
554 1171 695 1235 tendehat
716 1170 855 1233 bracchia
877 1172 1019 1253 supplex:

127 1259 282 1322 Bracchia
305 1269 470 1340 coeperunt
487 1262 580 1341 nigris
603 1260 779 1323 horrescere
801 1260 896 1343 villis,

129 1349 324 1427 Cumarique
347 1366 452 1410 manus
475 1357 506 1410 et
528 1349 660 1430 aduncos
683 1365 820 1410 crescere
842 1350 874 1409 iu
896 1366 1012 1428 ungues

53 1446 113 1498 480
130 1436 306 1514 Oiiicioque
328 1436 439 1516 pedum
461 1437 567 1519 iungi,
589 1436 767 1516 laudataque
791 1437 939 1516 quondam

129 1524 200 1587 Ora
220 1523 283 1585 lovi
305 1524 363 1586 lato
386 1525 452 1587 lieri
474 1525 618 1587 deformia
641 1527 738 1587 rictu.

130 1613 219 1675 Neve
242 1628 348 1693 preces
371 1616 485 1674 animus
508 1622 539 1675 et
560 1613 651 1675 verha
672 1613 825 1694 precantia
846 1612 983 1693 iiectant,

131 1701 232 1764 Posse
250 1699 332 1780 loqui
355 1704 503 1785 eripitur,
526 1720 583 1763 vox
605 1702 747 1763 iracunda
765 1703 924 1781 minaxque

132 1788 290 1869 Plenaque
313 1792 439 1851 terroris
461 1805 552 1852 rauco
575 1790 613 1852 de
636 1798 758 1870 gutture
781 1790 895 1852 iertur.

62 1887 118 1939 485
134 1877 224 1939 hiens
248 1878 367 1957 antiqua
390 1886 488 1940 tamen
511 1878 588 1941 iacta
611 1896 731 1958 quoque
754 1879 862 1939 mansit
885 1880 915 1939 in
940 1896 1022 1960 ursa,

133 1964 327 2044 assiduoque
348 1983 419 2027 suos
442 1968 554 2045 gemitu
572 1974 679 2029 testata
702 1965 819 2028 dolores

135 2052 378 2134 Qualescumque
400 2072 506 2115 manue
528 2054 564 2116 ad
587 2054 703 2117 caelum
726 2063 757 2116 et
777 2054 876 2118 sidera
897 2053 975 2116 tollit

135 2141 351 2222 ingratumque
369 2140 490 2225 lovem,
511 2152 641 2222 nequeat
659 2160 729 2205 cum
752 2142 874 2223 dicere,
896 2144 1003 2204 sentit.

135 2230 186 2310 t,
209 2231 371 2313 quotiens,
393 2230 455 2291 sola
477 2248 538 2291 uon
561 2249 632 2293 ausa
655 2233 810 2313 quiescere
834 2230 924 2312 silva,

66 2329 121 2379 aec
136 2319 216 2379 Ante
239 2318 360 2380 domum
383 2318 591 2400 quondamque
614 2322 677 2382 suis
700 2321 809 2383 erravit
831 2321 863 2380 in
885 2317 982 2399 agris!

135 2406 163 2466 Α
175 2452 185 2488 ,
209 2406 348 2485 quotiens
370 2424 426 2487 per
448 2425 516 2468 saxa
540 2423 648 2470 canum
670 2407 826 2470 latratibus
845 2414 909 2468 acta
932 2416 996 2489 est,

135 2493 339 2573 Venatrixque
361 2503 443 2557 metu
466 2504 626 2558 venantum
650 2499 753 2559 territa
775 2494 867 2576 iugitl

137 2581 235 2663 Saepe
257 2582 330 2645 ieris
351 2581 437 2645 latuit
458 2585 552 2667 visis,
575 2583 688 2668 ohlita,
711 2584 782 2665 quid
805 2592 902 2665 esset,

136 2668 273 2751 ilrsaque
296 2679 472 2752 conspectos
494 2675 526 2734 in
549 2673 700 2735 montibus
722 2672 842 2735 horruit
863 2688 968 2753 ursos,

66 2770 120 2820 tea
136 2758 357 2839 Pertimultque
378 2759 489 2841 lupos,
511 2764 645 2840 quamvis
668 2770 754 2842 pater
776 2769 856 2824 esset
872 2761 909 2824 iu
931 2759 1007 2822 illis.

135 2845 217 2912 Ecce
228 2893 239 2930 ,
261 2844 425 2927 Lycaoniae
446 2847 548 2930 proles
559 2896 570 2932 ,
594 2851 697 2929 ignara
718 2850 873 2931 parentis,

136 2936 229 2997 Arcas
252 2935 336 2996 adest
348 2983 358 3017 ,
380 2944 428 2999 ter
450 2938 583 3017 quinque
605 2939 670 3000 iere
693 2936 840 3001 natalibus
866 2943 989 2999 ructuat

137 3023 274 3103 Dumque
297 3024 376 3085 ieras
399 3027 557 3107 sequitur,
580 3025 652 3088 dum
675 3026 768 3090 saltus
786 3026 869 3105 eligit
891 3033 994 3106 aptos,

136 3110 350 3192 Nexilihusque
373 3111 467 3193 plagis
490 3112 577 3175 siivas
599 3113 827 3195 Erymanthidas
845 3103 955 3195 amht‘i,

69 3210 122 3263 iou
136 3199 245 3263 incidit
267 3201 299 3262 iu
322 3208 470 3282 matremp
492 3219 568 3282 quae
589 3205 703 3267 restitit
723 3203 837 3265 Arcade
861 3203 924 3262 viso

136 3288 175 3351 iit
198 3291 392 3369 cognoscenti
415 3288 518 3352 similis
541 3291 620 3353 iuit.
648 3291 696 3353 ille
720 3291 832 3371 refugit

136 3377 327 3458 inmotosque
351 3376 454 3440 oculos
475 3379 507 3440 iu
530 3396 563 3441 se
586 3381 650 3441 sine
673 3380 732 3441 fine
754 3386 905 3440 tenentem

135 3464 263 3528 Nescius
285 3467 446 3548 extimuit,
467 3469 650 3549 propiusque
673 3466 816 3529 accedere
839 3469 935 3528 aventi

136 3552 282 3616 Vulniiico
306 3555 405 3619 iuerat
426 3554 540 3617 iixurus
562 3564 684 3637 pectora
702 3554 777 3618 telo.

809 3654 846 3707 3*
