2467 4042
423 260 450 335 1,
471 257 532 320 145
545 293 582 304 -
595 259 667 322 22⁰.

100 414 230 477 Parcite
248 413 368 474 natales
384 412 480 473 timidi
495 428 655 473 numerare
670 414 814 474 deorum=

151 496 342 561 Caesaribus
358 498 456 557 virtus
471 496 598 572 contigit
612 505 683 558 aute
698 499 789 559 diem.

36 593 89 647 185
100 583 269 658 Ingenium
284 581 421 642 caeleste
434 580 500 641 suis
517 581 655 642 velocius
670 580 759 641 annis

152 665 271 741 Surgit,
297 672 328 726 et
342 665 474 740 ignavae
488 664 545 725 sert
558 667 638 726 male
653 667 765 726 damna
779 680 892 725 morae.

101 751 229 811 Parvus
244 756 326 821 erat,
347 749 551 824 manibusque
566 750 646 809 duos
661 749 838 828 Tirynthius
854 764 971 823 angues

149 833 285 906 Pressit,
307 833 383 894 etin
399 834 487 893 cunis
503 834 563 892 iam
577 833 652 892 love
667 834 778 908 dignus
794 839 868 892 erat.

103 920 195 979 Nunc
211 932 340 993 000000
354 917 408 992 001
423 932 500 992 puer
510 932 560 989 es,
578 925 710 992 quantus
721 924 799 991 tum,
815 916 945 991 Bacche,
962 917 1050 989 inisti,

43 1012 93 1067 100
150 1003 228 1064 Cum
241 1000 341 1061 timuit
354 1002 481 1080 thyrsos
495 1000 584 1062 india
598 1001 679 1061 vieta
692 1008 783 1062 tuost

105 1086 270 1162 Auspiciis
286 1085 460 1160 animisque
473 1084 585 1160 patris,
605 1101 697 1160 puer,
721 1102 805 1146 arma
819 1082 968 1158 movebis,

151 1171 188 1229 Et
203 1169 312 1229 vinces
328 1169 438 1229 animis
453 1167 664 1244 auspiciisque
678 1170 785 1245 patris.

104 1254 181 1314 Tale
194 1253 403 1313 rudimentum
416 1258 500 1313 tauto
515 1251 572 1312 sub
588 1253 710 1313 nomine
725 1253 831 1324 debes,
846 1298 849 1303 .

150 1337 241 1398 Nunc
255 1336 404 1398 iuvenum
418 1336 577 1411 princeps,
598 1336 712 1397 deinde
726 1339 826 1398 future
841 1351 956 1396 senum.

44 1431 92 1484 100
104 1423 183 1483 cum
197 1419 253 1481 tibi
268 1421 330 1481 sint
344 1421 469 1494 iratres,
490 1420 601 1481 iratres
614 1421 764 1482 ulciscere
779 1423 899 1483 laesos=

151 1505 294 1580 Cumque
306 1511 397 1580 pater
409 1504 462 1565 tibi
476 1504 531 1578 sit,
552 1504 620 1565 iura
634 1512 720 1566 tuere
735 1505 840 1581 patris.

106 1589 212 1650 100011
225 1605 311 1650 mma
324 1587 380 1648 tibi
393 1587 513 1664 genitor
526 1588 707 1665 patriaeque
719 1597 869 1664 tuusqum

149 1673 259 1733 Hostis
274 1672 314 1732 ab
328 1671 424 1732 invito
437 1686 535 1747 regna
548 1680 676 1747 parente
690 1673 778 1748 rapit.

106 1757 151 1816 Το
166 1759 222 1832 pia
236 1758 297 1817 teia
312 1756 411 1829 ieras,
433 1756 600 1817 sceleratas
615 1756 666 1816 iiie
680 1757 824 1832 sagittas:

47 1851 98 1904 100
150 1840 252 1901 Stabit
266 1856 324 1916 pro
340 1839 438 1916 signis
452 1839 563 1915 iusque
578 1840 725 1916 piumque
739 1844 808 1902 tuis.

107 1926 283 1986 Vincuntur
295 1939 392 1985 rausa
403 1923 514 1984 Parthi.
537 1924 699 1986 vincantur
713 1931 744 1985 et
757 1926 861 1987 armis.

106 2051 111 2056 ‚
150 2009 236 2070 linas
249 2007 338 2068 Latio
352 2009 417 2069 dux
431 2022 520 2069 meus
534 2009 630 2070 addat
644 2024 732 2084 opes.

107 2093 257 2167 Marsque
272 2098 360 2167 pater
373 2092 550 2168 Caesarque
563 2100 666 2169 pater,
687 2093 758 2155 date
772 2109 883 2155 numen
900 2095 996 2154 eunti:

151 2178 230 2236 Nam
245 2177 357 2238 deuse
373 2175 463 2236 vobis
478 2177 555 2238 alter
568 2192 617 2253 es,
641 2177 718 2238 aiter
731 2178 802 2237 eris.

49 2271 98 2324 100
112 2262 270 2335 Auguror,
293 2277 347 2334 en,
372 2260 487 2321 vinces.
511 2260 676 2336 votivaque
690 2262 976 2335 carminareddam,

151 2345 190 2406 Et
204 2360 317 2420 magno
332 2344 423 2405 nobis
438 2359 492 2404 ore
506 2346 668 2407 sonandus
684 2346 757 2406 eris.

110 2429 284 2502 consistes,
308 2431 469 2505 aciemque
483 2429 560 2490 meis
575 2429 738 2490 hortabere
752 2428 865 2490 verbis.

153 2511 177 2572 0
194 2513 297 2574 desint
313 2513 423 2575 animis
438 2528 478 2573 ne
492 2529 561 2574 meo
576 2513 671 2574 verba
685 2514 762 2575 tuis!

108 2596 271 2674 Tergaque
283 2596 464 2658 Parthorum
478 2598 682 2673 Romanaque
698 2606 824 2673 pectora
838 2597 945 2660 dicam

50 2691 99 2744 110
148 2679 300 2757 Telaque,
325 2681 364 2743 ab
379 2697 493 2743 averso
510 2696 591 2758 quae
605 2682 676 2744 iacit
687 2682 787 2743 hostis
802 2699 893 2758 equo.

110 2764 166 2840 Qui
183 2765 265 2840 iugis
279 2771 314 2827 ut
331 2766 453 2842 vincas,
474 2767 549 2840 quid
565 2766 659 2840 victo,
682 2766 807 2842 Partha,
829 2768 998 2842 relinquis-r

151 2848 275 2925 Partha,
299 2850 411 2911 maium
425 2848 486 2910 iam
501 2864 582 2912 nuno
595 2850 679 2911 Mars
693 2857 764 2912 tuus
780 2867 868 2912 omen
884 2852 984 2912 habet.

110 2933 193 3009 Ergo
209 2933 332 2994 eritilia
346 2934 429 3006 dies,
454 2950 515 3010 qua
527 2942 572 3010 tu,
597 2935 800 3010 pulcherrime
812 2953 923 3010 rerum,

153 3017 303 3093 Quattuor
316 3018 347 3077 in
362 3018 461 3078 niveis
475 3034 586 3080 aureus
600 3019 660 3080 ibis
674 3020 772 3094 cquis.

52 3100 199 3165 11010000
212 3109 283 3163 aute
297 3102 394 3164 duces
409 3104 525 3163 onerati
540 3104 621 3164 colla
635 3104 760 3177 catenis,

152 3185 198 3247 Ne
211 3187 335 3263 possint
348 3187 416 3260 tuti,
438 3204 501 3264 qua
515 3187 615 3264 prius,
639 3202 711 3248 esse
724 3189 805 3265 iuga⁴

112 3270 302 3348 Spectabunt
315 3271 386 3332 laeti
400 3271 528 3333 iuvenes
543 3271 719 3348 mixtaeque
735 3274 864 3354 pueliae,

153 3353 372 3432 Diffundetque
386 3355 504 3417 animos
519 3355 662 3417 omnibus
679 3355 738 3418 ista
753 3358 829 3417 dies.

111 3442 213 3514 Atque
226 3439 331 3515 aliqua
348 3454 388 3499 ex
400 3439 460 3500 iilis
475 3455 544 3501 eum
559 3456 665 3517 regum
682 3442 805 3502 nomina
821 3452 954 3518 quaeret,

54 3532 102 3584 110
151 3522 236 3598 Quae
250 3524 334 3599 bca,
358 3524 410 3599 qui
425 3533 559 3600 montes,
580 3541 699 3601 quaeve
713 3526 849 3587 terantur
861 3542 970 3599 aquae,
