2467 4042
179 225 244 289 118
587 227 639 276 EX
654 227 778 278 P0RT0

310 388 1012 469 Etpiaceatcaaeononminusagnabore.

267 477 327 539 iios
349 496 470 557 qnoque
491 487 573 537 unta
596 478 676 556 init,
697 490 825 556 quantae
847 479 1012 541 subsistere
1039 500 1168 545 summo

311 567 459 626 Aeneidos
481 569 542 626 rati
563 566 676 644 grande
699 567 807 629 inisset
827 586 921 629 onus.

218 667 253 716 85
266 654 358 715 Ferre
380 657 470 714 etiam
492 654 596 714 moiios
618 653 697 733 elegi
719 665 778 716 tam
801 666 883 717 rasta
905 657 1055 736 triumphi

310 742 446 803 Pondera
469 741 639 821 disparibus
661 761 722 803 non
744 754 869 823 potuere
892 748 983 805 rotis.

266 831 332 902 Quo
355 831 431 910 pede
454 849 534 891 nunc
557 841 649 911 utar,
670 831 760 891 dubia
782 842 829 893 est
851 836 998 893 sententia
1021 835 1139 899 nobis:

310 918 394 979 Alter
416 922 496 978 enim
518 919 556 979 de
579 928 633 997 te,
654 919 781 1000 Rhene,
804 921 971 1001 triumphus
995 923 1103 985 adest.

265 1007 357 1068 Inrita
380 1017 528 1067 motorum
552 1025 612 1067 non
635 1017 707 1068 sunt
727 1012 880 1088 praesagia
901 1018 1020 1072 ratum:
1158 1030 1200 1078 (11)
1231 1065 1232 1068 ,

217 1108 252 1157 90
312 1095 413 1156 Danda
435 1095 497 1155 iovi
519 1095 622 1155 laurus
634 1143 645 1176 ‚
666 1097 738 1156 dnm
760 1100 845 1177 prior
866 1097 915 1158 iiia
937 1100 1031 1159 viret.

265 1183 327 1245 Nec
354 1202 419 1244 mea
445 1182 536 1243 rerba
562 1183 639 1262 legis
651 1232 661 1264 ,
690 1187 742 1263 qui
769 1203 836 1246 sum
863 1195 1029 1248 summotus
1061 1189 1103 1250 ad

815 1273 966 1355 Histrum,

308 1359 374 1420 Non
398 1359 475 1420 bene
497 1362 609 1439 pacatis
632 1359 754 1420 flumina
776 1372 846 1440 pota
868 1361 968 1423 Getis:

265 1447 324 1509 lsta
348 1448 396 1526 dei
419 1466 475 1507 vox
498 1459 565 1509 est.
607 1449 682 1509 deus
705 1452 805 1510 estin
827 1460 948 1530 pectore
971 1461 1105 1514 nostro.

309 1536 389 1597 Haec
412 1536 487 1596 duce
510 1536 651 1615 praedico
675 1539 877 1617 vaticinorque
901 1539 974 1599 deo.

216 1624 342 1695 15011111
366 1643 466 1685 cessas
488 1643 611 1685 currum
634 1644 832 1705 pompamque
854 1645 958 1706 parare
980 1629 1175 1712 triumphis,

309 1710 422 1773 Livia?
452 1716 510 1773 iam
534 1713 630 1774 nuiias
653 1712 724 1774 dant
747 1714 800 1775 tibi
823 1714 899 1775 heila
922 1733 1039 1776 moras.

265 1802 381 1862 Perfida
404 1801 555 1862 damnatas
578 1801 734 1862 Germania
757 1805 865 1882 proicit
887 1803 1004 1864 hastas.

309 1889 370 1950 lam
393 1889 510 1970 pondus
533 1890 615 1951 dices
638 1908 724 1950 omen
748 1891 858 1952 babere
881 1911 997 1953 meum.

266 1978 383 2059 Crede,
407 1977 549 2057 brevique
572 1978 646 2039 fides
669 1978 786 2040 aderit.
827 1979 986 2058 geminabit
1009 1980 1168 2045 honorem

200 2079 250 2128 100
310 2066 426 2146 Filius,
449 2078 480 2127 et
501 2069 612 2127 iunctis
637 2078 669 2127 ut
691 2069 776 2145 prius
798 2067 854 2128 ibit
876 2070 979 2147 equis.

264 2155 394 2234 Prome,
417 2154 496 2233 quod
519 2157 624 2215 inicias
647 2158 758 2216 umeris
783 2155 943 2218 victoribus
955 2203 965 2236 ,
988 2164 1133 2222 ostrumz

309 2242 375 2322 ipsa
398 2252 497 2322 potest
520 2242 641 2304 solitum
664 2261 753 2304 nosse
776 2262 886 2304 corona
910 2256 1015 2323 capnt:

266 2331 378 2411 Scuta,
402 2331 453 2392 sed
478 2343 508 2392 et
530 2331 628 2410 galeae
652 2335 776 2409 gemmis
800 2333 953 2394 radientur
976 2343 1006 2393 et
1030 2351 1132 2417 atrro,

310 2419 455 2499 Stentque
479 2437 569 2499 super
591 2423 686 2479 victos
710 2429 814 2481 trunca
838 2430 957 2501 tropaea
980 2424 1082 2485 viros:

200 2522 249 2570 105
265 2508 379 2589 Oppida
402 2511 519 2569 turritis
542 2511 698 2586 cingantur
723 2508 854 2569 eburnea
877 2512 987 2591 muris,

310 2596 524 2676 Fictaque‘res
547 2615 618 2657 vero
641 2615 724 2657 more
747 2604 869 2677 putetur
894 2603 955 2676 agi.

266 2684 423 2764 Squalidus
445 2688 585 2746 inmissos
608 2687 700 2746 iracta
724 2684 780 2746 sub
803 2685 968 2747 harundine
991 2687 1099 2750 crines

308 2772 430 2835 Rhenus
453 2784 484 2834 et
506 2774 630 2835 iniectas
654 2776 795 2853 sanguine
818 2786 924 2854 pergat
946 2792 1054 2854 aquas.

266 2861 393 2930 barbara
416 2865 474 2923 iam
498 2864 575 2941 capti
599 2873 726 2941 poscunt
748 2864 874 2941 insignia
897 2881 999 2944 reges,

200 2963 249 3012 110
308 2950 459 3030 Tortaque
483 2952 602 3012 fortuna
625 2950 761 3012 divitiora
784 2968 855 3013 stra:

264 3038 302 3101 Et
325 3056 399 3118 quae
422 3050 576 3119 praeterea
601 3041 694 3100 virtus
717 3041 824 3099 invicta
850 3051 968 3100 tuorum
1154 3060 1198 3108 (11)
1231 3047 1232 3104 ζ

309 3126 402 3207 Saepe
426 3139 527 3208 parata
550 3127 627 3210 tibi,
651 3145 738 3207 saepe
761 3128 889 3207 paranda
913 3130 1000 3190 iacit.

264 3215 321 3294 Di,
345 3233 472 3295 quorum
496 3219 609 3278 monitu
633 3234 737 3278 surmus
761 3228 902 3278 eventura
925 3218 1035 3297 incuti,

309 3296 425 3386 Verba,
447 3322 576 3387 precor,
600 3304 691 3367 celeri
714 3317 815 3366 nostra
839 3304 961 3386 probate
985 3305 1063 3368 tide!
