2467 4042
501 255 524 309 Ι.
543 266 564 308 v
578 259 674 309 3-74.
1031 256 1094 322 133

217 416 365 480 Inmemor
389 418 504 497 antiqui
525 416 657 479 vulneris
681 435 762 479 arma
784 420 882 499 capit.

173 505 221 567 Nil
244 506 302 567 sibi
324 523 394 568 eum
416 506 514 585 pelagi
536 506 609 568 dicit
632 506 697 567 lore
720 507 881 586 naufragus
904 508 1009 590 undis,

124 605 159 655 to
217 593 256 656 ut
277 595 361 656 ducit
382 611 481 656 remos
504 612 562 673 qua
585 593 672 656 modo
695 595 776 657 navit
799 613 894 676 aqua.

174 682 222 743 Sic
246 700 300 762 ego
325 689 497 744 constanter
519 682 653 745 studium
675 700 736 745 uon
759 683 831 746 utile
854 702 958 766 servo,

215 769 256 832 Et
278 779 404 853 repeto,
426 769 536 832 nollem
559 789 633 852 quas
657 770 784 833 coluisse
807 771 895 834 deas.

173 858 252 930 Ouid
274 860 375 938 potius
397 854 533 922 faciam?
555 876 616 920 non
640 875 728 940 sum,
752 863 804 938 qui
826 862 929 940 segnis
950 858 1055 924 ducam

217 946 306 1009 Otia.
343 964 424 1009 mors
447 946 534 1008 nobis
557 955 676 1027 tempus
698 946 829 1010 habetur
847 951 947 1011 iners.
1049 962 1093 1014 (ao)

123 1044 158 1095 45
172 1034 234 1096 Nec
256 1037 339 1098 irruat
361 1038 392 1097 iu
415 1036 513 1097 lucem
536 1037 629 1097 nimio
647 1052 833 1098 marcescere
856 1040 942 1098 vino:

215 1123 278 1185 Nec
302 1131 385 1186 tenet
407 1126 537 1186 incertas
561 1123 623 1185 alea
645 1122 752 1185 blanda
775 1142 897 1187 manns.

171 1210 246 1274 Cum
264 1211 401 1274 dedimus
424 1228 528 1274 somno
553 1229 627 1293 quas
650 1230 760 1292 corpus
783 1212 913 1292 postulat
934 1212 1040 1295 boras,

217 1299 283 1371 Quo
306 1318 414 1380 ponam
437 1300 561 1380 vigilans
584 1310 724 1381 tempora
741 1301 827 1381 longa
849 1298 963 1364 modo?

171 1385 262 1449 bloris
286 1406 324 1449 au
346 1387 455 1450 oblitus
478 1391 568 1468 patrii
590 1388 771 1450 contendere
794 1389 906 1452 discam

124 1486 158 1536 oo
218 1476 396 1537 Sarmaticos
419 1493 529 1552 arcus,
552 1484 584 1537 et
605 1476 706 1538 trahar
729 1484 792 1538 arto
815 1473 899 1539 loci?
1144 1537 1145 1540 ,

171 1563 235 1625 Hoc
258 1581 377 1644 quoqne
401 1582 448 1625 mo
471 1565 603 1646 studium
631 1564 790 1644 prohibent
817 1565 972 1627 adsumere
996 1568 1093 1647 vires,

216 1651 359 1733 blensque
382 1654 475 1731 magis
498 1653 601 1732 gracili
625 1671 749 1733 corpore
772 1661 875 1715 nostra
897 1653 989 1717 valet.

172 1738 246 1803 Cum
264 1739 340 1802 bene
359 1742 546 1822 quaesieris,
569 1741 641 1821 quid
660 1749 762 1822 a'gam,
780 1744 873 1821 magis
896 1742 968 1804 utile
987 1741 1028 1804 nil
1047 1751 1093 1805 est

216 1829 339 1890 Artibus
361 1828 409 1890 his
421 1876 431 1910 ,
454 1847 529 1910 quae
552 1830 595 1890 nil
617 1828 755 1891 utilitatis
776 1829 903 1891 habent.

79 1920 82 1925 '
124 1926 157 1977 55
173 1916 346 1998 Consequor
369 1935 406 1978 ex
429 1916 487 1978 illis
511 1934 598 1978 casus
622 1917 728 1979 oblivia
751 1920 865 1980 nostri:

216 2004 299 2066 Hanc
322 2022 452 2067 messem
474 2007 547 2066 satis
570 2013 616 2067 est
639 2008 666 2067 si
688 2024 753 2068 mea
776 2005 874 2067 reddit
896 2007 1021 2069 humus.

171 2092 345 2155 Gloriosus
368 2101 472 2173 aenat;
496 2112 548 2154 vos
560 2142 569 2174 ,
593 2101 628 2155 ut
650 2095 773 2156 recitata
796 2093 960 2175 probentur

217 2181 354 2243 Carmina
366 2230 375 2263 ,
397 2181 505 2244 Pieriis
527 2182 678 2262 invigilate
701 2182 817 2245 choris.

172 2269 259 2342 Quod
283 2273 364 2331 venit
386 2288 423 2331 ex
445 2270 546 2350 facili,
569 2273 641 2332 setis
664 2279 711 2332 est
733 2289 912 2351 componere
935 2271 1039 2354 nobis,

123 2369 157 2419 60
215 2357 255 2419 Et
276 2359 365 2419 nimis
388 2360 496 2419 intenti
519 2376 608 2419 causa
631 2358 739 2420 laboris
762 2359 861 2422 abest.

172 2444 234 2509 Gur
256 2463 311 2525 ego
335 2445 460 2508 sollicita
483 2446 590 2525 poliam
615 2465 680 2509 mea
703 2449 833 2509 carmina
856 2444 954 2510 eura?

216 2533 260 2594 bu
285 2551 389 2596 verear
401 2581 411 2615 ,
434 2553 472 2595 ne
496 2552 555 2596 non
578 2534 722 2615 approbet
744 2535 793 2597 illa
817 2532 934 2597 Getes?

170 2620 308 2684 Forsitan
329 2622 472 2685 audacter
495 2623 599 2690 faciam
611 2669 622 2706 ,
645 2623 696 2685 sed
720 2623 831 2704 glorior
854 2623 989 2687 Histrum

215 2709 337 2790 Ingenio
360 2710 476 2773 nullum
499 2715 594 2773 maius
617 2711 728 2774 habere
750 2730 835 2775 meo.

123 2810 158 2861 ot
171 2798 252 2880 lloc,
271 2798 324 2860 ubi
343 2800 500 2861 vivendum
519 2807 582 2883 est,
600 2802 672 2864 satis
691 2809 754 2883 est,
776 2804 802 2864 si
820 2819 988 2881 consequor
1007 2818 1092 2880 arvo,

213 2887 296 2950 luter
317 2888 495 2950 inhumanos
518 2907 584 2951 esse
606 2898 694 2969 poeta
718 2889 823 2952 Getas.

170 2974 236 3046 Quo
254 2974 350 3056 mibi,
372 2977 523 3038 diversum
540 2978 617 3039 lema
636 2979 817 3040 contendere
839 2981 870 3040 in
889 2974 1019 3039 orbem?
1048 2989 1092 3040 (21)

215 3061 310 3133 Quem
333 3063 453 3124 fortuna
475 3062 578 3144 dedit,
601 3065 694 3126 Roma
718 3067 758 3126 sit
779 3065 829 3127 ille
852 3064 954 3126 locus.

170 3148 233 3211 Hoc
256 3167 322 3211 mea
345 3158 484 3212 contenta
507 3158 553 3212 est
574 3152 677 3213 infelix
700 3151 784 3213 Musa
807 3153 941 3214 theatro:

122 3250 156 3300 το
215 3237 265 3299 Sic
287 3241 407 3318 merui,
429 3241 530 3316 magni
552 3241 595 3299 sic
617 3239 739 3301 voluere
762 3239 827 3301 dei.

170 3325 232 3388 Nec
255 3343 325 3387 reor
347 3326 417 3387 binc
438 3328 518 3388 istuc
540 3329 652 3389 nostris
674 3330 734 3390 iter
756 3346 822 3390 esse
845 3327 970 3409 libellis,

214 3415 280 3487 Quo
303 3414 409 3476 boreas
433 3417 523 3496 pinna
546 3416 702 3478 deficiente
725 3418 823 3478 venit.

168 3502 334 3566 Dividimur
357 3503 457 3586 caelo;
481 3522 616 3585 quaeque
641 3512 687 3566 est
708 3505 814 3585 procul
837 3505 912 3568 urbe
933 3504 1067 3580 Quirini,

213 3591 328 3673 Aspicit
350 3592 482 3655 hirsutos
505 3595 671 3656 comminus
695 3592 770 3656 Ursa
793 3594 898 3657 Getas.
