2467 4042
148 212 213 279 130
557 211 607 262 Ex
624 209 744 263 Polemo

236 374 295 439 Sed
318 391 445 456 vereor,
468 391 506 436 no
529 390 577 436 me
599 374 712 436 frustra
734 390 853 435 servare
877 372 1013 455 labores,

186 476 221 529 to
279 462 344 527 Neu
366 465 452 525 iuver
475 462 591 525 admota
612 461 749 542 perditus
772 479 860 541 negor
882 480 956 542 ope.

234 549 296 615 Nec
318 551 425 631 loquor
446 550 520 612 bace
532 596 542 632 ‚
566 551 635 631 quia
658 551 697 610 sit
719 551 814 611 maior
835 550 994 629 prudentia
1020 552 1133 635 nobis;

280 638 338 704 Sed
361 657 429 702 sum
453 655 541 719 qnam
563 637 680 700 medico
703 640 802 699 notior
824 641 888 718 ipse
912 638 1003 701 mibi.

234 726 274 793 Ut
296 737 395 792 nmen
417 726 475 789 hoc
497 729 540 790 lta
561 728 623 808 sit,
645 743 755 789 munus
778 733 828 789 tna
852 727 963 806 grande
986 726 1131 792 voluntas

279 817 324 881 td
347 833 395 879 me
417 816 575 897 pervenit,
598 814 823 895 consuliturque
847 814 935 877 boni.

610 1008 691 1084 1111.

236 1169 296 1232 lam
319 1168 392 1232 mibi
414 1168 545 1231 deterior
568 1170 650 1230 canis
672 1169 841 1247 aspergitur
863 1173 961 1248 aetas,
1040 1165 1043 1170 ’

279 1257 400 1339 lemque
422 1274 505 1319 meos
528 1255 628 1318 vultus
650 1272 725 1335 ruga
748 1255 850 1317 senilis
873 1263 953 1317 arat:

234 1347 296 1409 lam
319 1348 402 1426 rigor
425 1353 457 1407 et
478 1361 586 1426 quasso
608 1342 752 1423 languent
773 1346 805 1405 in
828 1360 953 1423 corpore
976 1344 1081 1426 vires3

279 1432 363 1517 Nec,
385 1435 485 1497 iuveni
507 1432 592 1496 lusus
615 1434 667 1512 qui
690 1431 851 1512 placuere,
873 1434 992 1493 iurant.

205 1522 320 1606 oNcc‚
342 1524 369 1584 si
391 1539 439 1584 mo
462 1520 561 1584 subito
583 1520 705 1600 videas,
729 1537 890 1600 agnoscere
912 1522 1028 1599 possis:

280 1612 392 1673 Aetatis
415 1611 492 1672 lacta
515 1617 561 1671 est
584 1616 665 1670 tanta
688 1610 775 1670 ruine
798 1625 900 1671 meae.
1039 1670 1044 1675 ,

236 1698 386 1763 Confiteor
410 1699 507 1761 iacere
530 1698 587 1759 hoc
610 1713 721 1758 annos:
749 1696 801 1757 sed
830 1695 975 1758 etaltera
998 1712 1094 1759 eausa
1119 1709 1168 1761 est

281 1789 420 1850 Anxietns
443 1789 534 1850 animi
556 1787 778 1866 continuusque
801 1784 901 1846 labor.

236 1876 309 1938 Nem
332 1893 398 1938 mea
420 1893 474 1956 per
497 1874 601 1953 longos
625 1875 719 1952 siquis
741 1872 816 1934 mala
840 1872 954 1952 digerat
979 1890 1096 1954 annos,

190 1977 223 2027 10
281 1963 376 2026 Crede
399 1962 494 2045 mibi,
517 1961 599 2041 Pylio
624 1961 748 2023 Nestore
772 1963 866 2023 maior
889 1978 959 2022 ero.

237 2051 360 2132 Cernis,
385 2054 475 2114 utin
501 2050 585 2112 duris
603 2082 640 2094 -
660 2057 690 2110 et
716 2048 787 2130 qnid
812 2048 888 2111 bove
913 2046 1054 2111 firmius?
1074 2084 1115 2095 -

789 2154 866 2199 nrvrs
1121 2155 1171 2205 (rer

281 2227 382 2291 Fortia
405 2235 560 2290 taurorum
582 2243 709 2308 corpora
732 2226 849 2306 frangat
871 2244 963 2307 opus.

237 2317 319 2389 Quae
341 2333 503 2397 numquam
527 2333 618 2378 vacuo
642 2314 729 2376 solite
751 2321 797 2375 est
820 2332 937 2376 cessere
960 2314 1076 2396 novali,

281 2404 442 2470 Fructibus
465 2404 593 2467 assiduis
615 2404 693 2465 lassa
715 2404 845 2464 senescit
867 2403 993 2465 humus.

191 2504 223 2555 15
238 2493 385 2574 Occidet,
408 2492 443 2555 ad
467 2495 541 2556 circi
564 2494 661 2571 siquis
683 2492 845 2553 certamina
869 2509 986 2572 semper

280 2581 347 2644 Non
370 2583 549 2645 intermissis
571 2578 710 2642 cursibus
733 2578 790 2641 ibit
812 2596 925 2659 equus.

237 2670 337 2733 Firma
359 2668 470 2733 sltilla
492 2669 584 2749 licet,
606 2666 740 2730 solvetur
762 2669 794 2729 in
817 2685 946 2748 aequore
969 2668 1071 2748 navis,

282 2758 364 2831 Quae
387 2775 549 2837 numquam
572 2757 694 2838 liquidis
717 2757 796 2817 sicca
819 2755 932 2818 carebit
954 2757 1055 2835 aquis.

237 2846 284 2910 lle
308 2863 426 2928 quoque
450 2844 585 2906 debilitat
607 2847 701 2907 series
724 2847 859 2906 inmensa
881 2845 1043 2924 malorum,

189 2947 224 2998 20
282 2936 358 2998 Ante
381 2951 480 2997 meum
502 2942 623 3016 tempus
645 2934 724 3013 cogit
747 2940 778 2994 et-
799 2950 865 2995 esse
889 2950 1007 2995 senem.

238 3023 305 3086 Otia
328 3040 438 3103 corpus
461 3022 565 3101 alunt,
588 3022 705 3083 animus
724 3038 843 3100 quoqne
866 3023 998 3102 pascitur
1020 3019 1100 3084 illis:

282 3111 451 3174 lnmodlous
474 3118 578 3174 contra
600 3112 696 3191 carpit
718 3117 879 3190 utrumque
902 3109 1001 3171 labor.

237 3201 367 3283 Aspice,
390 3202 421 3261 iu
444 3199 497 3262 has
520 3201 613 3281 partis
636 3198 715 3278 quod
739 3200 855 3261 venerit
876 3199 991 3260 Aesone
1014 3204 1124 3281 natus,

283 3288 378 3361 Quam
400 3288 517 3350 leudem
540 3307 557 3350 a
580 3304 647 3349 sera
669 3288 844 3367 posteritate
867 3287 959 3349 ferat.

189 3387 225 3439 25
239 3377 278 3438 lt
300 3376 384 3440 labor
405 3376 485 3439 illius
509 3383 612 3438 nostro
635 3375 787 3455 leviorque
810 3377 966 3456 minorque
991 3382 1054 3454 est,

285 3464 318 3527 Si
339 3466 427 3527 modo
451 3483 509 3527 non
532 3483 638 3526 verum
660 3465 779 3528 nomina
801 3481 906 3544 magna
929 3471 1088 3543 premunt.

238 3549 291 3613 Ille
314 3554 414 3613 estin
436 3552 564 3615 Pontum
587 3551 669 3614 Pelia
691 3554 828 3614 mittente
851 3553 1020 3634 proiectus,
