2467 4042
170 209 286 266 XXXVI

169 378 250 456 tulit,
271 396 332 438 non
354 377 462 455 potuit,
485 377 576 439 misit.
671 372 736 439 408
760 390 876 441 suasu
898 390 1050 453 ouoouu.
1093 380 1200 444 euim

168 467 240 527 libri
263 484 373 527 omnes.
482 461 785 530 artemonianos
809 479 988 529 ouamnuu
1011 483 1035 529 a
1059 475 1197 530 snm

47 622 51 628 ,
169 567 320 616 vuamca
353 565 517 615 rausum.
563 554 650 616 Pata
677 547 866 637 (interpolati
891 550 1012 637 Ianua)
1043 558 1196 632 phonole

168 645 404 719 niden-freptt
425 643 457 702 M
488 646 520 703 et
545 644 691 721 plerique.
736 644 950 706 TECTAPHON
985 646 1060 705 olim
1099 644 1198 706 dede·

170 751 243 810 ram,
267 734 346 809 quod
369 749 478 792 nomen
500 734 547 792 est
570 733 651 809 apud
673 732 815 794 Nonnum
833 733 921 793 Dion
935 746 1009 793 xxx
1025 735 1095 794 128
1127 729 1197 794 133

172 822 244 881 184.
281 820 383 880 addidi
411 836 502 895 nuno,
530 839 588 896 quo
615 822 776 882 locutionis
803 822 964 882 insolentia
992 822 1123 899 reliqua
1149 839 1198 882 re·

169 911 335 970 moveatur.
371 908 483 969 similia
504 912 667 969 narrantur
688 923 712 970 v
727 911 779 985 56,
803 910 985 987 tranguntur
1008 929 1090 988 ossa,
1121 927 1196 970 eon·

168 996 335 1058 funduntur
357 1015 423 1058 ora:
446 1015 467 1057 a
488 1014 599 1057 summo
620 1000 724 1059 verbm
744 1000 846 1074 frenus·
868 999 998 1075 aliquem
1015 999 1113 1059 nihili
1134 1001 1196 1059 est

167 1088 300 1160 frendere
331 1088 378 1146 est
408 1087 556 1163 fremere,
588 1086 674 1145 Paul.
701 1086 785 1147 Diae.
808 1107 838 1163 p.
858 1090 989 1165 91,,12,
1022 1088 1078 1147 sed
1105 1080 1195 1146 ‘oon-

167 1174 310 1252 fringere,
328 1178 492 1251 oonterere,
511 1168 714 1243 contundere,’
736 1196 766 1251 p.
783 1177 900 1253 74,17.
935 1176 1017 1235 inest
1031 1175 1196 1252 quaedam

168 1262 307 1323 diationis
336 1262 498 1340 asperitas,
525 1263 672 1324 inusitata
698 1262 820 1325 ovidio:
852 1264 950 1324 simile
982 1268 1088 1324 tamen
1118 1271 1195 1324 xm

167 1353 242 1411 492.
277 1352 431 1411 nominum
463 1351 650 1427 quorundam
681 1351 713 1411 in
743 1352 887 1428 proximis
920 1352 986 1411 450
1015 1354 1086 1413 460
1122 1369 1193 1412 cor·

167 1439 260 1500 rectio
282 1456 343 1500 non
365 1439 489 1517 egregie
511 1439 585 1500 mihi
607 1441 706 1500 cessit.
804 1436 870 1501 488
893 1451 1070 1501 percusso
1095 1452 1192 1500 LAM-

167 1539 400 1590 1111101110.
437 1527 594 1589 emendari
614 1529 695 1588 olim
731 1528 803 1588 libri
821 1529 898 1588 collo
988 1523 1052 1589 527
1079 1529 1191 1588 Hinc

167 1630 216 1676 1a1
244 1618 359 1695 scripsi.
399 1618 450 1676 aba·
475 1616 555 1677 libri.
667 1611 732 1677 566
755 1627 885 1677 aarum
907 1628 977 1691 Qua
1000 1629 1189 1678 susurrus

166 1718 245 1766 aaa
281 1705 405 1783 propius
429 1705 485 1765 hoe
509 1705 547 1764 ad
569 1705 601 1764 11
624 1705 836 1765 auctoritatam
858 1706 943 1767 brieri
961 1724 1020 1780 prou
1041 1708 1188 1782 funditas

166 1787 273 1876 (supra
301 1793 412 1870 seripto
439 1786 465 1874 i)
493 1795 544 1854 ula
571 1794 698 1871 aceedit,
725 1813 815 1871 quam
843 1794 922 1871 quod
943 1794 1185 1871 interpolatores

166 1883 404 1956 introduxerunt,
427 1884 565 1957 iunpitur.
610 1883 660 1941 ala
686 1883 755 1958 ipsa
780 1900 924 1959 pereussa
952 1886 1032 1960 erat,
1059 1903 1090 1945 v.
1106 1884 1186 1944 570.

166 1972 233 2032 alae
254 1971 337 2032 latus
364 1971 501 2048 cingunt,
528 1972 564 2029 ut
587 1973 635 2031 est
656 1971 787 2048 vl'118,
809 1988 878 2030 oum
899 1970 1031 2032 volueris
1055 1970 1184 2048 eompli-

166 2059 241 2120 catis
274 2059 387 2119 adstat:
420 2059 473 2118 sed
505 2059 622 2118 alarum
652 2062 757 2119 ternae
790 2062 861 2119 sunt
892 2062 1011 2137 pantes,
1045 2058 1184 2136 geniculi

165 2149 242 2225 bini,
275 2166 402 2225 quorum
434 2148 511 2207 alter
539 2147 621 2207 latus
653 2148 744 2224 tegit,
776 2148 854 2207 alter
884 2149 922 2206 ad
953 2148 1095 2225 iugulum
1124 2149 1183 2208 eri·

165 2236 258 2314 gitur.
369 2230 436 2296 570
462 2236 626 2296 iuramus
654 2246 794 2313 ansius,
823 2248 870 2295 nn
898 2248 999 2309 oona.
1040 2236 1183 2310 Infimis

167 2329 241 2385 -st
272 2341 331 2399 quo
361 2323 407 2400 Μ,
438 2324 584 2398 Infirmus
614 2341 692 2384 unus
722 2324 799 2383 liber
827 2324 917 2401 paulo
947 2324 1067 2402 melior,
1104 2340 1183 2400 quae

165 2413 266 2490 pauci,
294 2413 329 2472 ut
357 2412 401 2472 ait
427 2412 578 2473 Heinsius.
619 2412 754 2474 infirmae
781 2430 896 2489 pennae
923 2413 1052 2473 absurde
1075 2412 1181 2474 dieun-

165 2504 225 2562 tur.
270 2502 319 2561 ala
346 2500 452 2561 dextra
473 2500 650 2578 praepedita
675 2501 798 2561 sinistra
819 2502 1009 2578 movebatur,
1036 2501 1181 2561 dextrum

165 2608 273 2666 eorpus
305 2590 481 2649 inclinatum
516 2589 675 2665 pendebat.
719 2590 844 2664 iuferius
877 2589 1054 2649 adverbium
1092 2589 1180 2650 volui

165 2698 245 2756 esse,
267 2680 303 2738 ut
324 2679 444 2754 11208,
467 2680 590 2738 interius
606 2680 733 2756 11306,
756 2679 879 2739 eamus
900 2690 938 2737 vl
952 2679 1025 2738 420.
1065 2680 1179 2754 neseio,

165 2786 204 2826 an
226 2786 281 2843 pro
305 2768 392 2841 affixi
414 2767 476 2843 legi
502 2769 639 2843 praestet
656 2768 748 2839 affixi.
860 2765 1052 2826 Coniecturas
1075 2767 1178 2844 recepi

165 2855 283 2915 Heinsii
316 2857 355 2914 61
391 2856 453 2914 256
489 2856 551 2914 382
585 2857 650 2916 454
686 2857 748 2915 618
791 2854 960 2933 Huygensii
993 2856 1033 2915 69
1075 2854 1177 2914 Lenaii

167 2946 229 3004 131
271 2944 416 3004 Rosoheri
440 2945 502 3003 308
542 2945 604 3005 353
647 2943 695 3002 Al.
723 2943 813 3003 Riese
836 2945 909 3004 449.
954 2942 1078 3003 Erfurt:
1096 2943 1177 3004 Mar·

164 3033 249 3092 oiano
281 3032 459 3108 praestabat
488 3033 528 3091 17
557 3034 697 3105 samque
721 3032 761 3092 18
796 3034 838 3093 30
864 3047 927 3091 var.
955 3049 1010 3091 sor.
1055 3033 1098 3091 46
1135 3034 1177 3092 60

100 3143 107 3156 ·
167 3124 208 3181 64
238 3122 280 3181 70
309 3124 348 3180 71
378 3138 441 3181 ver.
466 3137 521 3180 ser.
565 3122 628 3181 104
653 3112 976 3202 summu-sensu
1013 3121 1075 3180 106
1110 3122 1177 3181 110

35 3267 46 3284 ,
164 3209 251 3270 Solus
273 3210 416 3270 wiltoniae
454 3210 517 3269 120
552 3212 612 3269 121
650 3210 711 3268 122
747 3211 809 3269 133
845 3210 907 3269 158
943 3210 1005 3269 167
1032 3227 1096 3269 ver.
1120 3226 1176 3269 ser.

167 3300 229 3359 176
266 3298 327 3358 195
361 3299 425 3358 244
459 3297 522 3358 268
557 3299 620 3358 295
654 3298 717 3357 298
752 3298 817 3358 300
838 3298 973 3375 retorsisti,
996 3296 1076 3375 quod
1102 3298 1177 3357 reci·

166 3386 309 3462 piendum
332 3386 411 3463 duxi,
433 3386 480 3445 uti
503 3403 539 3445 ex
560 3386 593 3445 M
610 3398 676 3447 vin
690 3386 754 3447 585
786 3387 900 3464 11138,
936 3385 1176 3463 quandoquidem

165 3473 297 3534 Charisii
319 3494 347 3548 p.
359 3476 433 3551 249,
464 3474 620 3535 Diomedis
642 3494 672 3551 p.
684 3476 757 3553 372,
788 3475 936 3535 Prisciani
958 3473 1045 3534 libx
1062 3494 1091 3550 p.
1102 3475 1175 3552 526,

166 3564 230 3623 527
254 3562 433 3622 testimoniis
456 3565 558 3622 tutum
580 3567 627 3623 est
670 3565 732 3623 313
757 3564 878 3626 dederas
915 3564 978 3624 321
1014 3564 1077 3625 332
1112 3565 1173 3625 336
