2467 4042
448 248 481 299 V.
500 259 547 299 x11
561 251 674 300 3-1111
688 251 713 300 3.

166 410 205 472 Et
227 410 353 472 fecunda
376 410 446 471 iacit
467 416 588 489 pectora
611 410 707 471 laudis
730 427 829 471 emer.

167 499 301 560 Nominis
325 506 355 559 et
378 498 471 559 famae
495 497 644 577 quendam
666 498 781 577 fulgore
804 497 972 578 trahebar„

117 600 151 648 40
166 587 241 649 Dum
265 586 333 648 tuin
355 596 508 647 antemnas
531 604 601 647 aura
625 587 755 647 secunda
778 603 876 647 meae.

167 676 233 736 Nun
255 674 329 735 adeo
352 681 399 735 est
420 674 496 735 bene
519 691 600 735 nune
612 722 622 756 ,
646 682 680 736 ut
702 677 742 736 sit
763 674 836 736 mibi
858 674 951 754 gloria
977 691 1084 735 curae:

168 763 201 824 Si
222 763 310 823 liceat
322 808 331 842 ,
355 761 428 823 nulli
452 765 588 842 cognitus
611 779 678 823 esse
702 762 806 824 velim.

167 851 212 911 dn
235 853 303 930 quia
326 858 483 912 cesserunt
504 854 601 929 prime
623 850 700 911 bene
724 853 875 932 carmina,
899 850 1004 912 suades

168 938 330 1020 Scribere,
353 955 511 1001 successus
534 947 568 999 ut
591 956 700 1017 sequar
722 942 786 1018 ipse
809 935 917 1000 mens?

118 1041 152 1088 45
165 1027 264 1107 Pace,
287 1045 415 1107 nerem,
438 1037 535 1088 vestra
558 1024 647 1087 lieeet
669 1027 801 1107 dixisse,
823 1043 961 1088 sorores:

167 1114 224 1175 Vos
248 1117 321 1176 estis
344 1125 464 1177 nestrae
487 1118 612 1176 maxima
626 1133 725 1177 causa
747 1116 851 1194 fugae.

166 1203 263 1283 thue
286 1202 369 1265 dedit
389 1206 483 1265 iustas
506 1205 584 1265 tauri
607 1202 767 1265 fabricator
789 1205 874 1285 aeni,

168 1291 217 1352 Sic
240 1310 294 1371 ege
318 1292 356 1352 de
379 1309 490 1372 poenas
513 1291 628 1353 artibus
650 1295 715 1372 ipse
737 1294 828 1353 meis.

167 1379 214 1440 Nil
237 1378 310 1440 mihi
333 1379 459 1442 debebat
482 1397 550 1442 eum
573 1381 711 1441 versibus
734 1379 859 1458 amplius
882 1398 966 1461 esse,

119 1479 152 1528 eo
167 1467 242 1528 Cum
265 1468 423 1550 sugerem,
444 1473 551 1530 merito
575 1468 759 1549 naufragus,
781 1485 868 1528 omne
891 1469 1017 1529 fretum.

166 1556 203 1616 nt
215 1602 224 1637 ‚
247 1562 343 1635 puto,
366 1558 392 1617 si
415 1556 538 1618 demens
561 1557 693 1618 studium
714 1555 801 1617 fatale
824 1564 1018 1637 retemptem‚

166 1642 222 1704 Hie
245 1644 318 1704 mihi
339 1644 494 1724 praebebit
517 1647 658 1706 carminis
680 1662 761 1707 arma
783 1643 886 1706 loeus.

167 1732 233 1793 Non
251 1730 327 1793 liber
345 1732 394 1794 hie
413 1733 507 1815 nlius,
525 1751 601 1814 nen,
621 1735 672 1812 qui
691 1733 763 1794 mihi
781 1731 948 1794 commodet
966 1750 1084 1813 aurem,

166 1818 514 1901 Verbaquesignifleent
536 1822 608 1901 quid
631 1839 719 1902 mea,
742 1824 844 1901 norit,
867 1819 967 1882 adest.
1048 1835 1050 1840 ’

119 1919 152 1967 ee
168 1908 273 1969 Omnia
297 1908 450 1971 barbariae
473 1909 537 1971 leea
561 1920 631 1971 sunt
653 1911 794 1989 uncisque
818 1911 947 1990 ferinae,

167 1995 330 2075 Omniaque
354 1997 470 2060 hostilis
492 1998 578 2078 plena
600 2000 708 2059 timere
732 2000 814 2060 seni.

166 2082 233 2164 ipse
256 2086 328 2147 mibi
350 2086 453 2147 videor
470 2088 529 2148 iam
552 2087 728 2148 dedidicisse
752 2087 872 2148 Latine:

166 2172 239 2234 Nam
263 2174 353 2235 didici
375 2174 477 2236 Getice
502 2174 724 2254 Sarmaticeque
746 2175 846 2255 ioqui.

166 2260 228 2322 Nec
250 2270 371 2344 tamen,
395 2271 429 2325 ut
451 2281 554 2324 verum
577 2265 671 2324 fatear
692 2263 748 2324 tibi
759 2311 769 2345 ,
792 2270 893 2324 nestra
916 2265 1013 2324 teneri

119 2350 190 2408 edd
214 2349 418 2429 componendo
441 2355 570 2414 carmine
593 2351 677 2414 Musa
699 2358 814 2432 petest.

168 2436 333 2500 Scribimus
356 2446 386 2500 et
409 2443 537 2520 scriptos
559 2440 743 2526 absumimus
766 2443 834 2520 igne
857 2438 989 2501 libellos:
1020 2513 1026 2522 .

166 2523 273 2588 Exitus
296 2534 342 2587 est
365 2526 456 2589 studii
478 2546 568 2609 parva
590 2528 687 2590 favilla
711 2530 787 2590 mei.

166 2613 228 2674 Nee
250 2631 372 2694 pessum
395 2624 426 2677 et
448 2618 536 2697 cupio
559 2635 620 2679 non
642 2616 740 2678 nntius
762 2617 872 2679 ducere
895 2633 1017 2678 versus:

166 2701 292 2764 Ponitur
314 2704 426 2766 idcirce
449 2714 550 2767 nester
572 2708 604 2767 in
627 2708 695 2787 igne
718 2705 819 2788 labor,

118 2802 151 2852 ee
166 2791 227 2853 Nee
250 2794 308 2853 nisi
330 2811 400 2873 pers
423 2809 494 2855 casu
516 2794 642 2856 dammis
665 2804 767 2874 erepta
789 2794 893 2856 dnicae

165 2880 209 2941 td
233 2898 284 2941 ves
308 2884 418 2961 ingenii
440 2886 576 2961 pervenit
598 2883 658 2944 ulla
681 2886 756 2944 mei.

167 2967 217 3028 Sic
239 2970 374 3051 utinam,
397 2987 473 3049 qnae
496 2971 538 3031 nii
561 2979 744 3032 metuentem
766 2970 825 3032 tale
848 2972 1021 3048 magistrum

165 3054 321 3137 Perdidit,
342 3059 374 3117 in
397 3059 514 3118 eineres
537 3057 593 3118 rtrs
616 3074 681 3118 mea
704 3075 789 3119 versa
812 3056 907 3119 tereti

529 3246 627 3323 XHI.
653 3242 657 3248 ’

165 3405 248 3468 Hane
271 3414 342 3469 tuus
365 3424 382 3468 e
405 3406 507 3468 Getico
530 3409 621 3469 mittit
643 3407 697 3470 tibi
720 3405 797 3469 Naso
821 3407 967 3489 salutem,

164 3494 282 3557 Mittere
306 3499 332 3558 si
355 3498 510 3576 quisquam
523 3542 532 3576 ,
556 3515 615 3576 qno
639 3504 721 3557 earet
743 3498 829 3579 ipse,
851 3505 965 3577 petest.

164 3584 261 3663 Aeger
283 3587 362 3647 enim
386 3587 461 3647 traxi
484 3588 617 3664 contagia
642 3601 766 3665 corpore
790 3588 916 3666 mentis,

886 3684 922 3740 7*
