2467 4042
155 269 218 334 122
561 272 611 323 ux
628 270 747 323 rouro

242 433 316 496 Cum
339 434 417 495 foret
438 432 554 496 Aeneae
578 436 677 495 cervix
701 434 834 496 subiecta
856 436 990 513 parenti,

286 523 402 584 Dicitur
424 524 488 601 ipsa
510 524 574 582 viro
596 522 713 583 llamma
735 523 853 585 dedisse
875 523 969 584 viarm

194 622 228 672 35
242 610 314 672 Pert
335 609 411 671 liber
433 610 613 689 Aeneaden,
636 617 666 671 et
687 629 748 672 non
770 613 828 671 iter
849 628 937 671 omne
959 608 1108 690 patebit?

288 699 326 760 At
347 700 460 779 patriae
482 706 568 778 pater
590 698 639 758 hic
651 744 661 778 ,
684 700 778 778 ipsius
801 697 850 759 ille
872 699 946 760 luit.

242 786 353 866 Ecquis
376 789 416 848 ita
440 795 486 848 est
509 786 626 865 audax,
648 794 683 847 ut
703 786 805 848 limine
828 794 914 865 cogat
935 784 1018 849 abire

196 893 198 898 ’
286 874 447 935 lactantem
469 873 576 935 Pharia
598 873 713 935 tinnula
736 876 825 935 sistra
846 870 962 936 manu?

242 963 318 1024 Ante
341 962 430 1023 deum
452 961 575 1023 Matrem
598 979 693 1024 cornu
715 961 827 1024 tibicen
850 961 965 1024 adunco

194 1064 229 1113 40
287 1049 360 1112 Cum
384 1052 485 1128 canit,
508 1053 630 1129 exiguae
653 1051 720 1129 quis
743 1053 829 1129 stipis
852 1067 920 1111 aera
942 1046 1058 1129 negat?

244 1138 376 1217 [Scimus
398 1137 435 1200 ah
458 1140 582 1217 imperio
605 1139 671 1199 lleri
694 1136 736 1199 nil
758 1138 816 1199 talc
839 1137 965 1200 Dianae:

287 1226 372 1288 Unde
395 1235 494 1288 tamen
516 1227 615 1307 vivat,
639 1228 814 1316 vaticinator
836 1225 956 1304 habet]

245 1314 325 1396 [lpsa
348 1322 467 1376 movent
489 1316 602 1375 animos
626 1332 803 1395 superorum
826 1315 948 1375 numina
969 1322 1113 1396 nostros,

287 1403 388 1483 Turpe
411 1421 467 1464 nec
490 1410 536 1463 est
557 1403 608 1465 tali
632 1402 806 1465 credulitate
828 1405 894 1481 capi
903 1400 925 1480 .]

194 1503 229 1552 45
243 1490 310 1571 En,
334 1509 388 1571 ego
411 1509 466 1571 pro
489 1492 578 1552 sistro
600 1490 781 1571 Phrygiique
804 1492 947 1553 loramine
969 1488 1043 1550 huri
1140 1504 1169 1557 (c)

289 1578 391 1641 Gentis
413 1578 511 1640 lulece
534 1580 653 1641 nomina
676 1587 777 1641 sancta
800 1580 882 1641 iero.

243 1666 393 1729 vaticinor
416 1684 604 1746 moneoque:
635 1668 734 1729 locum
756 1668 824 1729 date
847 1684 931 1728 sacra
952 1665 1083 1728 serenti!

287 1755 354 1816 Non
376 1755 471 1836 milri,
494 1756 546 1816 sed
570 1773 675 1835 magno
698 1759 832 1835 poscitur
854 1755 904 1817 llle
927 1754 1000 1815 deo.

242 1842 304 1905 Nec
328 1846 397 1924 qnia
419 1843 466 1904 rel
489 1846 607 1924 merui,
630 1844 676 1905 vel
699 1847 780 1906 sensi
802 1845 947 1923 principis
969 1845 1064 1924 iram,

196 1943 230 1994 ⁶0
288 1930 422 1992 Auchis
444 1933 542 2010 ipsum
566 1931 643 1993 nolle
666 1940 769 2011 putate
792 1931 867 1993 coli.

242 2018 308 2080 Vidi
331 2037 386 2099 ego
408 2018 550 2099 linigerae
573 2037 685 2081 numen
707 2020 831 2082 violasse
853 2021 994 2082 latentem

286 2107 373 2169 lsidis
395 2107 505 2169 isiacos
528 2116 596 2169 ante
620 2108 724 2171 sedere
747 2110 846 2170 locos.

241 2195 345 2276 Alter,
368 2195 406 2256 oh
429 2195 499 2258 huic
522 2196 648 2257 similem
670 2199 802 2275 privatus
824 2195 1098 2279 lumineculpam,

287 2282 436 2346 Clamabat
457 2285 554 2346 media
577 2303 610 2346 se
631 2288 778 2347 meruisse
801 2288 862 2346 via.

196 2383 229 2433 5⁶
243 2371 325 2434 Talia
348 2372 491 2434 caelestes
513 2374 579 2434 lieri
602 2376 759 2453 praeconia
780 2373 927 2454 gaudent,

288 2459 328 2521 Ut
350 2479 403 2522 sua
426 2462 498 2541 quid
521 2461 636 2522 valeant
658 2464 800 2537 numina,
823 2469 900 2523 teste
922 2459 1069 2540 probent.

244 2548 338 2627 Saepe
361 2548 459 2610 lerant
480 2567 592 2630 poenas
614 2557 776 2629 ereptaque
798 2550 909 2611 lumina
931 2548 1081 2631 reddunt,

288 2636 362 2698 Cum
385 2636 461 2699 bene
484 2640 599 2717 peccati
621 2640 803 2717 paenituisse
825 2637 942 2700 vident.

243 2724 400 2801 Paenitet,
423 2724 463 2787 ol
495 2726 615 2806 siquid
639 2728 817 2787 miserorum
841 2725 973 2787 creditur
994 2725 1067 2807 ulli,

195 2826 229 2875 oo
286 2812 443 2895 Paenitet,
467 2823 497 2875 et
518 2815 596 2875 facto
619 2822 762 2893 torqueor
784 2817 848 2893 ipse
872 2832 955 2875 meo.

243 2901 377 2980 Cumque
400 2905 440 2963 sit
463 2902 605 2983 erilium,
628 2905 721 2982 magis
744 2910 791 2963 est
813 2902 887 2963 milri
909 2901 996 2981 culpa
1018 2901 1135 2966 dolori:

286 2989 399 3068 Estque
421 2993 482 3070 pati
504 3008 652 3072 poenam,
675 3008 763 3070 quam
787 2994 954 3070 meruisse,
976 2993 1095 3054 minus.

241 3077 281 3140 Ut
302 3078 376 3139 milri
398 3078 429 3140 di
451 3080 588 3160 faveant,
611 3078 721 3158 quihus
744 3087 790 3140 est
812 3079 995 3140 manifestior
1017 3080 1101 3158 ipse:

287 3165 387 3228 Poena
409 3173 509 3247 potest
532 3168 632 3247 demi,
656 3166 742 3246 culpa
764 3170 906 3247 perennis
929 3168 1002 3228 erit.

195 3267 228 3316 65
244 3253 338 3332 [Mors
360 3255 449 3317 faciet
473 3263 573 3336 certe,
600 3274 638 3316 ne
661 3257 740 3338 sim,
763 3257 991 3336 cumvenerit,
1014 3255 1101 3318 exul:

287 3341 331 3404 Ne
355 3361 416 3404 non
438 3347 610 3425 peccarim,
633 3361 714 3404 mors
738 3362 857 3423 quoque
880 3342 1084 3422 consociet]

244 3430 324 3508 [Non
347 3433 439 3511 igitur
462 3435 593 3514 mirum,
617 3434 643 3493 si
666 3449 750 3492 mens
774 3450 839 3493 mea
863 3429 963 3492 tahida
986 3432 1064 3493 lacta

286 3519 329 3580 lle
352 3521 420 3581 nire
443 3523 590 3581 manantis
612 3537 695 3581 more
719 3520 860 3599 liquescit
883 3537 977 3599 aquae
987 3519 1008 3598 .]

243 3604 334 3665 Estur
356 3615 392 3668 ut
413 3606 528 3669 occulta
552 3609 650 3669 vitiata
675 3607 808 3669 teredine
832 3610 933 3690 naris,
1134 3623 1180 3675 (⁴)
