2467 4042
386 299 442 361 111.
465 297 662 362 fel-812.
977 303 1039 367 229

93 450 196 511 Strata
212 458 332 526 premet
344 450 489 525 genibus,
513 453 635 527 paulum
650 452 771 515 cervice
785 453 910 528 reflexa,

22 541 81 597 780
132 533 260 594 Femina
275 548 331 610 per
344 536 470 609 longum
484 536 706 610 conspiciende
722 539 811 600 letus.

92 617 148 678 curi
161 618 262 678 ferum
275 626 324 679 est
336 617 495 689 iuvenale,
519 629 624 682 carent
638 637 762 698 quoque
777 630 902 698 pectora
914 625 1034 692 menda.

133 700 201 763 Stet
217 703 277 775 vir,
298 702 331 760 in
346 702 447 762 oblico
463 703 533 763 fuso
546 704 586 763 sil
603 705 674 779 ipsa
689 713 766 767 toro.

89 785 153 845 Nec
167 785 222 845 tibi
238 793 328 861 turpe
342 793 417 862 puta
431 785 559 860 crinem,
581 796 614 848 ut
627 787 765 869 Phylfefa
779 796 883 866 meter,

133 868 279 944 Solvere,
301 876 332 928 et
347 868 456 929 effusis
471 871 551 931 colle
564 870 691 933 reflecte
705 874 811 934 comis.

20 961 78 1015 780
88 954 135 1013 Tu
150 968 294 1029 quoque,
318 954 367 1014 cui
383 952 467 1027 rugis
481 961 599 1014 uterum
612 957 728 1017 Lucina
742 958 865 1033 notavit,

131 1037 171 1097 Ut
184 1038 268 1097 celer
282 1037 405 1097 eversis
420 1043 506 1097 utere
519 1037 649 1100 Parthus
665 1041 763 1116 equis.

86 1119 171 1182 nine
183 1121 269 1182 modi
284 1121 418 1180 veneris.
441 1122 572 1197 simplex
584 1123 761 1199 minimique
775 1125 899 1200 laboris,

130 1204 206 1265 cum
220 1205 301 1264 iacet
313 1204 345 1264 in
361 1204 501 1266 dextrum
516 1207 705 1290 semisupina
719 1210 810 1271 lutus.

86 1288 150 1348 Sed
166 1303 270 1363 neque
283 1288 419 1349 Phoebei
432 1289 587 1364 tripodes,
610 1307 669 1351 nec
684 1294 826 1369 corniger
839 1294 971 1354 Ammon

17 1380 74 1436 790
126 1374 213 1433 Vera
228 1373 328 1447 magis
342 1373 448 1447 vobis,
472 1390 564 1449 quam
578 1391 648 1435 mee
660 1376 765 1449 Musa,
789 1385 887 1437 canet

87 1455 187 1531 Siqua
201 1455 297 1532 fides,
316 1456 388 1530 arti,
410 1473 501 1530 quem
515 1458 608 1532 longo
624 1461 751 1522 fecimus
765 1478 834 1532 usu,

129 1540 261 1601 credite.
285 1539 486 1615 praestabunt
499 1544 633 1603 carmina
647 1551 753 1605 nostre
767 1545 871 1605 fldem.

86 1623 208 1684 Sentiat
220 1639 261 1683 ex
276 1624 346 1684 imis
362 1640 507 1685 venerem
520 1628 657 1688 resolute
670 1628 812 1689 medullis

128 1707 270 1780 Femina,
293 1714 324 1767 et
337 1724 377 1767 ex
391 1722 492 1782 aequo
505 1724 558 1770 res
571 1709 657 1771 iuvet
669 1712 722 1771 ille
735 1712 826 1772 duos.

19 1792 149 1855 7001100
162 1791 298 1851 blandae
312 1806 407 1853 voces
422 1789 620 1868 iucundaque
635 1812 788 1856 murmure
805 1804 936 1869 cessent,

128 1876 194 1935 Neo
208 1881 330 1936 taceant
342 1875 452 1936 mediis
468 1877 608 1952 improba
623 1878 718 1938 verbu
732 1880 819 1940 iocis.

82 1959 131 2019 Tu
144 1974 287 2035 quoque,
311 1959 359 2020 cui
375 1960 497 2022 veneris
513 1977 639 2022 sensum
654 1970 763 2024 nature
778 1964 910 2040 negavit

129 2044 239 2105 ltnlcio
253 2042 394 2105 mendaci
409 2045 523 2120 gaudia
538 2046 621 2121 finge
637 2062 726 2107 sono.

83 2127 212 2202 Infelix,
236 2129 285 2188 cui
299 2135 400 2203 torpet
417 2128 512 2190 hebes
527 2130 616 2196 locus
631 2132 696 2206 ifle,
720 2131 830 2206 puelle,

18 2222 72 2275 800
128 2210 198 2286 Quo
212 2212 454 2287 peritecdebent
468 2214 579 2274 femina
595 2215 703 2290 virque
717 2215 785 2275 frui.

81 2296 230 2371 Tantum,
251 2312 320 2357 cum
334 2295 449 2371 finges,
472 2313 512 2357 ne
525 2298 572 2360 sis
585 2300 763 2371 manifesta,
785 2307 910 2361 caveto:

126 2379 226 2440 Effice
241 2396 297 2456 per
309 2387 425 2441 motum
439 2382 614 2458 luminaque
629 2385 698 2459 ipsa
711 2383 822 2444 fidem..

84 2463 186 2538 Quem
200 2464 300 2539 iuvet,
322 2472 352 2525 et
368 2480 462 2525 voces
475 2473 506 2526 et
519 2466 671 2527 anhelitus
685 2474 792 2543 arguat
805 2468 877 2528 oris.

127 2551 174 2607 A!
197 2549 302 2624 pudet
323 2564 452 2609 arcanas
466 2565 541 2626 pars
555 2550 649 2612 hebet
661 2551 720 2612 iste
734 2558 834 2612 notas.

21 2631 208 2693 weffordia
221 2640 293 2708 post
305 2633 437 2693 Veneris
453 2649 533 2711 quae
547 2642 657 2709 poscet
670 2652 779 2696 munus
794 2642 953 2711 amantem,

124 2717 186 2776 1110
200 2732 274 2777 suas
287 2718 372 2778 nolet
384 2718 509 2793 pondus
523 2719 638 2779 habere
652 2735 772 2795 preces.

82 2801 148 2860 Nec
163 2792 264 2861 lucem
279 2801 308 2861 in
323 2801 474 2862 thalamos
488 2803 560 2863 totis
574 2804 699 2865 admitte
713 2805 865 2866 fenestris.

123 2884 243 2960 Aptius
257 2885 288 2946 in
304 2891 408 2946 vestro
424 2901 556 2961 corpore
569 2888 663 2948 multe
679 2890 779 2949 latent.

81 2969 188 3028 Lusus
201 2967 296 3030 habet
307 2969 409 3030 linem.
431 2970 542 3048 cygnis
556 2971 746 3032 descendere
761 2980 892 3050 tempus,

22 3059 71 3112 810
122 3052 288 3114 Duxerunt
302 3052 381 3115 eollo
397 3054 448 3128 qui
463 3054 534 3128 iuga
547 3063 654 3116 nostra
668 3072 736 3117 suo.

79 3136 121 3198 Ut
136 3136 297 3211 quondam
310 3137 452 3212 iuvenes,
474 3138 516 3200 ita
530 3154 626 3213 nunc,
648 3155 718 3200 mee
732 3139 836 3214 turba,
859 3139 979 3216 puellae

124 3219 301 3282 Inscribant
314 3221 423 3297 spoliis
438 3221 533 3282 ‘Naso
548 3223 694 3298 magister
706 3227 793 3284 erat’
