2467 4042
459 222 497 276 vt
507 260 517 290 ‚
535 227 692 278 dod-6²4.
776 241 924 279 rumonus
1016 222 1077 289 123

151 385 249 448 Nocte
273 397 360 449 sonat
381 387 525 469 lllrodope
547 387 704 451 tinnitibus
726 390 804 451 aeris
827 390 925 451 acutis

78 486 137 536 000
151 474 249 537 Nocte
272 494 327 538 sua
349 485 398 538 est
419 494 538 557 egressa
560 476 648 538 domo
670 479 772 557 regim
784 523 794 559 ,
817 477 924 557 deique

152 562 274 625 llitibus
297 566 481 648 instruitur,
503 564 678 645 furialiaque
701 568 808 645 aeoipit
830 583 929 628 arma:

153 651 221 713 Vite
244 661 335 733 eaput
357 655 492 735 tegitur,
514 653 600 716 lateri
623 655 741 715 cervina
763 656 886 715 sinistro
906 728 909 734 ³

152 739 271 802 Vellera
293 741 484 822 dependent,
508 758 611 804 umero
634 741 708 803 levis
729 742 851 803 incubat
871 741 972 803 hasta.

154 827 279 890 Concita
301 847 357 909 per
380 830 467 891 silvas
490 828 577 891 turba
600 833 760 892 eomitante
783 848 906 892 suarum

84 929 138 978 000
154 916 314 979 Terribilis
335 917 454 998 Progne
477 918 624 998 furiisque
647 920 754 998 agitata
776 917 905 1000 doloris,

153 1005 294 1087 Bocche,
315 1014 383 1068 tuas
405 1006 545 1068 simulat.
573 1008 654 1068 venit
677 1006 712 1068 ad
727 1005 841 1068 stabtda
860 1009 923 1068 avia
940 1005 1077 1089 tandem,

152 1092 376 1176 Exululatque,
399 1095 556 1174 euhoeque
578 1103 686 1177 sonat,
707 1101 869 1175 portasque
892 1095 1030 1175 refringit

154 1181 392 1263 Germanamque
414 1186 492 1264 rapit
504 1231 513 1266 ,
536 1191 697 1263 raptaeque
719 1186 844 1263 insignia
867 1183 976 1244 Bacchi

154 1269 279 1353 lnduit,
300 1279 332 1332 et
354 1271 454 1334 vultus
475 1270 654 1333 hederarum
676 1271 832 1334 frondibus
855 1271 953 1353 abdit,

84 1371 138 1421 000
153 1360 376 1439 Attonitamque
400 1360 521 1422 trahens
543 1362 623 1422 intra
645 1378 699 1422 sua
720 1361 837 1421 moenia
860 1359 959 1423 duoit.

156 1446 195 1508 Ut
218 1449 313 1510 sensit
334 1451 468 1527 tetigisse
490 1448 610 1510 domum
632 1448 794 1510 Philomela
816 1447 990 1530 nefandum,

154 1535 281 1598 Horruit
302 1536 405 1598 infelix
426 1545 550 1616 totoque
574 1536 715 1616 expalluit
737 1555 807 1599 ore.

156 1624 249 1687 Noeta
269 1623 368 1686 loeum
391 1624 508 1705 Progne
531 1643 686 1688 sacrorum
707 1627 831 1706 pignera
854 1625 963 1706 demit,

155 1711 276 1793 Oraque
299 1712 414 1775 develat
435 1715 561 1776 miserae
584 1713 757 1794 pudibunde
780 1717 910 1796 sororis,

84 1814 139 1863 000
156 1801 361 1881 Amplexuque
383 1804 479 1882 petit.
507 1802 644 1864 sednon
666 1802 801 1864 attollere
824 1809 927 1865 000100

156 1890 293 1952 Sustinet
314 1889 387 1953 haee
410 1890 534 1973 oeulos,
556 1891 661 1971 paelex
683 1890 741 1952 sibi
762 1893 824 1953 visa
846 1892 977 1952 sororis:

154 1978 336 2058 Deieetoque
358 1981 390 2040 in
412 1979 536 2041 humum
559 1979 643 2042 vultu
665 1981 765 2042 iurare
787 1978 898 2042 volenti

154 2066 332 2146 Testosique
355 2067 449 2150 deos,
471 2086 526 2147 per
548 2070 608 2129 vim
631 2067 689 2129 sibi
711 2067 841 2130 dedecus
863 2067 936 2130 illud

157 2155 274 2217 lllatum
286 2203 296 2237 ,
318 2174 373 2235 pro
397 2173 469 2217 vore
492 2173 597 2218 menos
620 2157 697 2218 fuit.
725 2156 833 2237 ardet,
855 2164 885 2219 et
906 2158 982 2216 iram

85 2244 223 2306 01οΝοο
246 2246 325 2323 capit
345 2246 410 2324 ipsa
433 2262 516 2306 suam
539 2245 680 2325 Progne,
701 2244 864 2324 fletumque
887 2246 999 2305 sororis

156 2333 329 2412 Corripiens
352 2327 424 2393 ‘non
448 2341 494 2393 est
515 2333 645 2395 lacrimis
667 2328 736 2394 hoo'
759 2333 857 2412 inquit
879 2326 1053 2412 ’0000010οῃ

156 2420 216 2482 Sed
239 2420 342 2502 ferro,
364 2421 417 2482 sed
440 2421 537 2500 siquid
559 2421 652 2483 habes
664 2468 674 2502 ,
696 2421 776 2501 quod
798 2422 917 2482 vincere
939 2420 1053 2481 ferrum

155 2509 278 2570 Possit.
304 2510 337 2570 ln
359 2527 447 2570 omne
469 2510 554 2571 nefas
576 2529 631 2590 ego
654 2527 725 2592 me,
748 2525 887 2589 germana
898 2555 909 2590 ,
930 2509 1047 2588 paravi.

154 2599 215 2659 Aut
237 2615 293 2676 ego
305 2645 315 2677 ,
338 2614 407 2658 oum
430 2596 543 2659 fatibus
565 2598 675 2678 regalia
697 2605 776 2659 tecta
798 2614 951 2677 cremare,

87 2699 139 2748 000
155 2685 308 2748 Artificem
330 2685 436 2747 mediis
457 2687 604 2749 inmittam
627 2686 722 2749 'l'erea
743 2685 886 2767 flammis,

153 2777 215 2835 Aut
236 2774 368 2853 linguam
389 2783 442 2836 aut
463 2774 566 2836 oeulos
585 2784 616 2836 et
630 2792 705 2855 quae
719 2773 775 2835 tihi
788 2774 921 2836 membra
933 2773 1079 2854 pudorem

154 2861 373 2943 Abstulerunt,
395 2862 475 2924 ferro
498 2865 633 2945 rapiam,
656 2871 708 2925 aut
728 2879 784 2943 per
805 2862 928 2923 vulnera
949 2861 1029 2924 mille

155 2949 280 3013 Sontem
303 2952 430 3012 animam
452 2951 618 3032 expellam.
647 2969 786 3030 magnum
809 2951 1017 3030 quodcumque

961 3057 1079 3119 param:

154 3127 235 3200 Quid
257 3130 319 3211 sit,
341 3128 438 3190 adhue
460 3127 564 3191 dubito
579 3123 599 3190 .’
626 3131 742 3209 peragit
764 3128 835 3190 dum
853 3128 921 3190 talia
943 3126 1078 3209 Progne,

86 3217 200 3279 000011
223 3226 349 3279 matrem
371 3216 508 3279 veniebat
530 3216 612 3296 llys.
641 3217 713 3296 quid
730 3220 848 3297 possit,
870 3216 908 3277 ab
929 3216 980 3277 illo

153 3305 312 3366 Admonitu
335 3313 402 3367 est.
429 3305 584 3385 oetdisque
606 3314 695 3368 tuens
717 3304 872 3367 inmitibus
895 3300 945 3384 ‘a,
969 3321 1056 3385 00000

153 3393 195 3454 Εο
218 3393 324 3454 similis
345 3389 452 3473 patril’
475 3394 571 3455 dixit.
598 3412 655 3456 nee
675 3393 762 3474 plura
783 3393 883 3455 locuta

77 3502 81 3509 ’
154 3482 254 3543 Triste
277 3490 364 3561 parat
384 3483 500 3543 facinus
523 3483 671 3562 tacitaque
695 3489 848 3543 exaestuat
869 3484 930 3543 ira.

154 3569 194 3632 [lt
216 3580 316 3633 000000
338 3573 464 3632 accessit
486 3578 595 3645 natus,
614 3572 762 3651 matrique
784 3569 910 3634 salutem
