2467 4042
926 4 1033 90 js

986 238 1064 297 XXV

53 413 110 472 166
133 403 218 492 (curn
231 402 299 492 Iri)
325 411 388 470 763
413 410 476 470 606
501 410 564 468 807
589 409 654 467 623
681 407 1065 484 perceperamus

131 579 329 650 1116116
360 606 389 648 6.
412 582 454 646 81
486 586 519 645 16
549 584 582 644 Μ
612 584 758 645 omissum
789 582 897 661 abieci,
929 584 1066 660 66666616

50 676 124 753 apud
150 676 352 736 Priscianum
382 675 585 750 166161
617 673 706 733 libris
737 674 859 748 praeter
889 670 1067 733 Leidensem

49 764 188 826 traditum
223 763 384 841 omnibus,
416 761 548 822 absurda
575 760 696 838 quidem
723 762 881 837 scripture,
913 778 990 836 quae
1019 763 1068 820 est

50 852 134 912 etiam
154 854 190 911 in
212 852 242 911 E
266 852 385 913 nostra
429 868 526 927 neque
549 849 787 910 6611616666166
814 848 979 909 auctoritas
1002 849 1069 909 sola

52 958 113 1002 aum
129 941 272 1018 damnat,
300 957 399 1017 neque
416 938 565 999 Prisciani
581 937 728 1014 tuebitur,
751 937 835 996 cuius
853 936 912 997 lcci
929 936 1067 1015 pristina,

53 1047 120 1106 quae
151 1030 185 1088 in
215 1030 244 1088 L
276 1029 431 1105 servatur,
457 1026 557 1087 forma
583 1044 673 1103 quem
700 1025 862 1086 admodum
887 1025 1023 1086 sublecta
1050 1043 1069 1085 e

51 1118 180 1194 margine
204 1115 315 1178 Ovidii
341 1134 433 1177 66666
458 1114 577 1176 turbari
604 1113 749 1191 coeperit,
777 1114 805 1172 D
833 1116 1069 1174 commonstrare

52 1205 171 1265 videtur.
216 1207 309 1265 extat
335 1203 471 1265 eiusdem
501 1202 584 1263 medi
610 1201 765 1262 adnotatio
791 1202 824 1261 in
851 1202 988 1279 margine
1014 1200 1069 1260 LK

50 1312 76 1369 p.
94 1294 166 1371 138,
186 1295 218 1354 6.
265 1292 371 1354 Ovidii
391 1292 487 1353 libros
510 1308 606 1367 aeque
628 1309 718 1367 quam
735 1289 884 1350 Prisciani
905 1290 1065 1367 pervulga

52 1384 95 1442 loa
116 1381 154 1442 ab
176 1382 277 1442 huius
298 1379 466 1441 lectoribus
489 1382 543 1439 aut
566 1379 674 1440 acribia
698 1396 801 1456 saepe,
828 1395 884 1438 nec
905 1379 1001 1438 666116
1023 1379 1069 1438 iu·

52 1467 130 1548 dicio,
152 1470 317 1531 adhibitos
339 1470 424 1546 ipsae
447 1468 614 1544 scripturae
637 1467 757 1544 docent,
779 1466 866 1527 velut
887 1483 956 1526 cum
977 1467 1070 1543 paulo

22 1635 26 1640 p
54 1556 171 1619 interius
187 1579 220 1635 p.
237 1560 317 1635 156,
338 1558 379 1617 18
402 1558 435 1616 in
453 1556 625 1633 archetypis
642 1552 794 1632 RDAHK,
811 1572 872 1615 non
886 1553 948 1631 GL,
967 1555 1072 1631 glossa

54 1645 256 1707 interlinearis
286 1645 421 1706 codicum
451 1647 574 1720 recepta
606 1646 662 1704 661
708 1642 815 1719 666161
840 1643 890 1703 661
917 1645 1071 1703 constaret

55 1731 241 1795 Priscianum
265 1735 368 1811 ipsum
390 1733 478 1794 libris
493 1731 594 1795 061111
615 1750 678 1792 666
699 1730 833 1809 egregiis
855 1749 945 1792 usum
966 1730 1070 1809 161666,

57 1821 125 1882 mhil
155 1823 335 1884 efficeretur
370 1822 448 1883 nisi·
465 1822 534 1899 hcc,
570 1823 607 1881 61
641 1820 883 1896 interpolationis
920 1819 1070 1897 quoddam

59 1927 157 1990 genna,
186 1911 275 1989 quod
301 1909 464 1972 secund-um
486 1910 622 1987 appello,
646 1908 765 1969 saeculo
789 1909 893 1996 661616
917 1908 1070 1985 antiquius

59 1997 225 2060 haberetur.
275 2016 310 2060 ac
336 1999 469 2076 primum
496 1998 576 2075 quod
603 1997 682 2074 dico,
710 1999 816 2073 estque
843 1997 981 2057 doctrina
1006 1996 1070 2057 fere

60 2086 163 2166 eadem,
181 2107 247 2166 qua
272 2087 393 2164 spuriae
410 2086 558 2146 Heroides
576 2086 705 2163 insigne,
727 2085 823 2144 multo
843 2087 890 2145 est
907 2084 1071 2162 vetustius3

0 2240 1 2245 ,
62 2176 216 2236 amandum
246 2176 333 2236 66166
360 2175 428 2235 6661
454 2174 507 2254 611,
538 2174 629 2251 plane
655 2173 730 2232 mihi
757 2172 895 2233 dubium:
925 2190 984 2250 quo
1010 2190 1071 2233 non

62 2260 265 2342 laevigantur,
292 2266 488 2340 exornantur,
516 2280 593 2339 quae
614 2262 665 2323 661
690 2262 801 2323 vitium
826 2263 995 2338 traxerant,
1021 2261 1071 2322 661

64 2350 148 2429 aliqui
177 2352 385 2430 displicebant
416 2351 576 2413 eruditulia
608 2350 721 2411 6666611
752 2362 790 2409 lx
822 2350 876 2410 661
902 2362 940 2427 x,
971 2351 1008 2408 61
1034 2348 1071 2409 de

63 2440 145 2500 tertio
170 2441 346 2502 indicabam
372 2452 465 2517 pvl,
499 2439 553 2500 sed
578 2438 804 2500 vetustissimae
830 2438 964 2516 tanturn,
994 2455 1071 2514 quae

66 2526 374 2607 6166666116166166,
395 2529 520 2588 lacunae
538 2527 617 2587 mira
638 2528 816 2604 plerumque
838 2525 979 2586 barbarie
1002 2544 1071 2600 sup·

66 2614 185 2696 plentur,
208 2636 355 2680 versuum
377 2617 545 2693 particulae
567 2617 623 2675 aut
644 2614 835 2676 hemistichia
858 2615 985 2690 specta
997 2612 1071 2672 Ver-

67 2702 169 2778 giliano
188 2707 327 2782 exemplo
346 2705 461 2765 relicta.
498 2704 669 2780 suspicatus
687 2703 725 2763 de
742 2704 791 2763 hia
809 2703 911 2762 fuerat
927 2702 1071 2762 Heinsius

68 2789 102 2848 61
123 2795 270 2856 11111333
298 2796 329 2854 61
355 2794 517 2870 coeperant
542 2791 671 2852 indicari
692 2791 724 2852 in
752 2791 919 2868 praeciosi.
963 2791 1072 2866 imper·

68 2876 152 2941 166166
172 2900 284 2944 666666
305 2882 446 2959 6166666,
469 2883 557 2958 puto,
585 2880 766 2940 dixeramus.
811 2878 864 2940 sed
885 2896 982 2954 nuper
1004 2895 1073 2937 cum

1 2999 2 3006 .
72 2962 313 3031 166666166666
336 2968 476 3031 0661666.
499 2981 562 3029 XVI
585 2971 661 3030 extr.
684 2969 864 3046 relegerem,
891 2967 974 3028 61666
997 2966 1072 3025 mihi

71 3069 129 3116 6616
153 3058 338 3136 deprendere
365 3058 444 3118 alius
470 3056 552 3118 modi
578 3057 794 3117 testimonium.
839 3055 980 3115 sidentur
1011 3054 1072 3113 iam

71 3142 129 3202 1111
151 3146 259 3226 161666,
287 3147 340 3224 661
365 3145 438 3207 1616
465 3163 557 3223 opera
582 3162 638 3204 nec
664 3145 729 3205 sine
752 3143 879 3204 artificio
901 3142 1073 3218 Vergilium

71 3228 125 3290 116
143 3237 280 3311 posuisse
304 3235 486 3296 statuerent:
510 3232 619 3310 quibus
643 3249 711 3292 curn
726 3232 791 3293 illic
809 3233 913 3307 aperte
932 3229 1073 3291 Ovidium

74 3323 222 3386 accessisse
249 3326 400 3401 narretur,
426 3323 477 3384 six
498 3322 595 3381 ullum
617 3339 723 3381 eorum
745 3322 892 3396 locorum,
915 3337 990 3396 quos
1013 3319 1072 3395 pri·

75 3404 187 3472 16666
210 3430 321 3489 genere
343 3412 522 3487 habueram,
549 3410 641 3486 longe
663 3410 778 3469 distare
800 3408 840 3468 ab
863 3407 998 3483 exemplo
1020 3406 1073 3465 illo

73 3509 106 3552 61
123 3497 240 3560 Atacini
261 3517 353 3562 versu
379 3499 476 3577 petito
498 3497 626 3575 reperio.
666 3499 741 3574 puto
770 3497 828 3556 hoc
849 3513 969 3574 queque
997 3493 1074 3553 nihil

76 3582 202 3648 relictum
223 3607 243 3650 a
264 3590 364 3670 poeta,
386 3605 477 3665 quam
499 3586 691 3647 dimidiatum
713 3605 741 3647 6.
756 3586 813 3665 86,
836 3584 965 3645 alterum
989 3581 1073 3641 dimi·
