2467 4042
209 262 335 323 XVillI.
359 261 449 355 {XX}
473 260 666 324 nconrtl
686 260 863 325 59-134.
992 261 1051 327 155

104 417 214 479 Arrun
228 423 261 478 et
274 416 366 491 vidit,
386 431 457 477 curn
472 425 504 478 tu
519 415 651 491 decepta
666 415 809 488 rubebas,

148 501 186 562 Et
199 516 313 562 vocem
327 499 456 561 memori
469 499 607 561 condidit
620 516 696 561 oure
710 508 804 561 tuam.

104 583 217 647 Omina
231 601 268 646 re
280 591 421 645 eoreontt
444 583 518 644 nihil
531 590 580 643 est
594 583 757 646 uiolentius
774 583 835 658 iiie,

44 681 93 733 teo
149 670 225 732 clun
240 685 315 743 suo,
335 669 420 745 quod
437 667 546 740 nolim,
572 668 698 728 numine
711 669 797 729 laesa
812 667 905 729 videt.

103 754 207 817 Testis
220 752 281 816 erit
295 751 465 829 calydonis
482 766 566 827 oper.
589 767 661 813 nem
673 753 802 826 scimus,
825 757 859 812 ut
872 751 924 813 ilio

151 837 198 900 Sit
210 837 312 914 magis
327 837 357 897 in
373 843 477 898 netum
491 851 590 897 saevo
601 843 723 912 repertu
742 851 865 912 parens.

104 923 206 986 Testis
221 930 253 983 et
267 922 423 994 Actaeon,
447 919 605 995 quondam
621 920 686 980 iere
700 921 835 981 creditus
848 918 918 992 ittie,

150 1009 225 1084 lpse
237 1005 325 1067 dedit
338 1006 400 1066 leto
416 1020 485 1066 eum
501 1003 613 1080 quibus
629 1013 700 1065 unte
714 1005 812 1066 ieraer

47 1101 95 1154 roe
105 1091 254 1168 Quaeque
269 1087 407 1166 superba
421 1104 550 1164 nuens,
572 1103 651 1149 sexo
666 1104 850 1164 percorpus
866 1087 974 1150 oborto

152 1176 240 1237 Nunc
255 1189 383 1251 quoque
395 1172 566 1252 Mygdonio
582 1171 695 1233 debitis
710 1179 790 1234 estut
803 1172 906 1232 humo.

107 1259 145 1321 Ei
157 1258 248 1320 mittit
272 1257 429 1337 Cydippe,
451 1257 543 1317 tirneo
556 1255 610 1316 tibi
629 1257 732 1318 dicere
746 1255 883 1327 verbum,

151 1344 197 1404 Ne
214 1343 323 1411 videar
336 1356 431 1401 oense
448 1341 527 1401 teisn
540 1357 666 1403 monere
681 1356 763 1401 menz

106 1427 282 1489 Dicendum
295 1434 397 1488 tamen
407 1431 464 1486 ert
499 1424 567 1486 iioo
578 1433 640 1500 est,
656 1424 847 1497 mihicrede,
864 1423 949 1499 quod
959 1438 1049 1498 aegro

49 1519 98 1576 lto
148 1511 224 1587 Ipso
239 1509 375 1571 nubendi
390 1517 528 1584 tempore
540 1524 639 1585 suepe
654 1509 755 1571 ineesz

109 1595 249 1658 consulit
263 1594 335 1670 ipso
347 1592 417 1667 tihi,
437 1608 499 1654 neu
514 1593 558 1653 sis
573 1593 698 1668 periura
711 1593 844 1654 laborata

151 1679 190 1742 iit
204 1681 324 1740 salvam
339 1678 427 1738 suive
440 1685 471 1737 te
486 1678 571 1753 cupit
583 1693 657 1738 esee
673 1678 746 1738 dde.

108 1764 184 1826 inde
198 1762 249 1837 iit,
271 1769 320 1838 nt,
343 1760 485 1838 quotiens
503 1760 637 1822 existere
653 1762 773 1838 podda
785 1767 925 1836 temptas,

150 1847 315 1909 Peccatum
332 1847 443 1907 totiens
458 1843 590 1921 oonigot
603 1846 656 1906 itta
670 1854 763 1907 inum.

51 1942 97 1996 115
106 1931 203 1993 Peroe
216 1946 343 1991 movere
357 1931 442 1990 ieros
456 1930 614 1992 animosae
630 1929 756 2006 virginio
771 1944 877 1991 arcusa

152 2015 235 2077 Mitis
250 2014 353 2076 edhue
370 2012 456 2089 deri,
473 2013 500 2074 si
514 2015 646 2090 petiere,
671 2022 780 2089 potest.

110 2101 221 2174 Parce,
242 2113 369 2176 precor,
390 2100 515 2160 wner'os'
528 2112 728 2174 oonumpere
742 2099 880 2161 febribus
895 2107 988 2159 anus.

153 2184 303 2246 Servetur
318 2181 414 2244 iacies
428 2182 489 2243 istu
502 2183 634 2243 fruenda
650 2183 732 2243 mihi.

111 2268 281 2330 Serventur
295 2266 398 2328 vuitue
413 2267 455 2327 ed
470 2273 576 2328 nostro
590 2267 733 2331 incendia
747 2269 820 2341 noti,

56 2364 102 2417 tro
151 2352 273 2429 Quique
286 2351 397 2413 subest
409 2351 501 2412 niveo
516 2350 594 2411 ienis
608 2352 640 2411 in
655 2351 732 2412 orbe
745 2353 849 2414 rubor.

111 2436 273 2512 Hostibus,
297 2441 329 2496 et
344 2436 457 2512 siquis,
478 2450 517 2496 ne
531 2435 590 2496 iios
603 2444 725 2510 nostru,
745 2443 898 2512 repugnat

153 2520 207 2583 Sic
223 2521 276 2596 sit,
298 2525 332 2580 ut
348 2518 484 2581 invalido
497 2526 529 2579 te
542 2521 622 2581 solet
637 2535 710 2580 esse
726 2520 810 2580 mibi.

110 2606 271 2681 Torqueor
284 2621 326 2666 ex
339 2619 442 2681 aequo
457 2605 507 2664 vei
519 2610 550 2664 te
564 2603 713 2679 nubente,
736 2607 785 2664 net
800 2620 901 2678 aegro,
986 2626 990 2631 ·

152 2689 263 2751 Dicere
276 2703 336 2748 nec
351 2704 497 2764 possum,
520 2689 711 2763 quidminus
726 2689 796 2763 ipse
810 2689 911 2749 velim.

59 2783 100 2837 ne
109 2774 251 2835 Maceror
264 2773 431 2847 interdurn,
453 2772 536 2846 quod
550 2772 608 2832 siin
623 2773 677 2834 tibi
691 2786 787 2833 causo
800 2771 934 2843 dolendi,

151 2859 260 2933 Teque
273 2872 343 2929 rnen
357 2855 440 2917 iaedi
456 2856 621 2918 cottiditnte
635 2864 720 2933 puto.

111 2943 210 3020 inque
225 2948 321 3016 ceput
333 2948 469 3001 nostrum
483 2940 628 3001 dominae
642 2940 790 3017 periurio,
811 2954 939 3014 quaeso,

151 3024 313 3087 Eveniunt.
334 3040 436 3100 poena
448 3031 513 3086 tuta
527 3025 566 3085 sit
579 3025 631 3085 iiia
645 3041 724 3085 mea.

110 3111 153 3171 iic
167 3119 271 3173 tumen
287 3109 440 3184 ignorem,
462 3108 537 3185 quid
553 3124 644 3185 agen
666 3110 707 3170 ad
722 3110 825 3170 iimina
839 3108 948 3169 crebro

61 3202 102 3259 tto
152 3193 273 3255 Anxius
288 3193 349 3253 huo
362 3193 435 3254 iiiuc
450 3193 678 3254 dissimuicnter
688 3209 744 3254 eo:
988 3210 990 3215 >

111 3277 297 3355 Subsequor
310 3277 451 3338 encitiarn
468 3278 567 3339 furtim
584 3278 809 3354 somniumque,
828 3277 989 3352 requirens

151 3361 327 3426 Profuerint
339 3362 445 3424 somni
453 3361 531 3438 quid
545 3360 611 3435 tibi,
635 3363 749 3437 quidve
763 3360 833 3421 cibi.

112 3447 161 3508 bie
175 3448 337 3522 misenum,
360 3446 445 3523 qnod
461 3463 523 3507 non
536 3445 726 3507 medicorum
741 3445 828 3506 iussn
842 3446 999 3506 ministro·

151 3532 340 3609 Effingoque
355 3544 464 3592 munus
479 3528 664 3606 ineideoque
678 3537 763 3591 toro!
