2467 4042
214 187 273 251 108
386 206 506 243 emenus
621 186 799 241 METAMM.

296 352 462 414 Proiecisse
485 360 595 432 putes,
618 352 720 414 eadem
744 363 790 413 est
812 355 959 414 sententia
981 351 1081 415 nobis.

298 442 357 502 Cur
380 460 440 501 nnn
461 443 525 520 ipsa
548 437 660 502 venit?
682 458 737 502 cur
758 440 831 502 haec
855 443 1016 502 certamina
1038 435 1138 502 ritati’

296 529 374 589 Tum
396 529 450 589 dea
473 523 598 589 ‘reniti'
622 531 664 591 ait
676 576 686 611 ,
707 529 891 607 formamque
914 532 1041 590 removit
1062 528 1178 609 anilem,

296 616 472 695 Palladaque
495 615 651 679 exhibuit.
678 625 857 678 venerantur
879 620 999 679 numina
1023 616 1153 696 nymphae

248 716 282 764 41
297 704 547 784 Mygdonidesque
571 722 688 767 nurus.
715 704 776 765 sela
799 713 927 766 estnon
950 707 1056 766 territa
1077 707 1167 784 virge,

298 793 357 854 Sed
380 802 479 854 tamen
503 793 644 874 exsiluit,
667 791 842 871 subitusque
865 795 956 854 inrita
978 797 1095 854 nutarit

236 925 240 936 .
297 881 356 947 Ora
378 880 494 962 rubor,
516 899 683 961 rursusque
707 884 847 943 evanuit:
868 889 904 942 ut
925 880 1002 943 solet
1024 887 1077 943 adr

295 969 470 1049 Purpureus
492 970 557 1031 fieri
570 987 671 1051 ,cum
693 972 823 1049 primum
845 986 953 1030 aurora
975 979 1126 1053 moretur,

295 1057 334 1119 Et
356 1057 446 1119 breve
468 1066 538 1137 pest
559 1066 677 1138 tempus
700 1058 877 1119 candescere
900 1056 972 1118 sciis
995 1057 1032 1119 ab
1056 1066 1135 1120 ortu.

248 1157 281 1206 50
296 1146 413 1207 Perstat
435 1147 467 1206 in
489 1147 632 1228 incepto,
654 1144 836 1225 stolidaeque
859 1145 997 1225 cupidine
1020 1145 1130 1226 palmae

296 1235 330 1294 in
353 1253 406 1296 sua
429 1234 489 1295 1111
510 1236 593 1296 ruit.
621 1251 718 1313 neque
741 1236 821 1295 enim
843 1233 910 1294 love
933 1241 1002 1295 nata
1024 1242 1136 1296 recusat

296 1321 358 1382 Nec
380 1330 481 1384 monet
504 1321 631 1383 ulterius
653 1340 710 1383 nec
732 1324 791 1383 iarn
813 1324 975 1383 certamina
998 1322 1110 1384 11111111.

295 1409 379 1471 Haud
403 1428 486 1471 mora
498 1458 507 1492 ‚
531 1412 718 1472 constituunt
735 1410 859 1471 dirersis
881 1409 1015 1489 partibus
1039 1409 1133 1472 ambas

295 1498 334 1559 Et
356 1498 459 1579 gracili
481 1500 613 1577 geminas
635 1498 795 1560 intendunt
818 1500 942 1561 stamine
965 1498 1057 1561 telas.

248 1586 366 1647 151111
388 1589 457 1666 iugc
481 1588 578 1647 vincta
601 1595 670 1668 est,
693 1594 808 1648 stamen
831 1588 961 1648 secernit
983 1586 1114 1648 harundo
1121 1633 1130 1668 ,

295 1676 441 1736 Inseritur
462 1674 594 1736 medium
616 1674 707 1736 radiis
729 1674 886 1737 subtemen
909 1677 1021 1755 acutis,

296 1762 381 1834 Quod
404 1763 488 1843 digiti
510 1761 693 1845 expediunt,
715 1771 804 1842 atque
826 1765 906 1824 inter
928 1766 1053 1825 stamius
1075 1763 1185 1825 ductum

294 1851 440 1912 Percussa
464 1851 576 1913 ierinnt
597 1853 705 1913 insecti
726 1853 844 1931 pectine
867 1852 989 1913 dentes.

295 1938 426 2019 Utraque
449 1940 590 2002 festinant
612 1941 786 2019 cinctaeque
809 1940 846 2001 ad
867 1947 988 2019 pectora
1011 1950 1106 2002 vestes

247 2040 281 2088 eo
296 2027 437 2089 Bracchia
460 2028 546 2089 decta
568 2036 710 2108 movent,
733 2027 831 2090 studio
855 2027 974 2091 11111111
997 2028 1138 2090 laborem.

295 2115 357 2177 illic
379 2125 410 2177 et
431 2114 555 2196 Tyrium
578 2134 654 2195 quae
670 2133 810 2196 ,purpura
832 2116 927 2177 sensit
948 2121 1057 2179 aenum

295 2203 440 2284 Texitur,
463 2211 494 2264 11
516 2213 622 2265 tennes
644 2206 727 2282 parvi
750 2204 929 2265 discriminis
952 2204 1093 2284 umbrae3

295 2291 397 2363 Qualis
419 2291 456 2352 ab
479 2292 574 2353 imbre
598 2291 675 2352 solet
696 2294 847 2372 percussis
870 2290 984 2353 solibus
1007 2311 1093 2355 arcus

294 2380 418 2441 luticere
440 2382 554 2459 ingenti
576 2380 699 2459 longum
722 2382 891 2442 curvamine
914 2380 1049 2443 caelum:

246 2479 279 2528 ee
294 2468 328 2528 ln
351 2485 410 2546 qun
433 2469 543 2530 diversi
565 2471 679 2530 niteant
701 2486 769 2530 uum
792 2467 872 2530 mille
895 2467 1030 2550 colores,

293 2554 449 2618 Transitus
471 2559 536 2636 ipsc
559 2565 659 2618 tamen
682 2559 844 2637 spectantia
867 2556 978 2618 lumina
1001 2558 1091 2619 saliit:

293 2642 394 2723 Usque
416 2644 489 2705 adec
512 2645 592 2724 qued
617 2646 713 2722 tangit
733 2643 813 2705 idem
835 2653 902 2726 sst3
924 2655 1025 2708 tamen
1047 2646 1140 2707 ultima

1085 2734 1195 2795 dietam.
1221 2734 1222 2782 1

294 2821 356 2882 iilic
379 2831 409 2883 et
431 2821 544 2883 lentum
567 2821 624 2882 tilis
646 2823 807 2883 inmittitur
830 2840 952 2905 aurum,

293 2909 331 2971 Et
353 2917 438 2971 retus
461 2913 492 2970 iu
515 2910 573 2971 tela
596 2910 754 2972 deducitur
777 2919 1001 2990 argumentum.

246 3009 279 3059 ⁷0
295 2998 436 3078 Cecropia
457 2997 552 3059 Pallas
575 2997 732 3079 scopulum
753 2998 892 3060 Mavortis
913 3001 946 3061 in
968 3018 1038 3062 arce

293 3086 393 3165 Pingit
414 3093 446 3147 et
467 3088 619 3165 antiquam
643 3085 679 3147 de
702 3095 801 3148 terras
824 3087 943 3149 nomine
966 3088 1066 3150 litem.

293 3174 342 3234 Bis
366 3192 418 3235 sex
441 3174 583 3237 caelestes
605 3175 703 3236 medio
727 3174 795 3236 lore
818 3174 939 3238 sedibus
961 3177 1028 3238 altis

293 3265 424 3341 Angusta
446 3266 587 3341 gravitate
611 3262 737 3324 sedent.
765 3281 818 3325 sua
841 3282 990 3344 quemque
1013 3265 1130 3326 deorum

219 3370 221 3373 ·
293 3350 432 3411 Inscribit
454 3352 566 3414 iacies.
589 3350 666 3412 ieris
689 3359 736 3412 est
757 3350 865 3432 regalis
886 3354 1001 3432 imago.

244 3449 278 3498 75
293 3437 378 3499 Stare
402 3439 490 3499 deum
513 3439 609 3519 pelagi
632 3438 779 3518 longeque
802 3441 1044 3503 11111111111111

292 3524 403 3605 Aspera
426 3544 494 3586 sara
517 3530 587 3589 iacit
599 3574 609 3609 ,
632 3527 788 3617 medioque
811 3546 828 3589 1
851 3529 973 3591 vulnere
997 3531 1058 3590 saxi
