2467 4042
246 277 299 336 vl.
321 274 585 337 HYPSIPYLE
607 274 785 338 65-140.
1023 278 1062 345 91

116 431 200 493 ‘Non
214 431 294 492 haec
307 428 502 504 Aesonides,
524 429 583 489 sed
596 428 726 490 Phasias
739 429 869 491 Aeetine

161 518 268 577 Aurea
280 513 431 574 Phrixeae
446 520 532 589 terga
546 514 667 574 revellit
681 514 772 574 ovis!

49 610 101 664 loe
111 600 182 660 Non
200 598 313 676 probat
326 597 487 658 Alcimede
500 604 597 660 mater
609 604 698 673 tua,..
720 600 847 660 consule
861 606 1008 661 matrem..

159 685 230 744 Non
244 689 348 761 pater,
372 683 507 758 egelido
523 682 572 742 oui
586 684 671 744 venit
686 696 745 743 axe
759 700 865 745 nurus.

113 770 173 828 itta
187 768 248 828 sibi
261 766 357 828 Tanai
371 765 581 846 Scythiaeque
595 766 763 842 paludibus
777 770 859 829 udae

160 853 294 927 Quaerat
308 857 339 911 et
352 867 371 910 a
385 851 486 927 patria
497 850 641 913 Phasidis
657 866 758 927 usque
773 852 881 913 virum

113 936 241 997 Mobilis
257 935 433 1009 Aesonide,
456 951 615 1011 vernaque
630 936 776 996 incertior
788 950 872 1011 aura,

50 1032 103 1086 110
157 1021 219 1082 Cur
233 1027 287 1081 tua
303 1018 430 1096 polliciti
445 1020 584 1095 pondere
598 1021 696 1081 verba
711 1027 837 1081 carentt
874 1046 877 1051 >

114 1106 172 1165 Vir
186 1120 276 1165 meus
290 1103 362 1164 hine
377 1103 468 1164 ieras.
490 1104 538 1163 vir
552 1119 614 1165 non
630 1120 718 1165 meus
734 1104 807 1166 inde
821 1105 937 1166 redisti.

159 1189 226 1250 Sim
240 1188 364 1250 reducis
380 1188 529 1264 coniunx,
552 1188 632 1250 sicut
648 1188 749 1250 euntis
764 1196 863 1250 eram!

114 1273 150 1336 Si
164 1281 195 1334 te
211 1273 356 1334 nobilitas
370 1288 584 1348 generosaque
598 1274 723 1335 uomina
738 1280 873 1349 tangunt,

157 1358 204 1417 En
221 1373 280 1433 ego
293 1357 399 1417 Minoo
414 1364 485 1417 nata
498 1357 635 1419 Thoante
650 1357 741 1419 seror.

52 1452 101 1506 115
111 1441 257 1504 Bacchus
274 1457 367 1501 avesa
388 1440 503 1502 Bacchi
518 1442 653 1503 coniunx
665 1440 806 1502 redimita
821 1455 937 1503 corona

157 1526 336 1586 Praeradiat
349 1525 447 1587 stellis
462 1525 551 1601 sigua
566 1525 686 1588 minora
699 1527 774 1587 suis.

113 1612 179 1673 Dos
194 1609 249 1671 tibi
264 1610 398 1670 Lemnos
413 1609 484 1681 erit,
507 1615 589 1670 terra
603 1610 766 1686 ingeniosa
782 1610 903 1671 colenti.

155 1695 207 1755 Me
223 1709 349 1770 quoque
363 1710 415 1754 res
429 1694 498 1755 talis
513 1694 593 1755 inter
605 1694 721 1754 habere
736 1700 837 1770 potes.

113 1779 201 1840 Nunc
216 1779 308 1838 etiam
325 1777 442 1854 peperi.
464 1785 586 1853 gratare
601 1778 768 1854 ambobus,
789 1779 890 1838 lason.

56 1872 102 1926 110
153 1863 253 1924 Dulce
269 1861 341 1922 mihi
355 1862 503 1938 gravidae
517 1862 632 1923 iecerat
646 1869 754 1924 auctor
769 1877 858 1922 onus.

111 1948 198 2008 Felix
212 1948 244 2006 in
259 1962 386 2007 numero
402 1961 527 2021 quoque
541 1962 620 2007 sum.
644 1948 825 2024 prolemque
838 1947 1009 2024 gemellam,

152 2031 287 2107 Pignora
302 2029 418 2090 Lucina
432 2029 502 2090 bina
517 2031 640 2091 favente
655 2031 737 2091 dedi.

113 2116 145 2177 Si
160 2114 304 2191 quaeris,
327 2114 377 2175 cui
391 2114 452 2174 sint
468 2114 606 2176 similest
629 2115 828 2191 cognosceris
843 2115 913 2176 illis.

153 2200 276 2260 Fallere
289 2213 352 2259 non
365 2205 486 2259 norunt.
509 2207 612 2261 cetera
627 2201 722 2276 patris
736 2199 860 2260 habent.

56 2294 100 2346 110
111 2284 245 2360 Legatos
260 2299 342 2359 quos
358 2297 458 2359 paene
473 2283 545 2344 dedi
561 2300 617 2360 pro
633 2289 729 2345 matre
743 2283 899 2344 terendos.

153 2368 218 2429 Sed
233 2367 330 2429 tenuit
345 2374 473 2443 coeptas
490 2383 587 2428 saeva
600 2383 737 2429 noverca
751 2368 830 2429 vias.

111 2453 254 2513 Medeam
266 2451 362 2512 timui.
386 2453 457 2527 plus
472 2458 520 2513 est
531 2452 643 2513 Medea
656 2468 802 2514 noverca.

152 2536 284 2597 Medeae
299 2536 414 2597 iaciunt
430 2536 470 2596 ad
485 2537 588 2597 scelus
604 2552 695 2597 omne
709 2552 830 2598 manus.

111 2620 267 2697 Spargere
283 2636 362 2696 quae
379 2620 464 2680 latris
479 2618 577 2696 potuit
592 2622 726 2682 lacerata
739 2636 797 2696 per
811 2636 902 2696 agros

57 2714 101 2769 lto
153 2705 306 2781 Corpora,
327 2703 508 2781 pignoribus
522 2710 665 2781 parceret
677 2705 730 2765 illa
744 2704 842 2766 meist

110 2789 196 2850 Hanc
212 2797 327 2863 tamen,
352 2804 372 2849 o
386 2789 528 2862 demens,
552 2788 739 2864 Colchisque
753 2789 854 2850 ablate
869 2789 1007 2865 venenis,

150 2873 272 2933 Diceris
286 2872 481 2952 Hypsipyles
496 2874 720 2949 praeposuisse
732 2880 817 2936 torol

108 2956 250 3033 Turpiter
262 2957 314 3017 illu
330 2957 429 3018 virum
443 2956 590 3033 cognovit
604 2958 743 3019 adultera
756 2958 853 3034 virgo.

150 3041 201 3101 Me
214 3042 284 3116 tibi,
305 3047 400 3118 teque
414 3040 487 3101 mihi
499 3042 592 3102 taeda
606 3042 720 3118 pudica
734 3040 827 3103 dedit.

56 3133 97 3189 leo
106 3125 243 3185 Prodidit
256 3126 309 3185 illa
323 3132 450 3202 patrem.
472 3127 562 3202 rapui
576 3126 615 3186 de
631 3126 720 3187 clade
734 3126 879 3187 Thoanta.

149 3210 293 3271 Deseruit
307 3210 449 3271 colchos.
471 3226 521 3270 me
535 3225 604 3270 mea
617 3211 751 3272 Lemnos
767 3209 867 3271 habet.

109 3293 186 3370 Quid
199 3295 307 3370 refert,
329 3296 480 3356 scelerata
494 3295 577 3370 piam
592 3295 619 3355 si
635 3294 751 3370 vincet,
774 3298 805 3356 et
817 3295 887 3372 ipso

150 3378 281 3439 crimine
296 3378 402 3440 dotata
416 3386 465 3440 est
478 3380 668 3454 emeruitque
681 3379 802 3441 virumt

108 3463 305 3524 Lemniadum
319 3463 440 3524 lacinus
454 3465 560 3540 errlpo,
582 3479 645 3525 non
660 3464 768 3539 miror,
790 3465 891 3525 lason.

56 3557 98 3609 lto
147 3547 320 3622 Quamlibet
333 3548 419 3609 iratis
433 3549 502 3627 ipse
517 3547 570 3609 dat
584 3564 669 3608 arma
684 3548 783 3609 dolor.
