2467 4042
306 252 433 317 328
604 271 700 306 mv
718 293 733 307 .
770 271 947 307 mnus
1132 251 1461 307 METAMM
1477 295 1494 310 .

479 418 621 479 Fata
665 419 754 479 tui
796 420 1035 497 generis
1061 464 1076 479 .
1132 417 1251 498 legi
1293 420 1422 497 ipse
1467 421 1781 499 animoque
1819 426 2015 482 notavi

347 518 451 568 815
479 506 556 568 Et
598 507 851 568 reseram
878 554 897 588 ,
942 523 1017 567 ne
1063 507 1146 567 sis
1192 508 1516 569 etiamnum
1560 510 1765 587 ignara
1808 509 2025 571 futuri.

479 593 589 656 Hic
634 613 740 656 sua
786 594 1100 674 complevit
1123 642 1144 677 ‚
1185 613 1298 675 pro
1343 613 1462 674 quo
1487 644 1508 678 ‚
1553 595 1841 677 Cytherea
1866 647 1887 681 ‚
1930 598 2194 681 lahoraS,

478 681 771 763 Tempora
813 683 1098 764 perfectis
1143 701 1294 763 quos
1338 692 1533 745 terrae
1580 684 1786 747 debuit
1830 688 1999 748 annis
2018 733 2032 747 .

477 770 557 833 Ut
600 772 749 832 deus
794 771 1035 832 accedat
1077 771 1241 833 caelo
1287 771 1642 853 templisque
1687 772 1920 836 locetur
1936 823 1955 856 ,

477 857 570 921 Tu
613 860 794 921 facies
838 867 1132 940 natusque
1178 878 1369 942 suus3
1413 863 1520 941 qui
1564 864 1819 923 nominis
1863 861 2039 924 heres

345 959 450 1010 820
477 947 828 1029 Impositum
870 948 1025 1009 feret
1066 965 1226 1009 unus
1272 965 1425 1010 onus
1449 996 1470 1031 ‚
1515 950 1833 1031 caedisque
1876 954 2140 1031 parentis

474 1036 598 1097 Nos
641 1039 706 1097 in
751 1035 904 1097 bella
950 1053 1090 1097 suos
1136 1037 1499 1098 fortissimus
1546 1038 1704 1100 ultor
1748 1038 1988 1102 habebit
2006 1087 2021 1102 .

477 1124 642 1186 [llius
688 1125 967 1203 auspiciis
1013 1124 1291 1186 obsessae
1336 1128 1571 1188 moenia
1614 1146 1822 1208 pacem

476 1212 644 1275 Victa
686 1220 895 1293 petent
936 1212 1243 1295 Mutinae3
1286 1213 1588 1277 Pharsalia
1632 1218 1850 1278 sentiet
1893 1215 2058 1278 illum
2073 1265 2094 1298 ,

474 1301 861 1388 Emathiaque
907 1302 1128 1363 iterum
1172 1302 1489 1365 madefient
1534 1304 1714 1366 caede
1759 1303 2050 1387 Philippi,

343 1401 447 1452 825
474 1389 553 1452 Et
596 1407 875 1470 magnum
921 1388 1138 1452 Siculis
1181 1409 1404 1453 nomen
1447 1392 1828 1473 superabitur
1873 1393 2081 1455 undist

474 1479 843 1558 Romanique
889 1478 1059 1540 ducis
1105 1482 1366 1542 coniunx
1409 1481 1694 1562 Aegyptia
1736 1482 1940 1544 taedae

473 1567 607 1629 Non
652 1566 806 1628 bene
851 1567 958 1628 fisa
1004 1566 1220 1650 cadet3
1265 1569 1608 1649 frustraque
1655 1571 1776 1632 erit
1815 1569 1914 1631 illa
1955 1571 2209 1652 minata,

476 1655 782 1718 Servitura
827 1674 936 1718 suo
983 1655 1269 1737 Capitolia
1314 1666 1519 1719 nostra
1565 1657 1802 1740 Canopo
1821 1705 1837 1719 .

475 1743 632 1817 Quid
675 1743 785 1806 tibl
827 1743 1160 1806 barbariam
1184 1793 1205 1828 ‚
1249 1753 1458 1825 gentes
1504 1745 1579 1807 ab
1623 1754 1878 1826 utroque
1921 1747 2181 1807 iacentes

343 1845 449 1896 830
476 1831 713 1895 Oceano
758 1850 1069 1895 numerem
1095 1829 1131 1896 ?
1177 1833 1594 1914 quodcumque
1640 1833 1952 1897 habitabile
1997 1833 2174 1895 tellus

478 1921 747 1984 Sustinet
771 1969 790 2005 ‚
834 1922 1015 1984 huius
1061 1923 1220 1984 erit:
1264 1929 1487 2002 pontus
1533 1941 1771 2003 quoque
1818 1924 2034 1984 serviet
2069 1921 2154 1983 illi
2169 1972 2185 1983 .

473 2010 626 2073 Pace
673 2010 808 2073 data
850 2013 1032 2072 terris
1077 2012 1341 2073 animum
1385 2010 1458 2072 ad
1504 2011 1694 2073 civilia
1739 2020 1929 2072 vertet

474 2099 611 2161 lura
657 2117 832 2161 suum
855 2147 876 2182 ‚
919 2099 1201 2180 legesque
1247 2100 1403 2161 feret
1445 2101 1807 2161 iustissimus
1852 2108 2093 2161 auctore

472 2187 876 2268 Exemploque
923 2206 1034 2249 sno
1078 2206 1278 2249 mores
1323 2195 1492 2268 reget
1516 2235 1536 2270 ,
1581 2191 1764 2267 inque
1809 2188 1997 2250 futuri

343 2287 447 2340 885
475 2276 787 2356 Temporis
833 2283 1086 2338 aetatem
1130 2282 1639 2356 venturorumque
1685 2283 1971 2356 nepotum

472 2365 852 2445 Prospiciens
895 2364 1127 2446 prolem
1172 2372 1376 2426 sancta
1421 2364 1495 2426 de
1540 2366 1791 2444 coniuge
1837 2372 2033 2425 natam

474 2453 657 2515 Ferre
695 2453 872 2515 simul
915 2471 1252 2532 nomenque
1299 2471 1474 2515 suum
1520 2470 1813 2532 curasque
1856 2450 2121 2533 iubebit,

473 2541 597 2603 Nec
643 2544 760 2604 nisi
805 2560 943 2603 cum
988 2544 1188 2604 senior
1233 2541 1455 2602 similes
1501 2542 1840 2621 aequaverit
1883 2557 2102 2622 annos,

476 2629 780 2692 Aetherias
828 2629 1002 2691 sedes
1047 2635 1413 2710 cognataque
1460 2630 1656 2691 sidera
1701 2636 1904 2709 tanget
1922 2676 1937 2690 .

344 2734 445 2778 134⁴]
481 2718 641 2778 {lane
689 2720 939 2779 animam
981 2721 1211 2780 interea
1257 2735 1429 2780 caeso
1476 2718 1550 2779 de
1596 2735 1848 2799 corpore
1891 2724 2120 2797 raptam

477 2810 589 2866 Fae
637 2806 806 2867 iubar
832 2854 851 2888 ,
894 2813 965 2868 ut
1008 2823 1247 2886 semper
1291 2805 1575 2886 Capitolia
1619 2813 1824 2868 nostra
1867 2805 2183 2886 forumque

481 2898 657 2958 Divus.
701 2894 773 2958 ab
820 2894 1050 2957 excelsa
1094 2901 1439 2975 prospectet
1481 2893 1667 2956 lulius
1713 2894 1857 2956 aede
1876 2888 1917 2955 .’

565 2986 665 3042 Ἧι
717 3002 784 3047 ea
828 2984 984 3047 fatus
1030 2991 1159 3045 erat
1183 3032 1202 3066 ,
1247 2983 1441 3045 media
1485 3001 1622 3045 cum
1666 2981 1809 3044 sede
1854 2991 2095 3044 senatus

477 3074 754 3135 {lemtim
798 3072 948 3135 alma
990 3070 1188 3134 Venus
1213 3120 1234 3154 ‚
1279 3071 1427 3134 nulli
1471 3070 1767 3133 cernenda
1791 3118 1811 3153 ,
1856 3072 2067 3150 suique

344 3174 445 3222 545
477 3166 745 3222 *Tassat-is
791 3163 1012 3242 eripuit
1055 3159 1341 3222 membris
1385 3177 1498 3222 nec
1541 3162 1606 3221 in
1643 3164 1778 3221 aera
1826 3158 1973 3220 solvi

477 3254 653 3310 Passa
701 3257 1002 3313 recentem
1048 3250 1302 3312 animam
1347 3248 1702 3310 caelestibus
1747 3246 1950 3310 intulit
1993 3249 2199 3308 astris,

477 3342 745 3418 Dumque
792 3339 971 3422 tulit,
1014 3337 1217 3400 lumen
1264 3355 1478 3418 capere
1521 3344 1698 3416 atque
1744 3338 2052 3416 ignescere
2097 3337 2319 3415 sensit,

477 3430 806 3506 Emis-itque
851 3429 988 3489 sinu
1016 3474 1031 3489 .
1085 3425 1227 3488 luna
1272 3425 1427 3487 volat
1472 3424 1647 3487 altius
1692 3424 1822 3505 illa,

481 3517 1033 3596 Flammiferumque
1061 3513 1303 3576 trahens
1330 3516 1587 3594 spatioso
1615 3512 1800 3574 limite
1829 3516 2056 3574 crinem
2068 3524 2108 3566 f·
2127 3525 2295 3566 emm

344 3618 445 3666 een
481 3606 657 3662 Stella
709 3605 927 3666 micat:
972 3604 1212 3682 natique
1262 3603 1466 3664 videns
1511 3601 1818 3663 benefacta
1865 3603 2083 3662 fatetur
