2467 4042
174 284 233 351 138
546 282 618 343 ΕΡΙ
628 282 817 344 STULAE.

297 437 410 512 Magna
425 436 479 498 tuit
494 435 614 497 subitae
628 434 772 512 iustaque
784 432 889 497 'causo'
899 438 1001 497 viae...

256 523 318 583 Aut
332 521 405 586 mihi
420 520 466 585 sic
480 520 580 581 visum
597 528 654 580 est.
682 520 771 595 Ego,
782 523 861 582 ¹'cum
876 521 1029 581 dubitaret
1044 538 1085 582 en
1107 522 1178 596 iret,

300 607 410 681 ‘Quam
425 605 567 682 primum’
582 603 646 664 dixi
664 604 987 667 ‘increditur'us‘ess'

257 688 364 751 Omine
378 691 507 751 laetatus
523 687 609 749 dedit
625 690 746 760 osculo,
760 693 846 750 ‘res’
863 696 922 765 que
938 690 1132 766 ‘domusque

196 785 243 840 ιιι)
289 775 333 855 Et
349 774 401 834 tibi
416 774 455 836 sit
470 789 563 835 curus
576 772 705 834 Troicus
719 773 915 850 hospes’¹ait.

253 859 315 920 Vix
330 856 413 920 tenui
427 858 531 918 risum.
555 860 648 933 quiem
663 857 736 918 dum
751 862 950 934 compescere
964 859 1073 934 luctor,

297 942 344 1003 Nil
359 943 401 1003 itii
417 943 502 1018 potui
515 941 621 1002 dicere
635 948 757 1018 praeter
771 942 863 1003 ‘erit’

256 1028 335 1088 Vela
352 1026 476 1102 quidein
491 1023 598 1087 Creten
616 1027 716 1085 ventis
731 1026 817 1088 dedit
832 1026 883 1086 ille
896 1026 1059 1088 secundm

301 1110 364 1173 Sed
379 1117 411 1171 tu
426 1126 488 1171 non
503 1110 583 1171 adeo
599 1116 708 1170 cuncta
723 1109 815 1170 licere
829 1119 912 1188 puta.

197 1206 243 1262 ιιι
255 1194 307 1258 Sic
321 1208 409 1255 meus
424 1193 495 1255 hinc
511 1194 558 1254 vir
571 1193 674 1269 abest,
696 1201 728 1255 ut
743 1196 792 1255 uie
807 1194 1098 1257 custodiut‘ebsens.

294 1280 346 1340 ‘dn
361 1277 465 1340 neseis
483 1277 731 1354 tongasm'gibus
745 1295 818 1341 esse
832 1285 961 1340 mundet

254 1363 348 1426 Fama
364 1370 490 1440 quoque
505 1362 553 1423 εει
568 1363 663 1423 oneri.
679 1366 760 1423 *nom
776 1378 837 1440 quo
853 1364 1043 1425 constantius
1059 1380 1116 1425 ore

298 1448 474 1509 Laudamur
489 1453 607 1521 vostro,
630 1446 804 1508 iustius-‘iiie
819 1449 911 1510 timet.

257 1532 340 1608 Quae
354 1532 453 1606 iuuat,
473 1539 506 1592 ut
520 1536 601 1592 nunc
615 1540 678 1605 est,
692 1531 892 1593 'eudemmihi
903 1531 1001 1607 gloria
1013 1533 1130 1594 damno
1145 1543 1205 1609 est

197 1624 244 1681 tto
295 1616 334 1678 Et
347 1614 456 1676 metius
472 1616 572 1675 ianme
587 1614 682 1675 verba
701 1615 828 1677 dedisse
844 1618 906 1678 tuit.

255 1701 334 1774 Nec,
358 1699 442 1775 quod
456 1699 559 1773 obest,
582 1699 632 1760 hic
647 1710 696 1760 me
715 1707 813 1761 tecum
826 1700 938 1761 minore
952 1700 1098 1762 relictum.

298 1782 724 1846 Moribus‘etuitue‘ciedidit
738 1784 788 1845 ille
804 1794 901 1846 meae.

256 1868 395 1930 De‘fa'cie
410 1866 530 1943 metuit,
554 1867 634 1929 vitoe
649 1868 785 1930 confidit.
800 1870 838 1929 *et
852 1868 934 1930 illum

298 1951 445 2014 Secutum
461 1952 615 2028 probitas,
640 1952 739 2013 iorum¹
749 1953 857 2013 timere
872 1953 952 2014 tecit.

196 2036 404 2112 ttc'iemporu
419 2042 459 2096 ne
476 2036 799 2112 pereanumtrodatu,
823 2038 992 2114 pmeoipis,
1013 2044 1111 2112 utque

297 2119 452 2196 Simpticis
463 2127 588 2182 'utentur
603 2121 818 2182 commoditue
832 2122 901 2183 viii.

254 2205 292 2266 Et
304 2205 377 2266 libet
392 2212 422 2263 et
435 2203 537 2266 timeo.
560 2206 622 2265 iie'c
634 2204 739 2267 udhue
753 2208 864 2267 exucta
874 2206 1021 2268 pompus

292 2289 352 2349 Est
366 2289 452 2349 sutis.
474 2288 504 2348 in
521 2288 614 2350 dubio
630 2292 877 2366 pomoranorum
891 2291 1003 2351 lebant.

254 2373 292 2436 ut
305 2373 353 2433 vir
367 2372 455 2433 abest
469 2371 575 2450 nobis,
598 2380 629 2433 et
641 2374 756 2435 tu'sine
771 2373 906 2450 ‘coniuge
921 2373 1054 2435 dormis=

195 2467 243 2539 lup
295 2459 392 2533 Inque
408 2456 505 2518 vicem
520 2458 649 2532 meme,
673 2465 703 2519 te
718 2469 786 2518 mea
801 2459 899 2519 iormu
913 2459 1009 2535 cupit:

253 2542 291 2605 lu
306 2542 417 2618 tangue
431 2548 549 2603 noctes.
570 2548 602 2602 et
615 2542 675 2603 ium
690 2544 834 2603 sermone
848 2543 980 2605 coimus:

296 2626 334 2688 Et
347 2634 413 2688 tn...
429 2640 478 2686 me
492 2626 673 2688 miseremt..
694 2625 842 2701 blandus,
862 2635 968 2689 etum
983 2626 1111 2688 dumus:

254 2711 292 2773 Ει
307 2722 446 2786 peream,
460 2711 497 2770 ‘si
511 2720 573 2772 non
588 2711 716 2772 invitent
730 2710 832 2772 omnia
842 2711 976 2786 cuipam.

296 2795 408 2855 Nescio
424 2806 486 2869 quo
502 2793 607 2856 tardor
622 2795 679 2855 sed
692 2796 793 2857 tumen
809 2796 878 2870 ipsa
893 2800 983 2855 metu.

193 2888 242 2942 ιιι
254 2877 344 2954 Quod
358 2878 639 2954 malepersuades‚
662 2879 775 2940 utinam
791 2880 870 2940 bene
885 2893 998 2955 eogere
1013 2894 1130 2954 posses
1143 2889 1151 2939 t

295 2963 336 3023 Vi
347 2978 418 3023 mee
432 2961 586 3025 rusticites
601 2962 785 3025 excutiendo
800 2963 864 3024 mu

253 3045 341 3110 Utilis
357 3045 507 3108 interdum
523 3053 571 3108 est
584 3046 662 3123 ipsis
677 3047 919 3123 iniuria‘passiur

296 3130 348 3192 Sic
365 3132 448 3193 certe
463 3130 536 3191 ielix
552 3146 624 3192 esse
638 3138 746 3193 coacta
763 3130 902 3192 iorem...

253 3216 331 3278 Dum
345 3230 446 3277 novus
461 3222 522 3291 est,
547 3216 649 3292 potius
665 3221 776 3291 coepto
794 3228 964 3291 pugnemus
980 3216 1095 3276 amori!

194 3310 242 3363 ιιι
294 3299 429 3360 Flamma
442 3312 552 3361 recens
569 3316 666 3376 parve
675 3312 791 3377 'sparsa
804 3300 920 3360 resedit
933 3314 1025 3373 equo.

254 3384 359 3446 Certus
374 3384 404 3444 in
419 3384 594 3459 hospitibus
611 3401 672 3445 non
691 3391 740 3446 est
753 3400 848 3445 amor.
870 3390 949 3444 errat
965 3390 998 3443 ut
1011 3383 1089 3457 ipsi:

297 3469 434 3544 cumque
447 3467 520 3529 nihil
537 3470 647 3545 speres
663 3468 780 3529 firmius
796 3483 883 3543 esse,
903 3466 987 3544 fugit.

252 3551 429 3630 Hypsipyle
442 3553 544 3627 testis,
566 3555 652 3614 testis
667 3552 883 3629 Minoiarvirgo
898 3559 955 3627 est,
