2467 4042
430 233 476 285 IV.
494 245 508 285 1
523 236 656 286 1-1129.
982 228 1045 295 187

129 395 262 458 Vindicat
283 402 319 456 ut
341 393 465 456 Calamis
488 394 628 476 laudem,
656 413 731 474 quos
759 395 831 456 lecit
843 440 853 476 ,
881 411 1047 474 equorum:

172 483 210 544 Ut
231 482 335 545 similis
358 501 445 545 verae
467 501 555 544 vacca
577 481 708 561 Myronis
731 501 824 563 opus:

46 578 49 582 ’
85 585 116 635 35
130 571 178 634 Sic
201 589 256 650 ego
279 589 346 633 sum
368 588 470 633 rerum
493 589 553 632 non
576 570 702 651 ultima,
726 570 838 651 Sexte,
860 579 998 650 tuarum,

171 659 353 739 Tutelaeque
377 660 458 722 leror
481 676 590 721 munus
614 677 749 739 opusque
772 667 864 721 tuae.

516 852 562 926 ΙΙ.

129 1010 213 1083 Quod
236 1011 333 1092 legis,
355 1028 373 1071 o
397 1016 479 1072 vates
501 1028 677 1091 magnorum
700 1011 826 1073 maxime
849 1027 956 1090 regum
963 1055 973 1091 ,

173 1099 259 1161 Venit
281 1097 318 1161 ab
341 1100 469 1161 intonsis
492 1117 610 1179 usque,
634 1098 745 1161 Severe
757 1145 766 1180 ,
792 1097 892 1160 Getis:

129 1187 220 1251 Cuius
243 1186 340 1249 adhuc
363 1204 473 1249 nomen
496 1197 615 1250 nostros
639 1189 769 1250 tacuisse
791 1185 925 1269 libellos,

173 1275 205 1337 Si
228 1275 315 1337 modo
339 1278 487 1355 permittis
511 1275 611 1338 dicere
635 1294 705 1337 vera
717 1321 727 1357 ,
749 1275 858 1356 pudet.

100 1363 209 1426 tOrba
232 1372 330 1424 tamen
353 1365 486 1424 numeris
509 1364 636 1424 cessavit
659 1363 784 1443 epistula
807 1380 969 1443 numquam

172 1451 220 1511 lre
243 1468 298 1530 per
320 1449 449 1511 alternas
472 1450 603 1512 officiosa
626 1452 722 1512 vices.
857 1512 860 1517 .

131 1538 266 1600 Carmina
289 1536 351 1599 sola
375 1537 429 1599 tibi
452 1555 615 1600 memorem
637 1539 775 1600 testantia
799 1555 901 1600 curam
993 1551 1050 1601 (10⁷)

173 1625 239 1688 Non
262 1623 329 1687 data
352 1634 444 1688 sunt.
486 1625 557 1705 quid
581 1627 661 1687 enim
673 1673 684 1709 ,
707 1643 782 1706 quae
804 1626 878 1687 lacis
899 1628 980 1708 ipse,

679 1709 807 1776 darem?

131 1803 204 1875 Quis
227 1801 287 1863 mel
304 1802 462 1884 Aristaeo,
485 1804 552 1882 quis
575 1801 692 1881 Baccho
716 1804 783 1863 vina
805 1800 953 1883 Falerno,

84 1904 117 1954 10
174 1889 356 1970 Triptolemo
379 1890 482 1969 lruges
494 1936 503 1971 ,
526 1908 613 1971 poma
637 1890 687 1952 det
709 1885 858 1952 Alcinoo?

130 1978 240 2040 Fertile
264 1986 369 2057 pectus
392 1978 506 2059 habes,
529 1981 668 2058 interque
691 1978 833 2040 Helicona
856 1978 989 2040 colentes

174 2065 302 2129 Uberius
324 2065 398 2128 nulli
419 2068 557 2147 provenit
579 2069 637 2128 ista
660 2084 763 2147 seges.

130 2154 248 2217 Mittere
272 2153 308 2216 ad
327 2154 406 2218 huuc
429 2172 572 2237 carmen,
595 2155 716 2216 frondes
735 2161 800 2217 erat
820 2155 928 2217 addere
952 2153 1050 2216 silvis.

174 2243 254 2304 Haec
277 2242 350 2304 mihi
373 2242 532 2305 cunctandi
554 2262 644 2306 causa
656 2291 666 2325 ,
690 2243 821 2324 Severe,
844 2244 918 2306 luit.

82 2344 115 2394 15
130 2331 191 2393 Nec
215 2339 313 2392 tamen
336 2332 488 2410 ingenium
511 2331 597 2393 nobis
621 2330 804 2413 respondet,
827 2338 862 2393 ut
884 2339 969 2411 ante,

176 2418 235 2481 Sed
257 2420 370 2480 siccum
393 2419 488 2481 sterili
511 2437 631 2481 vomere
653 2419 725 2480 litus
747 2436 817 2480 aro.

131 2505 252 2568 Scilicet
275 2514 308 2568 ut
331 2506 419 2569 limus
443 2524 532 2568 venas
555 2509 747 2570 excaecatio
769 2508 877 2589 undis,

174 2593 328 2676 Lapsaque
352 2595 513 2675 subpresso
536 2595 617 2657 sonte
641 2597 755 2657 resistit
778 2613 870 2676 aqua,

130 2682 255 2744 Pectora
278 2685 322 2744 sic
346 2702 410 2744 mea
433 2691 504 2745 sunt
525 2683 596 2745 limo
619 2685 720 2746 vitiata
742 2682 906 2764 nodorum,

79 2784 116 2834 20
175 2769 213 2833 Et
237 2790 356 2833 carmen
380 2790 454 2833 vena
476 2773 655 2853 pauperiore
677 2771 760 2834 lluit.

129 2859 231 2939 Siquis
254 2862 284 2921 in
307 2860 362 2921 hac
384 2862 483 2940 ipsum
506 2868 586 2922 terra
609 2862 760 2939 posuisset
782 2858 961 2941 Homerum,

173 2947 283 3029 Esset,
306 2949 395 3009 crede
419 2948 513 3030 milti,
536 2949 633 3010 lactus
656 2956 687 3010 et
708 2948 757 3011 ille
781 2948 888 3011 Getes.
923 3002 925 3006 ,

129 3034 172 3096 lla
195 3037 310 3097 veniam
334 3037 434 3114 lasso,
457 3036 564 3097 studiis
588 3054 707 3116 quoque
730 3038 815 3098 irena
837 3036 958 3115 remisi,

175 3120 301 3187 Ducitur
324 3134 355 3184 et
377 3122 477 3201 digitis
500 3123 601 3198 littera
623 3141 690 3184 rara
712 3126 804 3185 meis.

76 3223 113 3271 25
130 3209 263 3287 lmpetus
286 3208 335 3270 ille
358 3226 464 3289 sacer,
487 3213 539 3289 qui
561 3219 662 3270 vatum
684 3219 806 3289 pectora
829 3211 942 3291 nutrit,

176 3296 234 3368 Qut
256 3297 342 3376 prius
364 3299 396 3358 in
419 3295 505 3358 nobis
528 3314 594 3357 esse
618 3296 749 3378 solebat,
772 3297 873 3359 abest.

131 3384 186 3447 Vir
210 3386 290 3448 veuit
313 3385 350 3447 ad
372 3392 496 3466 partes,
518 3385 567 3446 vix
589 3392 724 3466 sumptae
747 3384 831 3447 illusa
854 3383 978 3447 tabellae
1011 3416 1016 3425 ·

173 3472 293 3553 luponit
315 3475 415 3554 pigras
437 3490 532 3554 paene
555 3481 658 3535 coacta
680 3491 803 3544 marrus.

127 3562 304 3643 Parvaque,
327 3580 365 3624 ne
389 3562 485 3625 dicam
508 3561 659 3624 scribendi
682 3562 761 3628 nulla
785 3561 919 3642 voluptas
996 3571 1053 3624 trost
