2467 4042
343 238 469 303 190
723 257 909 292 arnus
1165 235 1491 292 METAMM
1510 279 1525 295 .

384 417 487 468 580
517 404 620 466 Ille
668 405 819 484 fugit
863 403 1109 484 pavidus
1134 452 1154 486 ‚
1200 403 1593 485 dominaeque
1640 406 1857 467 ferocia
1903 405 2134 468 Cauni

515 494 683 556 Dicta
725 494 956 554 refert.
1011 492 1196 573 palles
1241 494 1439 554 audita
1464 542 1484 577 ,
1527 492 1697 574 Bybli
1722 541 1741 577 ‚
1785 494 2034 574 repulsa
2053 542 2079 576 ‚

514 581 592 644 Et
634 589 806 661 pavet
852 580 1163 643 obsessum
1208 581 1437 661 glaciali
1482 582 1703 661 frigore
1750 600 1965 663 corpus
1989 630 2007 643 .

515 669 680 731 Mens
729 677 923 731 tamen
969 678 1038 731 ut
1083 669 1302 751 rediit,
1347 671 1570 750 pariter
1614 670 1850 733 rediere
1896 672 2163 732 furores
2186 691 2215 734 t

515 758 858 838 Linguaque
902 760 1000 819 vix
1043 757 1193 819 tales
1239 761 1359 820 icto
1405 753 1568 820 dedii
1613 764 1752 820 aere
1797 777 2010 822 voces:

386 857 488 909 585
521 843 618 906 ‘Et
662 849 875 907 merito
906 844 922 908 Ξ
969 847 1111 925 quid
1157 848 1318 908 enim
1361 849 1678 908 temeraria
1724 847 1981 909 vulneris
2035 848 2257 909 huius

518 935 809 996 Indicium
856 935 970 996 feci
997 930 1033 995 P
1077 934 1219 1014 quid
1246 983 1266 1017 ‚
1314 953 1462 1014 quae
1502 935 1745 996 celanda
1791 936 2082 1018 fuerunt,

519 1024 662 1084 Tam
711 1026 828 1084 cito
876 1024 1145 1084 commisi
1189 1026 1525 1104 propera-tis
1572 1022 1752 1084 verba
1795 1023 2026 1085 tabellis
2048 1021 2093 1086 ⁸?

516 1114 668 1173 Ante
713 1119 842 1172 erat
887 1110 1176 1191 ambiguis
1223 1114 1404 1172 animi
1450 1114 1745 1173 sententia
1789 1112 1964 1194 dictis

518 1200 1008 1279 praetemptanda
1053 1199 1198 1261 mihi
1225 1247 1241 1261 .
1296 1218 1373 1261 ne
1420 1218 1540 1262 non
1587 1209 1943 1280 sequeretur
1988 1208 2312 1280 euntem,

388 1301 490 1351 590
520 1288 696 1349 Parte
743 1289 935 1367 aliqua
980 1287 1094 1349 veli
1117 1336 1137 1370 ‚
1183 1288 1375 1368 qualis
1422 1289 1578 1351 foret
1622 1307 1766 1350 aura
1790 1337 1811 1372 ,
1855 1297 2067 1350 notare

517 1376 848 1438 Debueram
871 1424 892 1458 ,
938 1384 1186 1456 tutoque
1232 1379 1382 1438 mari
1426 1377 1748 1439 decurrere
1774 1425 1794 1459 ‚
1839 1395 1991 1457 quae
2039 1397 2223 1440 nunc

517 1466 648 1527 Non
696 1465 1012 1545 exploratis
1057 1464 1296 1545 implevi
1341 1464 1522 1528 lintea
1565 1468 1758 1527 ventis
1776 1513 1791 1527 .

519 1555 775 1615 Auferor
819 1556 881 1615 in
929 1553 1205 1634 scopulos
1251 1555 1434 1633 igitur
1460 1601 1480 1636 ,
1524 1552 1927 1634 sub-versaque
1975 1562 2106 1616 toto

520 1641 756 1703 Obruor
803 1660 1022 1703 oceano
1048 1689 1067 1723 ‚
1113 1659 1310 1722 neque
1356 1640 1576 1703 habent
1621 1660 1750 1703 mea
1796 1642 1922 1703 vela
1970 1661 2315 1704 recursus,

392 1742 492 1793 595
524 1731 678 1802 Quid
727 1731 883 1810 quod
931 1739 993 1791 et
1037 1729 1334 1792 ominibus
1381 1733 1562 1792 certis
1607 1729 1968 1811 prohibebar
2013 1735 2213 1794 amori

520 1819 834 1898 Indulgere
881 1837 1012 1880 meo
1039 1867 1059 1902 ,
1105 1827 1233 1880 tum
1281 1837 1416 1880 cum
1463 1819 1607 1880 mihi
1652 1820 1810 1880 ferre
1858 1818 2098 1881 iubenti

521 1907 756 1969 Excidit
802 1917 861 1969 et
909 1909 1050 1969 fecit
1096 1925 1233 1988 spes
1280 1915 1514 1969 nostras
1561 1924 1696 1969 cera
1743 1903 2052 1969 caducas?

520 1996 729 2063 Nonne
774 1995 867 2058 vel
910 1995 1010 2057 illa
1060 1996 1187 2056 dies
1234 1997 1427 2057 fuerat
1453 2043 1472 2077 ‚
1517 1996 1608 2056 vel
1653 2004 1778 2057 tota
1822 1995 2098 2057 voluntas
2116 2044 2137 2078 ,

523 2084 640 2147 Sed
686 2087 887 2165 potius
931 2083 1214 2146 mutanda
1261 2085 1387 2145 dies
1414 2080 1449 2145 *Ρ
1494 2084 1641 2145 deus
1686 2086 1814 2164 ipse
1861 2083 2150 2146 monebat

393 2190 493 2234 auu
529 2174 821 2254 Signaque
869 2180 1032 2235 certa
1078 2172 1253 2235 dabat
1275 2221 1294 2254 ‚
1341 2174 1393 2234 si
1438 2191 1557 2233 non
1602 2171 1753 2232 male
1800 2189 1941 2233 sana
1987 2175 2242 2234 fuissem
2265 2221 2285 2233 .

529 2266 601 2322 Et
643 2269 841 2324 tamen
886 2264 1014 2342 ipsa
1058 2260 1267 2342 loqui,
1309 2278 1424 2322 nec
1468 2278 1563 2323 me
1610 2262 1981 2322 committere
2030 2280 2210 2323 cerae

529 2350 854 2412 Debueram
878 2398 898 2432 ‚
944 2367 1347 2430 praesensque
1394 2367 1559 2410 meos
1606 2350 1837 2430 aperire
1882 2349 2129 2411 furores
2148 2397 2164 2412 .

529 2442 781 2501 vidisset
823 2439 1097 2500 lacrimas
1122 2486 1141 2520 ‚
1187 2438 1416 2500 vultum
1462 2437 1709 2499 vidisset
1752 2439 2039 2521 amantis3

529 2530 701 2590 Plura
745 2527 909 2606 loqui
952 2536 1220 2608 poteram
1246 2574 1265 2608 ‚
1312 2543 1489 2606 quam
1534 2544 1684 2604 quae
1730 2543 1944 2606 cepere
1990 2525 2285 2589 tabellae.

397 2630 493 2678 51:15
533 2617 714 2678 inrito
760 2617 929 2696 potui
975 2615 1345 2677 circumdare
1391 2614 1668 2676 bracchia
1713 2613 1862 2676 collo
1880 2663 1901 2697 ‚

533 2706 601 2766 Et
629 2751 647 2785 ,
691 2707 743 2765 si
789 2706 1052 2765 reicerer
1077 2751 1096 2787 ‚
1141 2706 1309 2783 potui
1355 2705 1645 2764 moritura
1688 2704 1876 2765 videri

529 2792 934 2873 Amplectique
979 2792 1164 2873 pedes
1190 2791 1217 2874 ‚‘
1257 2793 1558 2872 affusaque
1605 2809 1854 2872 poscere
1900 2792 2079 2853 vitam
2099 2839 2117 2852 .

529 2882 736 2942 Omnia
781 2882 1058 2943 fecissem
1086 2928 1105 2962 ‚
1150 2898 1406 2960 quorum
1454 2882 1506 2941 si
1551 2879 1779 2959 singula
1826 2879 2037 2941 duram

533 2970 793 3032 Flectere
840 2987 959 3031 non
1005 2976 1281 3050 poterant
1305 3016 1325 3050 ,
1367 2970 1705 3049 potuissent
1749 2970 1942 3029 omnia
1967 3015 1987 3049 ‚
2033 2978 2335 3031 mentem.

397 3074 497 3122 eiu
533 3061 800 3120 Forsitan
846 3067 909 3119 et
952 3059 1120 3119 missi
1165 3060 1245 3119 sit
1291 3056 1577 3136 quaedam
1624 3056 1795 3138 culpa
1842 3058 2138 3119 ministri:

533 3146 659 3210 Nun
706 3146 850 3209 adiit
895 3154 1028 3227 apte
1055 3195 1075 3230 ,
1119 3164 1232 3207 nec
1278 3146 1420 3226 legit
1464 3145 1678 3207 idonea
1702 3192 1723 3228 ,
1767 3144 1985 3227 credo,

533 3238 820 3316 Tempora
845 3283 865 3318 ,
910 3253 1021 3297 nec
1066 3237 1242 3315 petiit
1274 3234 1598 3314 horamque
1627 3236 2008 3313 animumque
2036 3244 2370 3297 vacantem.

533 3326 688 3386 llaec
733 3341 995 3385 nocuere
1042 3323 1188 3386 mibi
1217 3370 1232 3386 .
1288 3341 1483 3402 neque
1530 3324 1689 3384 enim
1734 3323 1807 3384 de
1852 3322 2069 3403 tigride
2113 3333 2289 3386 natus

533 3414 652 3474 Nee
698 3413 918 3492 rigidas
964 3412 1160 3474 silices
1208 3410 1537 3474 solidumve
1582 3413 1645 3473 in
1689 3419 1934 3492 pectore
1980 3411 2213 3475 ferrum

401 3518 501 3562 515
533 3506 647 3562 Aut
692 3500 999 3562 adamanta
1042 3502 1242 3580 gerit,
1288 3518 1400 3562 nee
1445 3500 1537 3563 lac
1581 3498 1732 3562 bibit
1776 3499 1875 3562 ille
1918 3498 2161 3563 leaenae
2180 3548 2196 3564 .

533 3586 815 3650 Vincetur
843 3635 858 3650 .
912 3587 1277 3669 repetendus
1324 3590 1443 3651 erit
1468 3636 1484 3652 .
1539 3607 1653 3651 nee
1700 3587 1889 3651 taedia
1934 3592 2135 3671 coepti
