2467 4042
194 189 260 255 230
597 190 791 243 euenonuu

217 367 269 417 eoo
328 353 407 425 Quot
429 370 553 416 numero
576 360 681 433 gentes
701 355 848 415 eruimus
870 353 952 415 orbis
975 353 1099 416 habet.

281 442 326 503 Ex
349 460 409 503 000
432 441 551 522 quidam
573 440 708 503 celebres
730 450 782 503 aut
803 443 920 522 torquis
941 442 1104 525 adempti,

328 531 387 592 iut
408 532 491 592 cersi
513 529 615 591 titulos
638 528 788 591 auxiliaris
811 529 936 591 habent.

284 618 409 699 Magne,
432 626 518 680 tunm
539 635 649 679 nemen
668 635 773 696 ,rernm
796 626 844 679 est
866 635 1005 680 mensura
1032 628 1186 682 tuarum:

328 705 387 768 Sed
410 708 462 786 qui
484 714 514 767 te
537 708 629 786 vicit,
652 708 771 767 nomine
794 708 888 767 mmor
910 716 990 768 erat.

190 848 194 856 .
218 806 270 857 eoo
283 794 345 856 Nec
368 794 477 874 gradun
499 803 546 856 est
567 794 645 855 nitra
668 793 775 855 Fabius
798 797 983 873 cognominis
1007 794 1117 859 nlius:

328 881 379 944 iila
401 882 507 945 domus
530 884 645 943 marien
668 880 793 944 iiaxims
816 882 893 944 dicta
916 886 997 944 suis.

285 970 343 1032 Sed
366 981 465 1032 tamen
486 970 625 1032 humanis
647 969 837 1032 celebrantur
859 970 1026 1033 honoribus
1051 991 1182 1054 omnes,

327 1057 383 1120 ilic
405 1060 519 1121 socium
542 1076 659 1119 summo
680 1076 748 1121 cum
771 1058 839 1120 inse
863 1076 971 1120 mnan
994 1060 1113 1123 habet.

284 1146 391 1209 Sancta
415 1155 519 1208 vocant
541 1156 665 1226 augusta
687 1156 805 1227 patres:
837 1155 961 1227 augusta
983 1158 1146 1212 vocantur

219 1249 270 1297 ele
327 1234 447 1315 Templa
471 1234 659 1297 sacerdotnm
680 1237 738 1297 rite
760 1235 857 1297 dicato
879 1253 989 1297 manu.

284 1322 379 1384 Huius
402 1332 433 1385 et
454 1325 612 1401 augurium
634 1323 784 1403 dependet
804 1326 918 1403 origine
940 1324 1048 1406 verbi,

326 1410 367 1472 iit
388 1412 596 1492 quodcumque
620 1430 673 1473 sua
695 1411 829 1491 iuppiter
851 1422 939 1493 anget
960 1430 1040 1494 ope.

283 1499 396 1579 Augeat
417 1501 576 1581 imperium
599 1502 695 1562 nostri
717 1500 824 1581 ducis,
847 1510 951 1581 augeat
973 1519 1094 1584 annos,

327 1588 467 1668 Protegat
489 1598 520 1651 et
542 1599 657 1649 vestras
680 1606 793 1668 querna
815 1606 924 1650 corona
946 1590 1051 1652 iores:

219 1688 270 1737 oio
285 1676 522 1756 inspiciensque
545 1676 609 1738 deis
631 1678 708 1739 tanti
729 1680 912 1756 cognominis
935 1677 1026 1738 heres

327 1763 433 1827 Omine
455 1766 599 1845 suscipiat
621 1782 683 1845 quo
702 1774 789 1845 pater
801 1812 810 1846 ,
832 1764 914 1826 orbis
937 1782 1034 1826 onus.

588 1902 638 1969 15.
662 1899 691 1967 G
714 1898 810 1969 OAR

283 2029 434 2109 Respiciet
455 2029 542 2091 Titan
565 2038 646 2091 actas
668 2028 720 2090 ubi
742 2032 851 2091 tertius
872 2028 958 2109 idus,

327 2117 414 2179 Fient
435 2117 609 2179 Parrhasiae
632 2135 716 2179 sacra
737 2117 830 2179 relata
852 2118 943 2178 deae.

283 2205 357 2267 Nam
379 2208 464 2286 prius
485 2205 631 2267 Ausonias
654 2214 765 2267 matres
786 2214 927 2286 carpenta
949 2202 1122 2269 vehebant:

219 2306 271 2357 ote
329 2293 408 2355 ilaec
431 2312 550 2375 quoque
573 2294 609 2355 ab
633 2293 762 2355 Evandri
783 2293 862 2356 dicta
883 2300 1008 2373 parente
1029 2312 1125 2357 reor.

284 2381 351 2443 Mox
373 2381 469 2443 honor
491 2384 618 2461 eripitur
630 2430 639 2463 ,
662 2391 855 2462 matronaque
878 2381 1007 2442 destinat
1028 2387 1135 2446 omnis

328 2470 461 2550 Ingratos
484 2469 564 2531 nulia
585 2470 670 2550 pecie
692 2487 800 2531 nonore
822 2472 921 2532 virosa

286 2557 365 2619 Neve
388 2558 472 2620 deant
493 2568 618 2639 partus,
641 2561 703 2620 ictu
726 2560 880 2619 temeraria
904 2574 992 2618 caeco

328 2645 498 2709 Visceribus
521 2663 661 2708 crescens
684 2645 853 2707 excutiebat
872 2663 964 2707 ones.

219 2746 270 2799 ono
284 2734 471 2814 Corripuisse
493 2743 593 2815 patres
616 2752 703 2797 auses
724 2736 848 2795 immitia
870 2741 996 2813 nuptas,

328 2822 378 2883 ius
400 2831 500 2885 tamen
521 2831 691 2903 exemptum
714 2824 881 2884 restituisse
903 2823 1023 2882 imunt:

283 2910 416 2992 Binaque
439 2928 519 2974 nunc
541 2914 654 2991 pariter
676 2910 826 2990 Tegeaeae
848 2925 932 2970 sacra
953 2913 1076 2988 parenti

327 2999 386 3060 Pro
409 3002 511 3080 pueris
533 3000 600 3061 fleri
620 2998 845 3078 virginibusque
866 2997 987 3059 iubent.

284 3087 407 3150 Scortea
429 3106 489 3149 000
511 3087 556 3149 iiii
578 3088 623 3149 ias
644 3095 691 3148 est
711 3086 823 3148 inferre
846 3085 970 3167 saceiio,

218 3188 270 3237 030
327 3175 371 3237 Ne
394 3175 504 3238 violent
525 3193 617 3256 puros
641 3177 803 3237 exanimata
825 3175 925 3236 iocos.

284 3264 384 3344 Siquis
407 3282 487 3326 amss
509 3272 626 3326 veteres
648 3266 747 3344 ritus,
771 3261 880 3324 adsiste
902 3262 1058 3341 precanti:

327 3351 452 3415 Nomina
473 3354 622 3432 percipies
644 3369 705 3413 non
727 3350 782 3414 tibi
804 3359 874 3412 nota
896 3353 996 3430 prius.

284 3439 418 3501 Porrima
440 3440 573 3519 placatur
595 3440 831 3519 Postuertaque,
853 3441 915 3499 sive
937 3453 1075 3521 sorores,

328 3526 396 3586 Sive
419 3528 505 3605 tngae
528 3530 675 3607 comites,
696 3525 820 3588 Maenali
842 3526 930 3607 diva,
953 3535 1045 3588 tuae.
