2467 4042
160 259 224 326 278
343 283 455 321 motois
575 264 754 321 ΜΕΤΑΜΜ.

247 429 345 491 Mollia
366 431 448 509 fraga
470 429 573 512 leges,
595 431 661 511 ipsa
683 431 863 493 autumnalia
884 450 975 494 corna

248 517 430 599 Prunaque,
453 535 513 579 uon
536 517 633 580 solnm
655 520 741 599 nigro
763 518 883 582 liventia
904 539 997 603 suco,

248 604 359 670 Verum
381 608 470 668 etiam
492 624 636 687 generosa
658 625 808 687 novasque
830 610 975 671 imitantia
998 627 1106 674 coras.

248 693 310 756 Nec
333 693 388 757 tibi
410 702 564 758 castaneae
586 713 635 756 me
659 698 807 778 coniuge,
830 714 886 758 nec
908 696 963 759 tibi
986 697 1121 761 deerunt

183 782 372 847 8881818181
394 783 495 845 ictus.
523 786 620 844 omnis
643 782 698 845 tibi
720 786 829 846 serviet
851 783 957 846 arbor.

247 870 311 933 Hoc
333 889 426 952 pecus
449 889 537 933 omna
559 889 661 933 meum
683 881 751 935 est.
778 873 889 935 multae
912 891 1032 954 quoquc

903 961 1029 1023 vallibus
1054 974 1185 1046 errant,

247 1048 354 1110 linitas
377 1049 448 1111 silva
471 1051 566 1131 tegit,
589 1049 698 1111 multae
721 1048 908 1111 stabulantur
930 1053 962 1112 in
985 1054 1104 1112 antris.

248 1137 311 1199 Nec
322 1184 333 1219 ,
355 1140 381 1200 sl
403 1139 479 1199 iorte
502 1155 612 1218 roges,
634 1139 748 1218 possim
769 1137 825 1199 tibi
851 1137 951 1199 dicere
963 1185 974 1219 ,
997 1149 1075 1218 quot
1099 1143 1186 1203 sint.

247 1225 391 1306 Pauperis
414 1234 461 1286 est
482 1243 640 1287 numerare
663 1244 777 1306 pecus.
801 1225 837 1287 de
859 1225 997 1288 laudibus
1020 1226 1133 1290 barum

182 1323 234 1375 ete
247 1313 295 1375 Nil
318 1313 391 1376 mihi
412 1313 598 1376 credideris:
620 1332 762 1395 praesens
784 1323 870 1394 potes
891 1317 957 1395 ipsa
978 1314 1104 1399 videre,

247 1401 287 1464 Ut
308 1404 357 1464 rix
379 1404 563 1464 circumeant
584 1403 747 1464 distantum
769 1402 908 1464 cruribus
930 1402 1025 1465 uber.

248 1490 346 1573 Sunt,
369 1491 466 1553 ietura
487 1492 607 1572 minor,
629 1491 737 1571 tepidis
763 1492 795 1552 in
817 1490 943 1552 ovilibus
965 1494 1051 1573 agni;

249 1578 326 1640 Sunt
348 1597 489 1661 quoque,
511 1597 565 1660 par
587 1586 690 1660 aetas,
713 1579 777 1641 aliis
799 1581 831 1640 in
853 1578 979 1643 ovilibus
1001 1580 1111 1644 haedi.

247 1665 306 1729 Lac
329 1667 402 1731 milri
423 1685 543 1748 semper
566 1667 650 1729 adest
671 1669 813 1729 niveum.
839 1686 909 1748 pars
931 1667 1002 1729 inde
1025 1668 1160 1732 bibenda

181 1766 234 1819 830
249 1755 413 1837 Servatur,
434 1764 550 1836 partem
572 1755 731 1836 liquefacta
753 1754 875 1835 coagula
897 1755 1024 1818 durant.

246 1844 308 1906 Nec
331 1843 386 1906 tibi
408 1844 530 1905 deliciae
554 1844 657 1905 faciles
679 1843 854 1924 vulgataque
876 1853 992 1906 tantum

245 1933 370 1995 Munera
393 1936 588 2014 contingent,
611 1933 743 1993 dammae
765 1933 942 2012 leporesque
966 1951 1138 2019 caperque,

245 2020 339 2084 Parve
362 2020 588 2103 columbarum,
611 2022 784 2101 demptusve
807 2024 960 2082 cacumine
982 2022 1094 2087 nidus:

246 2109 348 2173 Inveni
370 2112 503 2190 geminos
515 2157 525 2194 ,
548 2112 600 2189 qui
623 2118 723 2171 tecum
744 2107 848 2170 ludere
871 2112 1004 2191 possint,

179 2207 232 2260 888
245 2200 328 2261 Inter
350 2216 382 2260 se
406 2198 539 2279 slmiles,
561 2200 609 2258 vix
631 2207 667 2259 ut
689 2198 862 2277 dignoscere
884 2200 1000 2279 possis,

245 2287 370 2349 villosae
393 2287 506 2348 catulos
528 2289 560 2347 in
583 2288 707 2347 summis
729 2285 880 2347 montibus
902 2304 1008 2347 ursae:

245 2376 348 2438 lnveui
370 2384 401 2436 et
423 2375 484 2436 dixi
507 2370 679 2436 “‘dominae
702 2374 885 2435 servabimus
907 2368 1036 2435 istos.''’

245 2465 307 2526 lam
329 2463 416 2525 modo
440 2462 576 2525 caerulco
599 2463 728 2524 nItidum
750 2471 839 2542 caput
861 2464 955 2523 exime
978 2472 1090 2546 ponto,

245 2553 329 2635 lam,
352 2551 492 2634 Galatea,
515 2554 604 2632 veni,
627 2569 684 2613 neo
706 2569 830 2612 mvmera
853 2551 972 2630 despice
995 2562 1116 2614 nostra.

179 2650 232 2702 840
246 2640 335 2702 Certe
357 2659 411 2720 ego
435 2658 484 2701 me
506 2642 575 2701 novi
587 2688 597 2720 ,
620 2639 808 2719 liquidaeque
830 2641 862 2700 in
879 2641 1006 2718 imagine
1029 2640 1090 2701 vidi

245 2729 347 2809 Nuper
370 2746 464 2808 aquae
476 2749 485 2804 ;
508 2727 678 2808 placuitque
700 2728 774 2789 mibi
795 2745 861 2789 mea
882 2729 977 2788 forma
999 2728 1129 2791 videnti.

245 2819 375 2900 Aspice,
397 2820 454 2878 sim
477 2825 627 2896 quantus.
655 2834 715 2878 uon
738 2823 785 2877 est
806 2815 864 2877 hoc
887 2834 1011 2895 corpore
1035 2819 1130 2877 maior

246 2906 380 2986 luppiter
401 2907 434 2967 in
457 2905 559 2967 caelo.
587 2922 655 2966 narn
678 2922 730 2965 vos
752 2922 875 2966 narrare
899 2904 1000 2964 soletis

245 2994 352 3055 Nescio
376 3011 466 3074 quem
487 3011 612 3074 regnare
636 2993 756 3057 Iovem.
784 3011 867 3054 coma
889 2992 1017 3072 plurima
1039 3000 1139 3055 torvos

179 3093 231 3144 848
246 3083 400 3144 Prominet
411 3085 443 3144 in
457 3082 579 3163 vultus,
598 3099 799 3162 umerosque,
818 3090 852 3142 ut
865 3079 974 3163 lucus,
993 3079 1164 3143 obumbrat.

245 3171 307 3233 Nec
330 3189 397 3232 mea
419 3170 498 3250 quod
521 3170 625 3250 rigidis
647 3171 771 3232 horrent
793 3169 967 3230 densissima
990 3173 1082 3231 saetis

246 3258 399 3342 Corpora,
421 3268 510 3339 turpe
532 3268 626 3339 puta.
653 3261 751 3339 turpis
774 3261 838 3320 sine
861 3257 1017 3319 frondibus
1041 3259 1146 3321 arbor:

180 3359 232 3410 848
246 3347 356 3427 Turpis
380 3366 498 3430 equus,
515 3349 575 3410 nisi
597 3347 672 3409 colla
694 3346 781 3408 iubae
803 3346 940 3408 flaventia
962 3347 1081 3409 velent.

178 3447 232 3498 888
245 3435 340 3497 barba
363 3438 443 3498 viros
465 3436 621 3516 hirtaeque
644 3435 752 3497 decent
773 3439 805 3496 in
828 3452 955 3515 corpore
977 3444 1096 3499 saetae.

246 3523 343 3583 Unum
368 3527 467 3585 estin
490 3523 586 3585 media
609 3524 710 3584 lumen
733 3524 806 3584 mihi
830 3525 928 3584 fronte
941 3571 950 3604 ,
973 3524 1027 3584 sed
1050 3527 1144 3589 instar

245 3609 376 3688 lugentis
400 3611 509 3691 clipei.
537 3610 639 3691 quid?
661 3629 722 3674 non
744 3611 818 3674 baec
841 3614 939 3674 omnia
960 3628 1069 3694 magno
