2467 4042
168 224 237 292 344
578 227 772 280 PASTORUM

303 388 441 470 Obstipui
463 392 572 453 tacitus
594 392 783 470 sustinuique
805 390 948 469 gradum.

260 477 359 539 Sensit
381 496 456 540 anus
478 480 575 541 vicina
596 477 656 540 lesi
667 523 678 559 ,
699 480 874 559 iussumque
897 474 1011 543 se'dere

192 578 245 627 400
303 564 491 647 Alloquitur,
514 568 651 645 quatiens
673 584 745 627 unse
768 574 915 628 tremente
939 578 1056 650 eaput:

259 649 337 714 ‘Hoc
361 652 413 716 ubi
435 671 515 715 nune
538 653 602 715 lora
626 661 718 736 sunt,
741 654 817 717 udae
840 662 966 718 tenuere
991 658 1137 740 paludes,
1203 674 1204 689 ¹

302 741 396 804 Amne
418 742 592 803 redundatis
614 742 694 804 iussa
716 741 854 803 madebat
874 747 981 822 aquis.

260 830 380 891 Curtius
402 829 452 891 ille
474 829 579 910 laem,
601 831 696 892 sieeas
719 833 773 910 qui
794 832 924 892 sustinet
945 849 1035 912 aras,

302 917 389 980 Nune
411 916 505 978 solida
528 925 574 979 est
596 917 707 999 tellus,
729 918 782 980 sed
804 917 887 980 lseus
909 927 980 982 aute
1005 922 1084 984 luit.

191 1016 244 1066 405
258 1005 324 1077 Qua
345 1003 469 1066 Velabra
491 1004 589 1067 solent
609 1008 641 1067 in
664 1004 784 1068 Circum
805 1005 917 1068 dneere
939 1024 1089 1091 pompas,

302 1091 350 1154 liii
370 1100 490 1173 praeter
512 1093 618 1155 salices
640 1111 783 1174 cassaque
805 1111 899 1156 sanna
920 1094 998 1158 init.

261 1181 356 1260 Saepe
379 1180 564 1243 suburbanas
586 1181 706 1243 rediens
729 1183 851 1243 conviva
873 1200 927 1261 per
949 1184 1050 1246 undas

304 1267 409 1330 Cantat
421 1314 431 1349 ,
454 1277 485 1330 et
506 1268 542 1330 nd
565 1276 671 1331 nautas
694 1267 776 1330 ebria
798 1269 887 1331 rerba
909 1272 999 1334 iacit.

259 1354 396 1418 Nondum
419 1358 598 1418 conveniens
621 1357 747 1419 diversis
768 1360 826 1419 iste
848 1358 952 1436 liguris

192 1456 245 1507 410
302 1442 417 1505 Numen
439 1444 476 1505 ab
499 1461 602 1507 averse
626 1452 747 1525 ceperat
768 1462 854 1507 amne
878 1445 970 1507 deus.

258 1531 313 1594 flie
337 1549 455 1612 quoque
478 1531 564 1594 lucus
587 1541 652 1594 eret
673 1534 770 1594 iuncis
793 1541 824 1594 et
845 1533 991 1594 arundine
1015 1534 1131 1597 densus

303 1619 342 1680 Et
364 1620 439 1700 pede
462 1619 556 1681 velato
579 1638 640 1682 non
663 1620 797 1682 adeunda
818 1620 921 1699 palus.

261 1708 369 1788 Stagna
390 1715 583 1771 recesserunt
604 1716 636 1770 et
657 1725 749 1787 aquas
771 1725 826 1770 sua
847 1710 912 1788 ripa
933 1718 1061 1771 coercet
1068 1758 1079 1791 ‚
1127 1722 1183 1774 tm)

305 1795 456 1875 Siccaque
471 1813 551 1857 nune
573 1794 684 1859 tellus:
716 1812 782 1857 mos
803 1804 902 1857 temen
924 1796 995 1857 inde
1018 1808 1140 1859 manet.

192 1894 245 1946 41⁶
259 1882 439 1945 Reddiderat
461 1900 601 1946 eausam.
644 1879 777 1964 ‘valeas‚
800 1900 875 1945 anus
896 1886 1009 1964 optima
1022 1881 1051 1946 i’
1076 1885 1139 1948 diri

305 1967 406 2042 ‘Quod
430 1978 568 2051 superest
590 1974 655 2032 aevi
667 2018 676 2051 ,
699 1970 787 2032 melle
809 1973 851 2033 sit
872 1989 981 2052 omne,
1004 1969 1089 2035 tui.'

260 2059 366 2122 Cetera
387 2061 447 2120 iam
468 2058 584 2140 pridem
606 2059 698 2121 didiei
719 2057 885 2138 puerilibus
906 2061 1010 2140 anuis,

304 2146 370 2208 Nun
394 2156 493 2208 tamen
514 2146 627 2208 ideireo
650 2146 867 2227 praetereunda
889 2147 978 2208 mihi.

260 2234 375 2297 Moenia
397 2233 579 2296 Dardanides
602 2252 699 2314 nuper
720 2252 795 2296 nova
818 2234 930 2297 lecerat
949 2233 1031 2297 llus:

193 2336 247 2391 420
304 2322 366 2384 llus
388 2321 485 2384 adhue
507 2323 593 2385 isiae
616 2322 698 2384 dives
720 2321 847 2383 babebat
868 2341 955 2402 opes:

260 2411 399 2473 Creditur
421 2410 576 2473 armiferae
599 2413 718 2490 signnm
741 2410 867 2472 caeleste
890 2409 1042 2472 Minervae

304 2498 393 2562 Urbis
414 2500 448 2560 in
468 2498 573 2561 Idaeae
596 2497 753 2560 desiluisse
774 2500 860 2576 iuga.

261 2587 339 2650 Cura
360 2585 460 2648 videre
482 2587 540 2649 fult
551 2632 561 2667 ‚
588 2587 648 2648 vidi
670 2586 873 2666 templumque
895 2585 1075 2667 lusumque.

305 2673 369 2737 Heu
391 2682 529 2754 superest
550 2673 615 2754 illi,
636 2672 753 2735 Pallada
774 2673 868 2735 Reme
889 2680 989 2737 tenet.

194 2775 247 2825 425
262 2761 434 2825 Consulitur
458 2761 652 2843 Smintheus,
673 2762 802 2841 luesque
823 2761 971 2824 obscurus
994 2781 1093 2843 opace

305 2850 367 2913 Hes
389 2868 450 2912 nou
471 2853 596 2912 mentite
618 2848 749 2911 reddidit
770 2866 823 2911 ere
846 2867 953 2911 senes:

262 2936 444 3002 ‘Aetheriam
466 2947 581 3000 servate
603 2938 689 3000 deam
701 2983 712 3016 ,
734 2935 890 2999 servabitis
912 2937 1037 3000 urbem:

306 3028 467 3108 Imperium
489 3043 591 3088 seeum
614 3025 774 3088 transferet
795 3025 845 3086 illa
865 3021 958 3086 loei.'

264 3116 388 3196 Servat,
411 3124 443 3178 et
462 3113 608 3176 inclusam
631 3131 744 3176 summa
767 3121 851 3175 tenet
871 3112 933 3175 llus
954 3115 987 3175 ln
1008 3131 1103 3196 eree,

195 3217 249 3268 430
306 3204 444 3283 Curaque
466 3203 503 3265 ad
525 3202 666 3264 heredem
689 3201 887 3264 Laomedonta
908 3201 1003 3263 redit.

264 3292 325 3355 Sub
348 3291 465 3354 Priamo
488 3300 602 3353 serrata
626 3307 753 3369 parum.
793 3292 837 3351 sie
857 3292 923 3370 ipsa
946 3288 1080 3371 volebat,

307 3380 352 3441 Ex
375 3398 433 3460 quo
456 3378 566 3442 iudicio
588 3379 683 3440 forma
705 3379 816 3439 reriete
838 3395 893 3440 sua
915 3385 979 3440 est.

265 3467 340 3545 [Seu
362 3484 457 3545 genus
478 3466 618 3547 Adrasti,
642 3483 697 3527 seu
718 3467 807 3527 furtis
830 3473 918 3546 aptus
940 3464 1055 3543 Ulixes,

310 3554 369 3616 Seu
390 3556 460 3633 pius
481 3553 595 3614 Aeneas
618 3554 764 3632 eripuisse
787 3551 911 3631 ierunt]
