2467 4042
332 215 344 234 ⁶
458 233 493 285 11.
514 233 663 285 seo-ser.
1026 227 1066 292 31

144 396 206 458 Neo
230 394 304 458 mibi
327 395 480 457 materiam
502 392 640 455 bellatrix
663 393 756 454 Roma
778 392 922 475 negabat,

146 483 185 547 m
208 486 277 564 pius
301 491 369 564 est,
391 484 504 562 patriae
527 481 604 542 iacta
627 483 764 562 reterre,
786 479 887 543 labor.

145 571 281 652 lienique
306 589 375 634 oum
397 571 512 632 meritis
535 568 705 648 impleveris
728 572 845 652 omnia,
868 568 994 651 Caesar,

146 660 220 721 Pars
244 659 316 721 mihi
339 659 376 720 de
399 658 500 720 multis
523 674 583 720 una
606 655 738 719 canenda
761 657 835 740 init,

80 760 132 811 aas
148 747 246 827 thue
271 746 393 809 trabunt
415 744 517 809 oculos
540 745 684 808 radiantia
708 745 818 807 lumina
841 744 932 826 solis,

149 837 323 898 Traxissent
345 837 477 896 animum
500 835 543 895 sic
566 841 618 895 tna
641 834 717 896 iacta
740 852 857 896 meum.

146 925 263 1004 Argium
286 925 448 984 inmerito.
484 922 584 983 tenuis
608 921 680 984 mihi
704 940 825 1001 campus
849 927 968 985 aratur:

146 1012 222 1074 Illud
245 1020 310 1073 erat
332 1028 455 1089 magnae
478 1008 640 1071 fertilitatis
662 1027 755 1089 opus.

146 1099 211 1161 Non
234 1100 301 1162 ideo
325 1098 415 1162 debet
437 1097 540 1176 pelago
565 1116 596 1159 se
622 1098 876 1179 eredere,·siqua

81 1200 133 1249 3³0
146 1188 244 1250 Audet
266 1189 297 1249 in
320 1189 428 1266 exiguo
451 1185 554 1247 ludere
578 1184 685 1248 cumba
708 1185 791 1248 lacu.

147 1276 315 1336 Forsan—
334 1284 364 1336 et
382 1274 439 1335 hoo
454 1272 587 1335 dubitem
599 1305 637 1317 -
659 1275 792 1335 numeris
805 1271 966 1336 levioribus
984 1281 1071 1354 aptus

149 1364 213 1425 Sim
235 1365 330 1442 satis,
351 1365 384 1423 in
406 1378 513 1442 parvos
537 1361 741 1441 sufficiamque
765 1362 887 1424 modos:

148 1452 187 1513 lt
209 1452 235 1512 si
258 1467 305 1511 me
328 1449 431 1512 iubeas
455 1449 583 1511 domitos
606 1447 683 1511 lovis
706 1451 774 1529 igne
798 1448 938 1529 Gigantes

149 1538 278 1620 Dicere,
301 1545 457 1600 conantem
480 1535 647 1599 debilitabit
669 1554 763 1599 onus.

83 1637 135 1688 ass
149 1629 259 1688 Divitis
282 1627 394 1706 ingenii
417 1634 464 1688 est
485 1627 624 1687 immania
647 1623 782 1687 Caesaris
804 1632 870 1688 aeta

150 1715 308 1794 Condere,
331 1715 455 1776 materia
478 1731 516 1775 ne
538 1722 700 1793 superetur
722 1731 814 1793 opus.

149 1802 189 1864 Et
210 1811 311 1864 tamen
333 1819 425 1863 ausus
448 1819 550 1883 eram3
587 1801 641 1863 sed
665 1801 830 1864 detrectare
853 1799 992 1884 videbar,

152 1890 297 1970 Quodque
320 1891 426 1972 nefas,
450 1891 556 1952 damno
579 1889 694 1951 viribus
717 1908 783 1951 esse
806 1891 886 1952 tuis.

151 1980 196 2041 rid
218 1978 282 2040 leve
305 1996 412 2041 rursus
436 1996 533 2059 opus,
556 1977 702 2040 iuvenalia
724 1980 877 2059 earmina,
899 1979 984 2060 veni,

83 2077 136 2129 ³40
150 2066 190 2129 Et
211 2066 285 2128 tatso
308 2069 387 2128 mori
409 2073 514 2146 peetus
537 2083 637 2127 amore
661 2085 778 2129 meum.

150 2154 216 2217 Non
240 2155 378 2235 equidem
400 2154 527 2216 vellem.
564 2154 617 2215 sed
641 2172 688 2215 me
711 2171 777 2216 mea
799 2154 857 2217 iata
879 2152 1055 2236 trabebant,

150 2242 244 2323 Inque
268 2261 349 2305 meas
371 2260 483 2323 poenas
505 2244 678 2321 ingeniosus
701 2261 799 2304 eram.

152 2330 188 2392 Ei
212 2330 306 2412 mihi,
330 2331 410 2410 quod
433 2329 544 2392 didicil
581 2348 637 2392 our
659 2349 706 2392 me
730 2331 859 2392 docuere
882 2336 1022 2411 parentes

151 2418 323 2499 Litteraque
346 2427 392 2481 est
415 2418 517 2481 oeulos
540 2417 599 2481 ulla
623 2428 735 2480 morata
757 2416 861 2481 meosl

54 2560 61 2568 ,
85 2515 137 2567 att
151 2505 232 2569 Haeo
254 2507 309 2570 tibi
331 2525 379 2570 me
402 2510 531 2570 invisum
554 2506 673 2568 lascivia
696 2508 768 2569 ierit
780 2553 789 2588 ,
812 2505 850 2567 ob
873 2508 978 2587 Artes,

152 2595 226 2667 Quis
249 2605 332 2658 ratus
354 2613 388 2658 es
411 2597 518 2659 vetitos
542 2595 701 2658 sollicitare
725 2603 824 2657 toros.

153 2683 213 2745 Sed
236 2703 333 2765 neque
357 2702 405 2746 me
428 2693 538 2764 nuptae
561 2684 732 2746 didicerunt
754 2683 834 2745 turta
856 2685 1016 2765 magistro,

153 2772 298 2853 Quodque
321 2791 427 2854 parum
450 2775 532 2836 novit
544 2818 554 2853 ,
577 2790 665 2834 nemo
689 2773 797 2835 docere
819 2779 940 2852 potest.

153 2860 202 2923 Sin
226 2880 280 2941 ego
304 2861 424 2923 delicias
448 2869 478 2923 et
501 2860 597 2923 mollia
621 2863 750 2923 carmina
773 2861 849 2942 ieci,

85 2957 137 3008 odo
153 2947 316 3010 Strinxerit
336 2956 372 3010 ut
393 2965 502 3010 nomen
525 2947 627 3010 tabula
650 2948 730 3009 nulla
752 2965 874 3010 meum.

151 3033 214 3096 Nec
238 3038 394 3114 quisquam
418 3043 465 3097 est
486 3035 559 3097 adeo
582 3034 678 3095 media
702 3034 739 3096 de
761 3034 849 3114 plebe
873 3034 1020 3112 maritus,

153 3119 192 3183 Ut
214 3122 323 3184 dubius
346 3125 418 3184 vitio
437 3125 476 3183 sit
497 3130 582 3202 pater
604 3121 654 3182 ille
677 3139 761 3182 meo.

152 3208 247 3271 Crede
271 3210 344 3271 mibi
356 3257 366 3289 ,
388 3209 499 3270 distant
521 3226 621 3270 mores
644 3225 661 3269 a
683 3211 814 3271 carmine
837 3213 940 3269 nostro
960 3240 1002 3251 -

152 3296 217 3359 Vita
240 3296 408 3361 verecunda
431 3305 499 3377 est,
522 3297 605 3360 Musa
628 3298 728 3359 iocosa
750 3315 816 3358 mea
836 3326 878 3339 -
907 3312 910 3316 ·

85 3397 138 3448 356
153 3385 317 3466 Magnaque
340 3403 409 3466 pars
427 3387 552 3448 mendax
575 3405 701 3467 operum
722 3394 816 3451 estet
834 3385 902 3446 licta
920 3400 1074 3447 meornme

152 3474 224 3537 Plus
247 3474 304 3537 sibi
326 3475 463 3556 permisit
485 3478 684 3554 compositore
708 3492 780 3536 suo.

150 3561 213 3625 Neo
237 3562 313 3625 liber
340 3564 483 3626 indicium
507 3571 553 3625 est
575 3563 688 3644 animi,
716 3563 767 3625 sed
791 3562 916 3624 honesta
939 3560 1073 3641 voluptas
