2467 4042
419 218 466 273 1v.
485 221 634 307 naq-ass.
966 214 1031 279 291

7 448 8 451 Ἴ
157 377 283 440 Reddita
306 382 433 459 quaesiti
455 398 543 442 eausa
566 382 677 442 ferroris
700 388 780 442 erat.

7 454 8 475 ¹
115 462 194 527 ‘Hoc
218 484 357 549 quoque,
381 468 442 528 dnx
465 472 586 548 operis,
609 487 752 547 moneas,
775 486 883 548 precor
895 515 904 549 ,
927 468 1005 530 unde
1087 547 1091 555 ¹

661 560 752 637 petita

158 642 300 705 Venerit.
342 662 379 705 an
401 652 502 705 nostra
526 662 645 723 semper
667 648 698 706 in
721 644 800 706 Urbe
823 639 921 706 iuit‘?'

6 718 8 757 ¹
114 726 296 811 ‘Dindymon
319 741 350 793 et
373 731 500 811 Cybelen
525 742 556 793 et
577 751 730 793 amoenam
752 731 884 794 fontibus
907 731 978 793 Iden

6 806 10 847 ¹
44 831 99 880 aaa
159 818 283 899 Semper
307 828 337 882 et
360 819 462 881 iiiaoas
484 819 579 882 Matar
601 823 709 882 amarit
731 840 820 900 opes:

6 900 7 935 ³
113 905 188 968 Cum
211 908 330 969 Troiam
352 909 468 969 deneas
488 908 577 970 Italos
599 918 733 988 portaret
755 911 786 970 in
809 926 913 988 agros,

6 988 9 1027 ¹
157 995 211 1056 Est
233 995 289 1057 dea
311 996 467 1057 sacriferas
490 1015 583 1076 paene
606 1005 708 1058 secuta
732 1007 829 1077 rates,

8 1102 11 1113 ·
69 1137 75 1141 .
113 1082 171 1144 Sed
195 1084 325 1145 nondum
348 1085 417 1146 satis
439 1084 522 1145 Latio
544 1104 600 1147 sua
622 1088 744 1146 numina
765 1086 850 1165 posci

6 1166 7 1187 ¹
156 1170 318 1252 Senserat,
341 1173 472 1234 adsuetis
494 1173 728 1252 substiteratque
750 1173 840 1235 locis.

6 1254 12 1295 ¹
41 1270 96 1320 add
112 1258 204 1338 Post,
227 1269 262 1320 ut
283 1259 377 1321 Roma
399 1270 505 1339 potens
527 1261 635 1341 opibus
656 1264 714 1322 iam
737 1261 854 1324 saecula
880 1264 1011 1340 quinque

156 1344 235 1408 Vidit
247 1393 257 1427 ‚
279 1357 310 1408 et
332 1348 461 1408 edomito
484 1348 605 1409 sustulit
627 1348 699 1409 orbe
722 1359 829 1428 eaput,

6 1436 9 1475 ¹
112 1431 258 1494 Carminis
280 1433 405 1495 Earboiei
427 1435 525 1496 satalia
548 1435 638 1496 rerba
660 1437 799 1497 sacerdos

6 1526 9 1565 ¹
155 1520 301 1602 inspicit3
322 1524 490 1602 inspectum
513 1522 570 1584 tate
593 1524 686 1584 inisse
709 1524 826 1587 ierunt:

112 1604 234 1671 “Mater
256 1609 357 1672 abest:
388 1609 512 1671 Matrem
534 1610 646 1690 iubeo,
669 1611 821 1691 Romane,
845 1615 996 1691 requiras.

40 1710 96 1760 260
155 1697 229 1759 Cum
252 1700 351 1760 veniet
363 1744 372 1777 ,
395 1706 476 1760 easta
499 1707 545 1760 est
565 1700 737 1779 arripienda
761 1697 891 1763 mann·.''

6 1792 9 1833 ¹
110 1785 263 1848 Obscurae
286 1787 376 1847 sortis
398 1795 499 1866 patres
521 1787 694 1867 ambagibus
717 1797 835 1868 errant,

155 1873 272 1944 Quaere
295 1892 404 1954 parens
427 1873 524 1955 absit,
547 1894 643 1954 quove
665 1876 792 1956 petenda
815 1877 897 1939 loeo.

6 1952 7 1959 '
110 1960 282 2023 Consulitur
300 1961 418 2043 Paean,
438 1957 649 2043 “dirum'’qne
674 1960 843 2027 “arcessite
862 1965 985 2027 Matrem
994 1961 1027 2048 ,''

6 2060 9 2097 ¹
153 2049 250 2129 inquit
273 2045 331 2112 “in
354 2049 441 2111 idaeo
464 2059 511 2112 est
532 2054 708 2115 invenienda
730 2048 846 2133 ingo.''

7 2148 9 2187 ¹
38 2137 268 2202 restituuntor
290 2157 452 2220 proderes.
494 2139 639 2220 Phrygiae
666 2150 739 2203 tune
767 2151 885 2221 sceptra
907 2142 1028 2205 tenebat

152 2227 290 2290 Attalns:
321 2227 463 2290 Ausoniis
483 2246 546 2289 rem
570 2239 659 2308 negat
680 2229 730 2290 iiie
753 2232 841 2292 viris.

108 2314 182 2376 Mira
204 2333 329 2377 canam.
369 2315 458 2395 longo
480 2320 603 2378 tremuit
626 2336 695 2379 carm
717 2335 870 2380 murmure
894 2318 999 2399 teitus,

151 2404 190 2464 Et
212 2406 257 2465 sie
280 2412 327 2465 est
348 2404 443 2483 adytis
465 2404 531 2465 dira
553 2406 652 2467 loonta
675 2409 756 2469 suis:

108 2487 202 2570 “ipsa
224 2494 286 2572 peti
309 2491 410 2552 volui.
451 2510 489 2553 ne
511 2495 551 2554 sit
572 2511 677 2554 mora.
715 2496 803 2555 mitte
826 2495 989 2557 volentem.

36 2592 93 2642 aro
152 2580 264 2659 dignus
286 2578 379 2641 Roma
402 2579 485 2641 ioous
498 2627 507 2659 ,
531 2599 590 2660 quo
613 2581 688 2643 deus
711 2585 807 2643 omnis
830 2578 924 2645 eat.''

106 2666 157 2728 lile
181 2670 246 2728 soni
270 2677 385 2730 terrore
408 2686 517 2747 pavens
541 2664 759 2749 “proficiscere
773 2665 810 2750 ‚'’
833 2672 908 2733 dixit

151 2751 286 2818 “Nostra
309 2759 392 2819 eris:
422 2759 458 2818 in
477 2756 621 2837 Phrygios
643 2758 736 2820 Roma
759 2760 890 2822 retertur
912 2756 1024 2823 avos.'’

104 2844 247 2907 Protinus
268 2847 442 2908 innumerae
465 2846 593 2907 caedunt
615 2849 715 2926 pineta
738 2866 861 2910 secures

148 2933 222 3014 liia,
244 2934 353 3015 quibus
376 2935 492 3014 fugiens
515 2933 613 3014 Phryx
636 2937 704 3014 pins
728 2954 801 2998 usus
823 2946 905 3001 erat.

7 3034 10 3075 t
33 3035 90 3084 aaa
104 3020 182 3081 Mille
205 3040 310 3084 manus
333 3031 464 3102 coeunt,
488 3032 518 3085 et
540 3024 617 3101 pieta
642 3024 792 3086 coloribus
816 3027 891 3086 ustis

149 3108 313 3171 Caelestum
336 3110 459 3173 Matrem
483 3129 609 3172 conpara
633 3115 741 3191 puppis
764 3112 869 3174 habet.

104 3195 225 3257 iiia'sui
248 3214 302 3275 per
323 3216 414 3276 aquas
437 3198 532 3261 iertur
555 3201 703 3261 tutissima
725 3202 805 3280 nati,

147 3283 305 3364 Longaque
328 3285 471 3350 Phrixeae
495 3295 596 3367 stagna
621 3291 732 3349 sororis
756 3288 834 3351 adit:

101 3373 327 3452 Rhoeteumque
349 3393 461 3455 rapax,
485 3375 630 3456 Sigeaque
653 3376 740 3437 litora
762 3380 886 3457 transit,

8 3476 86 3528 ¹280
145 3462 183 3523 Et
207 3462 369 3542 Tenedon,
392 3472 508 3526 veteres
531 3464 666 3525 Eetionis
688 3482 779 3545 opes.

100 3550 241 3631 Cyclades
264 3554 437 3633 excipiunt,
460 3552 555 3614 Lesbo
578 3561 647 3632 post
670 3562 752 3633 terga
774 3554 893 3630 relicta,

806 3653 858 3709 19⁸
