2467 4042
156 228 219 293 100
572 231 743 283 rnrsmun

242 394 350 455 Libera
371 402 519 456 tormento
543 412 612 474 pars
635 393 768 455 mihine
791 411 850 473 qua
872 404 973 476 vacet,

212 483 359 561 uPerque
383 483 446 544 dies
469 482 578 544 multos
600 481 703 569 lateris
726 481 907 544 cruciatibus
930 501 1021 565 uror,

244 570 303 631 Seu
326 589 374 633 me
397 589 458 632 non
480 571 596 632 modico
620 570 731 649 frigore
754 570 840 632 laesit
861 570 975 632 biems.

245 659 277 720 Si
299 667 398 721 tanen
420 662 484 738 ipse
508 659 608 740 vales,
631 656 729 736 aliqua
751 676 806 719 nos
828 668 913 738 parte
936 659 1087 723 valemus:

244 746 360 827 Quippe
383 765 448 808 mea
471 755 518 808 est
540 748 652 809 umeris
675 746 749 807 fulta
771 748 858 808 ruina
881 750 942 808 tuis
954 795 963 829 ,

245 835 325 917 Qui,
348 836 421 897 mihi
444 854 512 896 cum
535 834 654 895 dederis
676 836 808 912 ingentia
830 837 954 914 pignora
977 853 1109 916 cumque

197 936 230 985 10
243 923 302 984 Per
325 941 466 985 numeros
490 940 593 985 omnes
615 922 673 983 hoc
695 930 798 983 tueare
822 930 928 1004 capnt,

245 1011 331 1082 Quod
354 1020 404 1073 tua
426 1029 474 1072 me
497 1029 566 1072 raro
589 1010 702 1072 solatur
725 1011 867 1091 epistola,
889 1028 1012 1090 peccas.

245 1098 358 1161 Remne
381 1102 460 1180 piam
481 1107 637 1181 praestas,
659 1101 686 1160 si
708 1097 781 1159 mihi
804 1098 894 1160 verba
917 1096 1034 1179 negas?

244 1186 308 1248 Hoc
320 1232 330 1269 ,
353 1206 483 1269 precor,
505 1184 650 1248 emenda!
687 1185 766 1266 quod
790 1189 817 1247 si
839 1190 1006 1249 correxeris
1029 1206 1144 1272 unum,

245 1274 351 1337 Nullus
374 1277 547 1356 inegregio
572 1293 697 1355 corpore
720 1292 832 1336 naevus
855 1278 929 1337 erit.

198 1377 231 1427 15
246 1362 384 1427 Pluribus
407 1382 567 1445 accusem,
589 1364 655 1424 fieri
678 1365 737 1425 nisi
759 1364 876 1444 possit,
898 1370 933 1425 nt
955 1364 991 1425 ad
1014 1383 1062 1425 me

245 1451 358 1514 Littera
380 1471 441 1514 non
463 1454 583 1532 veniat,
606 1453 696 1512 missa
719 1452 758 1512 sit
780 1450 830 1512 illa
853 1459 969 1512 tanna.

245 1540 285 1601 Di
307 1542 416 1603 faciant
427 1589 437 1623 ,
459 1549 494 1603 nt
516 1543 555 1602 sit
577 1541 735 1601 temeraria
757 1547 859 1601 nostra
881 1539 1030 1619 querella,

246 1627 347 1708 Teque
370 1636 473 1709 putem
496 1628 568 1689 falso
592 1645 652 1689 non
674 1628 845 1689 meminisse
868 1625 945 1689 meil

247 1717 332 1788 Quod
350 1735 475 1798 precor,
490 1734 556 1777 esse
574 1715 685 1795 liquet.
708 1733 806 1795 neque
824 1717 904 1777 enim
917 1714 1057 1777 mutabile
1070 1717 1171 1778 robur

199 1805 376 1867 accredere
399 1824 446 1866 me
470 1805 515 1866 fas
538 1812 584 1865 est
605 1806 737 1884 pectoris
761 1821 826 1865 esse
851 1806 911 1865 tui.

247 1893 325 1955 Cana
347 1895 432 1972 prius
455 1890 551 1971 gelido
575 1892 674 1953 desint
695 1891 842 1953 absinthia
864 1890 978 1974 Ponto,

246 1981 286 2043 Et
308 1991 407 2042 eareat
428 1980 509 2042 dulci
531 1979 682 2041 Trinacris
705 1979 799 2058 Hybla
821 1979 939 2061 thymo,

247 2070 444 2131 inmemorem
467 2086 555 2148 quam
577 2076 607 2130 te
631 2070 788 2147 quisquam
811 2069 965 2130 convincat
988 2070 1093 2132 amici.

248 2159 314 2220 Non
336 2160 377 2219 ita
399 2164 469 2219 sunt
492 2158 545 2218 lati
567 2158 693 2217 stamina
715 2159 799 2235 nigra
821 2154 897 2217 meli

200 2258 234 2309 25
248 2246 294 2309 Tu
317 2256 435 2328 tamen,
457 2253 491 2306 ut
512 2245 609 2325 possis
633 2244 721 2306 falsae
745 2261 864 2324 qnoque
887 2242 996 2322 pellere
1019 2243 1125 2324 culpae

249 2334 400 2415 Crimina,
423 2334 502 2413 quod
525 2350 585 2394 non
609 2349 664 2413 es,
687 2349 725 2393 no
747 2331 888 2412 videare,
911 2329 998 2392 cavei

247 2422 346 2503 thue
369 2421 535 2483 solebamus
559 2438 735 2482 consumere
758 2417 844 2498 longa
866 2418 1013 2498 loquendo

248 2510 416 2591 Tempora,
440 2527 608 2571 sermonem
631 2507 786 2569 deficiente
809 2506 875 2587 die,

251 2598 300 2661 Sic
323 2599 399 2659 ferat
421 2616 454 2659 ao
477 2599 589 2659 referat
611 2598 715 2658 tacitas
738 2613 818 2658 nunc
840 2595 939 2657 littera
961 2611 1068 2676 voces,

202 2701 236 2749 30
250 2687 288 2748 Et
310 2695 453 2767 peragant
474 2685 591 2765 linguae
615 2684 716 2745 charta
738 2701 902 2763 manusque
925 2685 1021 2745 vices.

251 2776 335 2848 Quod
358 2776 422 2836 fore
444 2792 482 2835 ne
505 2776 630 2835 nimium
653 2772 753 2834 ridear
775 2772 928 2853 diffidere,
951 2774 1048 2851 sitque

250 2862 391 2925 Versibus
414 2862 471 2924 hoc
493 2864 596 2942 paucis
619 2861 806 2923 admonuisse
830 2863 919 2940 satis,

250 2953 381 3034 decipe,
404 2969 463 3031 qno
487 2967 605 3029 semper
627 2949 730 3010 finitur
753 2947 876 3028 epistula
898 2947 1007 3028 verbo,

250 3041 369 3120 Atque,
391 3040 466 3101 meis
488 3038 600 3099 distent
622 3045 656 3099 nt
678 3045 730 3097 tua
752 3038 832 3118 lata,
854 3033 935 3097 valel

617 3229 710 3302 XIV.
762 3244 765 3250 '

253 3392 369 3463 Quanta
390 3391 445 3453 tibi
467 3390 601 3452 dederim
623 3390 736 3450 nostris
758 3397 948 3452 monumenta
970 3383 1097 3466 libellis,

253 3479 277 3541 Ο
301 3479 373 3540 mihi
395 3498 442 3541 me
466 3481 594 3541 coniunx
617 3474 737 3559 carior,
759 3479 822 3556 ipsa
845 3475 943 3537 vides.

253 3565 393 3628 Detrahat
415 3570 530 3629 auctori
552 3565 678 3627 multum
702 3566 842 3647 fortuna,
864 3563 981 3626 licebit:
