2467 4042
331 295 358 367 l,
376 293 432 367 ta,
449 293 491 354 20
507 328 544 339 -
560 292 614 369 14,
632 295 683 357 at.
978 295 1018 358 lc

84 451 207 523 lurida,
229 447 288 524 quo
304 453 480 524 properas?
502 446 591 519 Quod
609 457 673 521 erat
687 450 741 509 tibi
760 449 841 509 filius
856 457 935 522 ater,

122 532 251 595 Materni
266 533 366 593 fuerat
382 532 516 608 pectoris
534 531 584 591 ille
600 534 695 593 color.

45 625 75 679 35
85 617 215 679 Tithono
231 618 341 677 vellem
356 617 395 676 de
409 621 440 677 te
456 631 580 675 narrare
596 616 713 677 liceret:

123 701 251 762 Femina
264 717 325 761 uon
342 701 429 760 caelo
444 699 563 776 turpior
580 702 640 761 ulla
656 703 741 761 foret.

83 784 169 847 Illum
185 788 257 847 dum
270 783 388 859 refugis
404 785 511 859 longe,
536 784 608 859 quia
623 779 770 861 grandior
784 801 872 859 aevo,

123 869 233 945 Surgis
247 868 289 928 ad
303 869 421 929 invisas
437 885 455 928 a
470 883 545 928 sene
559 884 649 929 mane
664 875 758 930 rotas.

84 953 122 1013 At
135 955 178 1029 si,
202 969 292 1028 quem
312 953 419 1027 malis,
442 952 608 1027 Cephalum
624 954 786 1030 complexa
799 960 935 1028 teneres,

47 1044 76 1096 tc
130 1038 284 1098 clamares
300 1038 395 1097 ‘lente
410 1037 534 1110 currite,
557 1039 657 1098 noctis
673 1038 767 1114 equi.’

85 1120 142 1181 Cur
155 1138 216 1197 ego
232 1123 349 1196 plectar
363 1136 486 1194 amans,
510 1121 537 1180 si
552 1120 600 1180 vir
613 1123 666 1181 tibi
681 1131 796 1182 marcet
810 1119 848 1180 ab
865 1123 973 1181 anuist

123 1205 201 1264 llum
215 1220 264 1264 me
279 1205 412 1279 nupsisti
428 1204 610 1265 conciliante
626 1206 716 1265 seuit

85 1288 213 1365 Aspice,
236 1296 313 1364 quot
327 1304 455 1349 somnos
470 1288 573 1349 iuveni
590 1289 711 1350 donarit
727 1296 826 1350 amato

124 1373 220 1434 Luna.
249 1388 352 1447 neque
366 1372 447 1433 illius
463 1373 561 1433 torma
576 1374 714 1434 secunda
729 1382 807 1434 tuae.

47 1465 77 1519 45
87 1457 157 1533 lpse
173 1457 265 1517 deum
280 1457 414 1531 genitor,
438 1473 476 1516 ue
491 1463 520 1516 te
530 1464 596 1517 ,tam
610 1473 707 1533 saepe
722 1457 848 1532 videret,

124 1542 281 1602 Commisit
295 1548 402 1627 noctes
418 1541 447 1600 in
463 1558 521 1601 sua
534 1548 608 1602 vota
628 1542 715 1602 duas.

85 1624 182 1701 iurgia
196 1625 345 1685 finieram.
377 1623 480 1685 Scires
497 1625 632 1685 audisse.
654 1624 790 1687 rubebat.

123 1710 184 1770 Nec
199 1715 300 1770 tamen
316 1710 446 1771 adsueto
460 1710 578 1770 tardius
595 1716 661 1769 orta
676 1709 752 1770 dies.

21 1839 62 1933 11
87 1839 237 1936 Dicebam
252 1875 420 1934 ‘medicare
435 1882 505 1935 tuos
521 1875 638 1936 desiste
654 1877 815 1952 capillost’

122 1961 251 2035 lingere
269 1975 361 2034 quam
377 1959 498 2034 possis,
521 1959 581 2019 iam
596 1959 650 2020 tibi
666 1962 749 2021 nulla
765 1976 853 2021 coma
872 1967 929 2020 est.
980 2035 982 2039 Ι
1001 2047 1007 2052 ⁸

84 2046 122 2103 at
139 2045 166 2104 si
181 2059 279 2118 passa
292 2043 391 2115 iores,
415 2043 490 2118 quid
504 2054 570 2105 erat
583 2045 752 2120 spatiosius
767 2045 848 2106 illisa

126 2128 321 2202 Contigerant
335 2127 442 2202 imum,
467 2144 526 2202 qua
541 2135 626 2203 patet
639 2144 755 2205 usque,
777 2132 866 2189 latus.

62 2209 173 2287 apud,
198 2212 282 2287 quod
298 2217 385 2271 eraut
398 2217 522 2286 tenues,
542 2218 572 2272 et
587 2229 668 2287 quos
683 2228 792 2272 ornare
808 2213 939 2286 timeres,

122 2297 202 2355 Vela
217 2295 344 2356 colorati
360 2295 463 2369 qualia
478 2294 570 2357 Seres
584 2295 708 2371 habeut,

84 2379 137 2438 Vel
151 2380 235 2456 pede
253 2379 339 2454 quod
354 2379 459 2453 gracili
474 2378 601 2441 deducit
614 2396 727 2441 aranea
743 2379 836 2454 iilum,

125 2464 200 2525 cnm
214 2465 283 2524 leve
300 2464 424 2524 deserta
439 2464 496 2524 sub
512 2466 599 2525 trabe
614 2465 707 2525 nectit
722 2480 811 2539 opus.

85 2545 143 2607 Nec
157 2557 259 2609 tamen
275 2554 342 2608 ater
357 2554 436 2622 erat,
460 2564 517 2609 uec
532 2556 597 2609 erat
611 2556 712 2609 tamen
728 2563 840 2609 aureus
855 2547 913 2621 ilie,

54 2636 79 2690 to
127 2632 207 2707 Sed,
230 2631 372 2707 quamvis
391 2638 513 2706 neuter,
535 2633 649 2693 mixtus
665 2641 793 2708 uterque
808 2632 908 2693 color:

86 2714 210 2790 Qualem
228 2717 365 2776 clivosae
380 2717 512 2776 madidis
528 2717 558 2777 in
574 2717 706 2778 vallibus
720 2718 793 2777 ldae

122 2800 232 2862 Ardua
250 2800 379 2876 derepto
395 2802 508 2861 cortice
527 2801 641 2862 cedrus
653 2800 754 2862 babet.

85 2884 172 2946 Adde
188 2885 273 2961 quod
288 2892 319 2944 et
333 2884 451 2945 dociles
466 2893 496 2946 et
510 2894 631 2947 ceuturu
646 2884 779 2946 flexibus
795 2882 866 2961 apti,

121 2970 160 3030 Et
172 2969 227 3031 tibi
244 2970 355 3031 nullius
370 2986 466 3031 causa
480 2971 596 3031 doloris
612 2976 707 3031 erant.

53 3052 150 3113 ltllon
167 3069 243 3114 acus
259 3052 396 3129 abrupit,
418 3072 480 3115 nou
495 3057 608 3116 vallum
625 3053 755 3131 pectinis
770 3054 850 3113 illos.

124 3137 266 3198 Ornatrix
280 3145 345 3199 tuto
361 3154 492 3214 corpore
508 3155 632 3215 semper
648 3146 720 3200 erat.

83 3221 160 3282 Ante
177 3238 263 3283 meos
279 3238 374 3300 saepe
390 3229 438 3283 est
450 3224 557 3284 oculos
573 3216 695 3296 ornata,
718 3239 775 3284 nec
789 3240 933 3301 umquam
977 3252 981 3259 ·

122 3306 274 3367 Bracchia
288 3308 416 3384 derepta
432 3307 538 3370 saucia
553 3308 625 3368 lecit
639 3323 706 3368 acu.
960 3313 963 3319 '

84 3388 186 3466 Saepe
200 3391 306 3465 etiam,
326 3392 463 3452 nondum
479 3391 607 3466 digestis
622 3407 710 3452 mane
725 3393 853 3469 capillis,

50 3479 78 3533 to
124 3474 283 3551 Purpureo
298 3475 392 3537 iacuit
406 3476 595 3552 semisupina
612 3482 690 3537 toro.

83 3560 157 3621 Tum
174 3575 297 3636 quoquc
311 3566 376 3622 erat
390 3562 525 3621 neclecta
542 3561 674 3632 decens,
695 3569 728 3621 ut
742 3561 867 3676 Threcia
883 3557 1003 3619 Bacoba

811 3655 828 3698 a
