2467 4042
450 235 497 285 IV.
515 246 549 286 1v
563 237 654 286 55-v
669 237 711 286 34.

168 576 193 637 0
216 575 288 636 mihi
311 572 434 635 dilectos
457 575 536 634 inter
558 590 628 652 pars
650 573 746 652 prima
768 571 901 654 sodales,

168 664 261 725 Unica
284 663 413 723 fortunis
435 678 486 721 ara
507 666 627 740 reperta
650 663 742 740 meis,

169 752 261 813 Curius
284 749 320 810 al)
343 749 489 828 adloquiis
511 751 609 809 anima
630 747 703 810 haec
727 748 903 811 moribunda
925 750 1048 829 revixit,

170 839 208 900 Ut
230 837 299 917 vigil
323 838 420 898 inlusa
442 836 559 897 Pallade
582 837 698 897 flamma
722 836 814 918 solat3

139 926 229 998 noui
250 928 364 986 veritus
387 942 446 985 non
469 942 503 985 es
525 933 631 1005 portus
654 928 770 1004 aperire
793 923 895 987 fideles

169 1014 304 1075 Fulmine
327 1030 487 1093 percussae
511 1013 744 1092 confugiumque
767 1014 842 1094 rati3

170 1103 262 1164 Cuius
286 1119 367 1163 eram
390 1118 483 1162 censu
506 1119 565 1161 non
589 1119 637 1161 me
661 1119 806 1162 sensurus
828 1108 986 1186 egentem,

170 1190 201 1250 Si
225 1190 331 1251 Caesar
354 1191 465 1269 patrias
488 1191 648 1268 eripuisset
669 1188 759 1269 opcsl

169 1277 327 1358 Temporis
349 1276 474 1338 oblitum
498 1276 569 1338 dum
591 1295 639 1337 me
662 1280 741 1357 rapit
762 1281 892 1358 impetus
914 1277 1024 1358 huius,

124 1379 157 1427 10
171 1366 289 1427 Excidit
310 1364 391 1426 heul
424 1383 532 1428 noman
555 1383 645 1444 quam
667 1365 740 1426 mihi
761 1383 855 1445 paene
877 1364 980 1427 tuuml

169 1453 215 1515 Tu
237 1462 336 1514 tamen
359 1455 495 1532 agnoscis
517 1461 675 1533 tactusque
698 1453 837 1532 cupidine
860 1453 974 1535 landis,

169 1538 233 1603 ‘llle
256 1559 311 1621 ego
335 1536 412 1602 sum'
436 1558 563 1621 cuperes
585 1540 686 1601 dicare
708 1558 796 1620 posse
819 1542 933 1622 palam.

170 1630 257 1691 Certe
280 1647 358 1709 ego,
380 1631 407 1689 si
429 1632 545 1691 sineres
557 1676 567 1710 ‚
593 1628 714 1690 titulum
741 1628 794 1690 tibi
818 1629 945 1691 reddere
967 1628 1090 1708 uellem,

169 1717 208 1780 Et
230 1735 327 1779 raram
351 1717 445 1778 lamae
469 1716 628 1778 conciliare
652 1717 758 1778 iidem.

123 1818 155 1867 15
169 1807 213 1867 Ne
236 1823 358 1867 noceam
381 1813 467 1885 grato
489 1823 594 1866 vereor
617 1804 672 1865 tibi
694 1806 848 1887 carmine,
870 1823 944 1867 neve

170 1895 398 1973 Intempestivus
421 1895 549 1955 nominis
572 1893 671 1954 obstet
693 1892 806 1955 honor.

171 1981 256 2054 Quod
279 1981 349 2043 linet
372 1988 403 2041 ct
426 1989 523 2043 tutum
546 1989 614 2063 est,
637 1984 715 2043 intra
738 1989 788 2042 tua
811 1990 933 2062 pectora
955 1981 1069 2063 gaude,

168 2070 275 2150 Meque
298 2071 344 2131 tui
366 2087 529 2131 memorem
550 2078 641 2149 teque
664 2071 757 2131 luisse
779 2072 879 2149 pium.

169 2158 266 2238 thue
291 2159 363 2219 lacis
375 2204 385 2238 ‚
407 2160 499 2218 remis
521 2157 558 2218 ad
581 2176 670 2237 opem
691 2157 804 2219 luctare
827 2157 998 2238 ferendam,

122 2258 156 2307 20
171 2246 246 2307 llum
269 2248 368 2306 veniat
388 2245 504 2326 placido
527 2245 644 2307 mollior
666 2264 738 2307 aura
760 2246 835 2328 deo;

170 2334 209 2394 Et
231 2342 328 2395 tutare
351 2342 442 2413 caput
464 2332 538 2396 nulli
560 2334 728 2416 curabile,
751 2337 778 2395 si
800 2352 860 2396 non

171 2422 229 2494 Qui
251 2424 356 2483 mersit
379 2422 479 2503 Stygia
491 2468 501 2502 ‚
524 2421 659 2484 sublevet
680 2421 776 2503 illud,
799 2440 892 2502 equa:

170 2509 295 2590 Teque,
315 2511 394 2588 qued
411 2519 459 2572 est
476 2528 600 2592 rarum,
623 2519 741 2589 praesta
759 2518 931 2572 constanter
948 2510 985 2571 ad
1004 2528 1091 2571 omne

169 2597 367 2659 indeclinatae
388 2616 498 2662 munus
521 2597 684 2660 amicitiael

122 2697 156 2746 25
172 2686 221 2748 Sic
244 2696 296 2749 tua
317 2705 477 2767 processus
499 2686 606 2750 habeat
628 2688 748 2749 fortuna
770 2704 936 2769 perennes,

154 2775 220 2836 .Sic
243 2793 300 2856 epe
323 2794 383 2837 non
407 2794 494 2856 egeas
516 2778 604 2858 ipse,
625 2779 769 2856 iuvesque
792 2774 879 2838 tuosl

171 2864 221 2925 Sic
244 2873 352 2943 aequet
374 2874 425 2927 tua
448 2872 540 2944 nupta
562 2867 660 2926 virum
682 2864 813 2925 bonitate
835 2865 975 2944 perenni,

168 2951 284 3013 Incidet
306 2961 336 3012 et
357 2960 459 3013 vestro
480 2969 547 3012 rara
570 2951 702 3032 querella
724 2960 808 3013 toro.

170 3038 277 3117 Diligat
300 3048 331 3099 et
353 3057 471 3117 semper
494 3041 594 3100 accim
616 3049 646 3100 te
670 3041 823 3118 sanguinis
845 3037 915 3118 illo,

122 3137 156 3186 ³0
171 3125 236 3197 Quo
259 3127 328 3204 pius
350 3128 458 3187 allectu
482 3125 603 3188 Castora
627 3127 719 3187 irater·
741 3124 835 3186 amatl

172 3213 222 3273 Sic
245 3215 362 3274 iuvenis
385 3212 548 3292 similisque
573 3212 627 3274 tibi
649 3215 689 3274 sit
711 3220 821 3292 natus,
844 3222 875 3273 et
897 3209 980 3272 illum

169 3300 304 3362 Moribus
327 3309 467 3381 agnoscat
489 3300 615 3380 quilibet
638 3317 703 3361 asse
726 3298 830 3361 tuuml

171 3389 221 3451 Sic
244 3389 332 3451 iaciat
353 3406 493 3451 socerum
515 3389 599 3450 taeda
623 3398 653 3450 te
676 3395 744 3450 nata
766 3387 873 3468 iugali,

169 3476 232 3540 Nec
255 3478 373 3541 tardum
397 3481 496 3540 iuveni
519 3477 570 3540 det
593 3477 648 3539 tibi
670 3494 779 3538 nomen
801 3474 865 3537 avil
