2467 4042
379 242 425 295 IV.
444 252 517 293 ml
532 242 658 294 b4-XVI
673 242 715 293 16.

598 320 612 345 ο

177 406 224 467 Sis
246 412 456 484 argumentum
478 406 574 464 maius
586 451 595 484 ,
620 422 657 464 ao
680 403 839 465 auxilium.

25 499 27 502 ’
132 493 192 555 Neo
216 492 355 555 dubitans
377 510 453 554 oroi
485 492 537 553 sed
560 493 683 553 llumioe
706 510 793 570 saepe
816 491 948 552 secundo

72 633 74 638 ,
177 584 310 661 Augetur
332 584 422 642 remis
446 599 554 642 cursus
576 583 676 641 euntis
699 598 809 660 aquae.

133 670 170 734 Et
193 671 284 749 pudet
308 676 338 730 et
357 676 461 744 ,metuo
485 687 662 748 semperque
686 669 847 748 eademque
870 667 1005 749 precari,
1110 715 1116 726 .

83 771 120 820 30
178 757 221 819 Ne
245 757 372 819 subeant
394 760 492 818 animo
516 757 611 818 taedia
634 759 713 818 iusta
736 766 804 819 tuo.

133 845 242 907 Verum
265 846 337 926 quid
361 842 495 907 faciam?
527 863 577 906 res
599 845 783 906 inmoderata
806 844 914 924 cupido
937 849 1001 904 est.

178 933 220 994 Da
243 937 358 995 veniam
381 936 475 1014 vitio,
497 935 578 995 mitis
601 936 717 1013 amice,
740 951 824 995 meo.

133 1022 272 1084 Scribere
295 1041 382 1102 saepe
406 1021 485 1082 aliud
509 1025 633 1101 cupiens
656 1021 778 1083 delabor
801 1020 923 1082 eodemt

177 1110 257 1190 [lpsa
279 1110 377 1172 locum
401 1129 455 1190 per
478 1129 510 1171 se
533 1110 632 1171 littera
655 1119 757 1171 nostra
780 1108 898 1190 rogat]

83 1213 118 1262 eo
134 1200 193 1260 Seu
217 1206 316 1260 tamen
340 1200 464 1260 effectus
487 1198 625 1259 habitura
649 1208 695 1260 est
717 1201 833 1278 gratia,
855 1216 908 1259 seu
931 1215 979 1258 me
998 1208 1055 1262 (14⁴)

177 1286 256 1348 Dura
279 1286 362 1348 iubet
384 1286 482 1365 gelido
504 1287 598 1349 Parca
621 1286 678 1349 sub
701 1305 756 1348 axe
778 1289 873 1348 mori:

128 1374 260 1452 Semper
282 1373 403 1435 inoblita
427 1382 560 1452 repetam
583 1383 635 1435 tua
657 1393 782 1436 munera
806 1383 922 1456 mente,

178 1461 216 1521 Et
239 1480 303 1522 mea
327 1480 375 1522 me
399 1461 487 1533 tellus
510 1461 610 1523 audiet
633 1471 699 1523 este
723 1472 826 1523 tuum.

134 1549 242 1611 Audiet
264 1557 295 1610 et
318 1549 399 1610 caelo
422 1551 517 1629 posita
540 1557 586 1611 est
609 1568 814 1629 quaecumque
838 1549 894 1611 sub
918 1550 998 1631 ullo,

84 1651 119 1701 40
178 1638 298 1699 Transit
321 1646 422 1698 nostra
445 1638 526 1699 leros
549 1638 687 1699 simodo
711 1637 794 1699 ldnsa
817 1638 924 1721 Getas,

134 1725 236 1805 Teque
260 1728 342 1786 meae
366 1743 485 1787 causam
509 1735 751 1806 servatoremque
774 1725 899 1808 salutis,

178 1814 285 1893 Meque
307 1822 394 1877 tuum
416 1813 492 1875 libra
514 1818 596 1876 norit
618 1822 649 1877 et
672 1833 741 1876 aere
764 1818 880 1877 minus.

503 2007 597 2082 XVI.

134 2168 258 2250 lovide,
281 2169 352 2248 quid
376 2168 490 2230 laceras
513 2168 639 2230 Nasonis
663 2171 792 2230 carmina
816 2165 921 2248 rapti?

178 2256 243 2318 Non
268 2257 344 2318 solet
366 2259 493 2337 ingeniis
516 2275 631 2318 summa
654 2275 763 2319 nocere
787 2258 868 2338 dies,

134 2343 284 2424 Famaque
307 2353 376 2424 post
398 2347 515 2406 cineres
538 2348 632 2406 maior
655 2348 758 2407 venit.
800 2353 830 2406 et
852 2346 926 2407 mibi
948 2363 1059 2408 nomen

178 2432 264 2493 'lunc
288 2451 407 2512 quoque
419 2479 429 2513 ,
452 2451 521 2495 cum
545 2436 618 2494 vivis
643 2434 855 2495 adnumerarer
867 2481 877 2514 ‚
901 2442 982 2497 erat:

105 2520 210 2584 ellum
234 2522 312 2582 toret
334 2529 365 2581 et
387 2520 502 2584 Marsus
527 2524 685 2602 magnique
707 2521 847 2584 Rabirius
870 2525 931 2584 oris

180 2608 346 2689 lliacusque
369 2609 469 2671 Macer
492 2609 689 2690 sidereusque
712 2609 810 2673 Pedo:

135 2698 173 2760 Et
185 2745 194 2779 ,
218 2700 272 2778 qui
294 2697 438 2760 lunonem
463 2699 598 2762 laesisset
621 2701 653 2760 in
676 2698 826 2781 Hercule,
849 2697 961 2782 Carus,

178 2787 300 2849 lunonis
324 2789 350 2849 si
373 2790 433 2849 iam
456 2807 515 2850 non
538 2806 631 2867 gener
654 2788 703 2850 ille
727 2789 824 2849 soret:

133 2876 252 2956 Quique
277 2875 360 2937 dedit
382 2875 466 2939 Latio
490 2895 609 2939 carmen
634 2876 733 2958 regale
756 2876 903 2958 Severus,

88 2979 120 3027 ιο
178 2965 217 3025 Et
239 2982 308 3027 cum
332 2964 436 3026 subtili
458 2964 580 3027 Priscus
603 2975 731 3044 uterque
755 2964 869 3027 Numa:

135 3052 252 3129 Quique
278 3051 324 3113 rel
345 3052 509 3132 imparibus
532 3056 688 3134 numeris,
705 3054 865 3131 Montano,
888 3052 935 3113 vel
958 3052 1062 3132 aequis

181 3140 300 3200 Safficis
312 3185 322 3219 ,
345 3148 377 3200 et
398 3142 517 3219 gemino
540 3143 672 3201 carmine
695 3157 804 3201 nomen
827 3139 937 3202 babes:

134 3226 173 3288 Et
197 3230 247 3307 qui
270 3227 435 3306 Penelopae
459 3227 626 3289 rescribere
649 3230 738 3289 iussit
759 3227 865 3288 Ulixen

179 3316 337 3376 Errantem
361 3333 448 3376 saevo
471 3333 526 3395 per
549 3316 608 3376 duo
631 3316 726 3377 lustra
750 3317 843 3397 mari,

91 3419 121 3467 to
135 3405 253 3485 Quique
281 3422 365 3465 suam
392 3402 559 3466 'l'risemem
590 3405 859 3484 imperfectumque

109 3505 112 3510 '
687 3491 804 3555 dierum
947 3527 984 3542 -
1006 3503 1061 3559 (unz

180 3582 319 3644 Deseruit
341 3553 432 3645 celeri
455 3590 552 3643 morte
576 3581 705 3643 Sabinus
728 3600 822 3662 opus:

849 3679 903 3737 14*
