2467 4042
505 263 538 315 V.
556 266 705 317 tea-bae.
1048 261 1110 328 117

191 425 309 508 Quique
331 386 518 507 Lycurgiden
540 426 664 505 letavit,
687 434 718 487 et
740 424 847 488 arbore
868 434 989 509 natum,

234 515 414 594 Idmonaque
438 515 600 595 audacem,
624 521 654 576 te
678 531 797 593 quoque
820 523 940 596 rumpat
961 534 1049 597 aper.

125 614 176 665 boo
190 602 279 683 lsque
302 603 349 664 vel
372 605 514 665 exanimis
537 604 627 664 faciat
648 601 703 663 tibi
726 602 857 683 vuhus,
879 613 914 666 ut
935 603 993 684 illi,

236 690 296 754 Ora
318 708 410 770 super
431 692 484 751 lixi
505 707 595 770 quem
618 690 754 753 cecidere
777 693 857 752 suis.

191 778 259 841 Sive
281 777 384 861 idem,
407 779 495 840 simili
516 781 606 859 pinus
629 796 719 858 quem
741 786 838 840 morte
860 782 1006 862 peremit,

237 865 349 948 [Phryx
372 875 403 928 et
424 876 547 929 venator
569 870 611 927 sis
634 866 893 946 Ecrecynhades]

191 954 224 1016 Si
246 965 297 1018 tua
320 956 479 1034 contigerit
501 954 614 1015 Minoas
638 957 746 1034 puppis
769 954 914 1037 harenas,
1068 968 1112 1021 (aa)

124 1054 176 1106 olo
234 1043 277 1104 'lc
301 1043 499 1123 Corcyraeum
522 1041 641 1103 Cressia
665 1042 752 1103 turba
774 1051 878 1122 pulei.

188 1129 411 1211 Lapsuramque
435 1131 555 1192 domum
578 1130 709 1212 subeas,
732 1137 767 1191 ut
789 1134 909 1211 sanguis
931 1130 1058 1214 Medae,

234 1219 313 1280 Sella
334 1218 536 1299 Leoprepidae
560 1236 630 1280 cum
651 1220 714 1281 ruit
736 1217 849 1298 absque
872 1223 953 1281 viro.

189 1307 288 1387 thue
311 1307 357 1368 vel
380 1307 525 1387 Euenus,
547 1309 677 1368 torrenti
698 1306 820 1367 llumine
843 1326 961 1371 marsus

124 1407 176 1456 514
235 1395 360 1455 Nomina
383 1394 437 1455 des
460 1394 602 1474 rapidae,
626 1395 672 1455 uel
694 1393 853 1457 Tiberinus
865 1443 874 1476 ,
897 1414 1009 1476 aquae.

127 1515 166 1528 —
189 1481 404 1562 Astacidaeque
427 1482 515 1543 modo
539 1483 634 1544 defixa
657 1481 799 1543 cadavera
821 1492 948 1566 trunco,

234 1569 328 1649 Digna
350 1572 424 1631 feris
436 1616 445 1651 ,
468 1570 596 1632 hominis
620 1573 659 1632 sit
682 1578 770 1650 caput
793 1588 861 1631 esca
883 1579 968 1633 tuum
980 1620 990 1654 ,

127 1692 164 1703 -
191 1657 337 1738 Quodque
355 1658 457 1719 lerunt
473 1656 602 1720 Brotean
621 1658 727 1719 secisse
747 1658 886 1738 cupidine
904 1662 1025 1742 mortis,

234 1744 293 1807 Des
316 1754 367 1807 tna
390 1763 551 1808 succensae
574 1745 708 1808 membra
731 1747 888 1809 cremanda
910 1765 1016 1828 pyrae.

189 1833 386 1914 inclususque
409 1851 515 1896 necem
537 1852 626 1896 cavea
648 1836 793 1916 patiaris,
815 1843 850 1897 ut
871 1835 921 1897 ille

124 1934 176 1986 520
234 1922 301 1983 Non
323 1923 511 2003 proiecturae
535 1924 672 1984 conditor
694 1922 855 1987 historiae.

189 2010 288 2090 thue
311 2013 459 2092 repertori
481 2012 585 2073 nocuit
607 2013 750 2091 pugnacis
772 2010 880 2087 iambi,

235 2099 284 2161 Sic
307 2101 347 2161 sit
368 2103 401 2161 in
423 2101 546 2161 exitium
568 2099 668 2179 lingua
690 2107 829 2180 proterva
851 2108 954 2163 tuum.

189 2187 288 2267 thue
308 2205 416 2268 parum
438 2188 537 2249 stabili
559 2190 611 2267 qui
634 2189 765 2249 carmine
786 2187 872 2250 laesit
894 2187 1043 2271 Athenas,

233 2275 349 2338 Invisus
371 2293 477 2355 pereas
500 2276 657 2338 deficiente
680 2275 765 2338 cibo,

124 2375 175 2426 525
190 2364 288 2444 thue
310 2364 390 2443 lyrae
413 2372 495 2426 vates
518 2365 615 2426 fertur
637 2366 762 2444 periisse
786 2382 923 2446 severae,

236 2452 330 2513 Causa
353 2455 393 2513 sit
414 2455 497 2514 exitii
520 2452 642 2515 dextera
664 2452 742 2514 laesa
764 2455 826 2516 tui.

190 2540 289 2620 thue
311 2540 542 2619 Agamemnonio
565 2541 674 2603 vulnus
696 2540 778 2603 dedit
799 2543 904 2621 anguis
926 2540 1045 2625 Oresti,

234 2628 281 2689 Tu
305 2646 423 2709 quoque
447 2630 484 2691 de
507 2646 610 2691 morsu
633 2631 715 2690 virus
737 2628 864 2691 habente
888 2630 994 2692 cadas.

193 2716 238 2779 sit
259 2715 315 2778 tibi
338 2718 469 2796 coniugii
491 2736 549 2779 nox
571 2720 667 2799 prima
691 2719 849 2781 novissima
870 2721 964 2780 vitae:

124 2811 175 2869 bio
233 2804 356 2886 Eupolis
378 2804 435 2867 hoc
457 2809 548 2887 periit
569 2816 600 2868 et
622 2823 697 2867 nova
719 2816 812 2886 nupta
834 2807 941 2869 modo.

189 2893 286 2973 thue
305 2893 515 2956 cothurnatum
534 2894 678 2956 cecidisse
697 2894 891 2975 Lycophrona
909 2903 1047 2974 narrant,
1066 2906 1110 2959 (²⁶)

234 2980 360 3043 Haereat
375 2986 414 3043 in
436 2982 520 3043 fibris
542 2983 599 3043 lixa
623 2985 728 3061 sagitta
751 2986 829 3046 tuis.

189 3070 249 3133 Aut
269 3069 350 3129 lacer
371 3072 403 3130 in
426 3069 499 3130 silva
521 3069 657 3130 manibus
681 3087 820 3149 spargare
842 3079 981 3150 tuorum,

234 3157 363 3236 Sparsus
385 3165 419 3218 ut
442 3164 489 3218 est
511 3155 622 3217 Thebis
645 3174 740 3235 angue
763 3164 881 3219 creatus
904 3174 975 3217 avo.

124 3255 175 3307 oab
189 3246 307 3325 Perque
329 3244 410 3305 leros
433 3252 549 3305 montes
571 3254 658 3306 tauro
680 3243 813 3323 rapiente
836 3244 981 3325 traharis,

233 3333 273 3396 Ut
294 3340 389 3394 tracta
412 3341 458 3393 est
480 3334 609 3393 coniunx
633 3334 792 3411 imperiosa
814 3331 908 3413 Lyci.

190 3423 335 3501 Quodque
359 3438 429 3483 suae
452 3437 538 3500 passa
561 3429 608 3481 est
630 3420 732 3500 paelex
754 3423 845 3483 invita
867 3423 997 3502 sororis,

234 3509 357 3572 Excidat
381 3517 448 3572 ante
471 3507 564 3588 pedes
586 3508 686 3588 lingua
708 3519 823 3571 resecta
846 3518 931 3572 tuos.

190 3598 346 3679 [Conditor
369 3607 403 3661 ut
425 3597 548 3678 tardae,
570 3596 692 3659 blaesus
716 3599 912 3680 cognomine,
935 3597 1045 3680 Cyrae,
