<?xml version="1.0" encoding="UTF-8"?>
<!DOCTYPE html PUBLIC "-//W3C//DTD XHTML 1.0 Transitional//EN"
    "http://www.w3.org/TR/xhtml1/DTD/xhtml1-transitional.dtd">
<html xmlns="http://www.w3.org/1999/xhtml" xml:lang="en" lang="en">
 <head>
  <title>
</title>
<meta http-equiv="Content-Type" content="text/html;charset=utf-8" />
  <meta name='ocr-system' content='tesseract 3.04.00' />
  <meta name='ocr-capabilities' content='ocr_page ocr_carea ocr_par ocr_line ocrx_word'/>
</head>
<body>
  <div class='ocr_page' id='page_1' title='image "./povidiusnaso00ehwagoog_0046.png"; bbox 0 0 2467 4042; ppageno 0'>
   <div class='ocr_carea' id='block_1_1' title="bbox 1223 233 1629 295">
    <p class='ocr_par' dir='ltr' id='par_1_1' title="bbox 1223 233 1629 295">
     <span class='ocr_line' id='line_1_1' title="bbox 1223 233 1629 295; baseline 0.002 -3"><span class='ocrx_word' id='word_1_1' title='bbox 1223 233 1629 295; x_wconf 85' lang='lat' dir='ltr'><strong>AMORUM</strong></span> 
     </span>
    </p>
   </div>
   <div class='ocr_carea' id='block_1_2' title="bbox 486 384 2402 966">
    <p class='ocr_par' dir='ltr' id='par_1_2' title="bbox 486 384 2402 966">
     <span class='ocr_line' id='line_1_2' title="bbox 662 384 2402 462; baseline 0.001 -15"><span class='ocrx_word' id='word_1_2' title='bbox 662 384 892 462; x_wconf 77' lang='lat' dir='ltr'>‘Quod’</span> <span class='ocrx_word' id='word_1_3' title='bbox 926 400 1045 460; x_wconf 92' lang='lat' dir='ltr'>que</span> <span class='ocrx_word' id='word_1_4' title='bbox 1075 387 1323 459; x_wconf 76' lang='lat' dir='ltr'>‘canas,</span> <span class='ocrx_word' id='word_1_5' title='bbox 1371 393 1577 462; x_wconf 74' lang='lat' dir='ltr'>vates,</span> <span class='ocrx_word' id='word_1_6' title='bbox 1624 385 1863 459; x_wconf 84' lang='lat' dir='ltr'>accipe’</span> <span class='ocrx_word' id='word_1_7' title='bbox 1902 385 2054 447; x_wconf 84' lang='lat' dir='ltr'>dixit</span> <span class='ocrx_word' id='word_1_8' title='bbox 2080 389 2296 462; x_wconf 78' lang='lat' dir='ltr'>‘opus</span> <span class='ocrx_word' id='word_1_9' title='bbox 2320 384 2402 447; x_wconf 58' lang='grc' dir='ltr'>ε’</span> 
     </span>
     <span class='ocr_line' id='line_1_3' title="bbox 487 468 2146 547; baseline -0.005 -13"><span class='ocrx_word' id='word_1_10' title='bbox 487 479 557 534; x_wconf 73' lang='lat'>26</span> <span class='ocrx_word' id='word_1_11' title='bbox 577 469 677 532; x_wconf 92' lang='lat' dir='ltr'>Me</span> <span class='ocrx_word' id='word_1_12' title='bbox 709 472 1028 530; x_wconf 82' lang='lat' dir='ltr'>miserum!</span> <span class='ocrx_word' id='word_1_13' title='bbox 1075 475 1274 530; x_wconf 86' lang='lat' dir='ltr'>certas</span> <span class='ocrx_word' id='word_1_14' title='bbox 1304 470 1518 532; x_wconf 88' lang='lat' dir='ltr'>habuit</span> <span class='ocrx_word' id='word_1_15' title='bbox 1546 485 1701 547; x_wconf 90' lang='lat' dir='ltr'>puer</span> <span class='ocrx_word' id='word_1_16' title='bbox 1729 468 1830 528; x_wconf 85' lang='lat' dir='ltr'>ille</span> <span class='ocrx_word' id='word_1_17' title='bbox 1861 469 2146 544; x_wconf 78' lang='lat' dir='ltr'>sagittas=</span> 
     </span>
     <span class='ocr_line' id='line_1_4' title="bbox 657 552 2031 631; baseline -0.001 -16"><span class='ocrx_word' id='word_1_18' title='bbox 657 555 845 625; x_wconf 88' lang='lat' dir='ltr'>Uror,</span> <span class='ocrx_word' id='word_1_19' title='bbox 891 552 1041 612; x_wconf 89' lang='lat' dir='ltr'>etin</span> <span class='ocrx_word' id='word_1_20' title='bbox 1069 569 1270 613; x_wconf 91' lang='lat' dir='ltr'>vacuo</span> <span class='ocrx_word' id='word_1_21' title='bbox 1301 558 1550 631; x_wconf 84' lang='lat' dir='ltr'>pectore</span> <span class='ocrx_word' id='word_1_22' title='bbox 1579 559 1795 629; x_wconf 86' lang='lat' dir='ltr'>regnat</span> <span class='ocrx_word' id='word_1_23' title='bbox 1820 552 2031 614; x_wconf 85' lang='lat' dir='ltr'>Amor.</span> 
     </span>
     <span class='ocr_line' id='line_1_5' title="bbox 573 636 2367 713; baseline 0.001 -14"><span class='ocrx_word' id='word_1_24' title='bbox 573 638 698 699; x_wconf 86' lang='lat' dir='ltr'>Sex</span> <span class='ocrx_word' id='word_1_25' title='bbox 729 638 873 698; x_wconf 91' lang='lat' dir='ltr'>mihi</span> <span class='ocrx_word' id='word_1_26' title='bbox 905 644 1115 713; x_wconf 80' lang='lat' dir='ltr'><strong>surgat</strong></span> <span class='ocrx_word' id='word_1_27' title='bbox 1144 653 1305 712; x_wconf 92' lang='lat' dir='ltr'>opus</span> <span class='ocrx_word' id='word_1_28' title='bbox 1335 638 1606 699; x_wconf 91' lang='lat' dir='ltr'>numeris</span> <span class='ocrx_word' id='word_1_29' title='bbox 1625 684 1641 712; x_wconf 97' lang='lat'>,</span> <span class='ocrx_word' id='word_1_30' title='bbox 1682 637 1743 696; x_wconf 91' lang='lat' dir='ltr'>in</span> <span class='ocrx_word' id='word_1_31' title='bbox 1779 636 2053 713; x_wconf 90' lang='lat' dir='ltr'>quinque</span> <span class='ocrx_word' id='word_1_32' title='bbox 2083 638 2367 700; x_wconf 79' lang='lat' dir='ltr'><strong>residat</strong></span> 
     </span>
     <span class='ocr_line' id='line_1_6' title="bbox 653 719 1966 786; baseline 0.002 -5"><span class='ocrx_word' id='word_1_33' title='bbox 653 722 878 782; x_wconf 82' lang='lat' dir='ltr'>Ferrea</span> <span class='ocrx_word' id='word_1_34' title='bbox 908 736 1048 786; x_wconf 82' lang='lat' dir='ltr'>cum</span> <span class='ocrx_word' id='word_1_35' title='bbox 1077 722 1303 782; x_wconf 83' lang='lat' dir='ltr'>vestris</span> <span class='ocrx_word' id='word_1_36' title='bbox 1332 722 1494 782; x_wconf 89' lang='lat' dir='ltr'>bella</span> <span class='ocrx_word' id='word_1_37' title='bbox 1525 722 1731 782; x_wconf 84' lang='lat' dir='ltr'>valete</span> <span class='ocrx_word' id='word_1_38' title='bbox 1759 719 1966 783; x_wconf 84' lang='lat' dir='ltr'>modis</span> 
     </span>
     <span class='ocr_line' id='line_1_7' title="bbox 575 803 1971 882; baseline -0.001 -16"><span class='ocrx_word' id='word_1_39' title='bbox 575 807 832 882; x_wconf 85' lang='lat' dir='ltr'>Cingere</span> <span class='ocrx_word' id='word_1_40' title='bbox 861 804 1076 866; x_wconf 84' lang='lat' dir='ltr'>litorea</span> <span class='ocrx_word' id='word_1_41' title='bbox 1109 803 1402 867; x_wconf 86' lang='lat' dir='ltr'>flaventia</span> <span class='ocrx_word' id='word_1_42' title='bbox 1430 813 1711 881; x_wconf 87' lang='lat' dir='ltr'>tempora</span> <span class='ocrx_word' id='word_1_43' title='bbox 1738 811 1939 880; x_wconf 79' lang='lat' dir='ltr'>myrto</span> <span class='ocrx_word' id='word_1_44' title='bbox 1957 852 1971 877; x_wconf 94' lang='lat'>,</span> 
     </span>
     <span class='ocr_line' id='line_1_8' title="bbox 486 888 2029 966; baseline -0.005 -12"><span class='ocrx_word' id='word_1_45' title='bbox 486 900 556 954; x_wconf 81' lang='lat'>30</span> <span class='ocrx_word' id='word_1_46' title='bbox 661 891 869 963; x_wconf 90' lang='lat' dir='ltr'>Musa,</span> <span class='ocrx_word' id='word_1_47' title='bbox 917 905 1029 966; x_wconf 91' lang='lat' dir='ltr'>per</span> <span class='ocrx_word' id='word_1_48' title='bbox 1058 890 1340 950; x_wconf 90' lang='lat' dir='ltr'>undenos</span> <span class='ocrx_word' id='word_1_49' title='bbox 1372 889 1782 950; x_wconf 82' lang='lat' dir='ltr'>emodulanda</span> <span class='ocrx_word' id='word_1_50' title='bbox 1815 888 2029 964; x_wconf 89' lang='lat' dir='ltr'>pedes.</span> 
     </span>
    </p>
   </div>
   <div class='ocr_carea' id='block_1_3' title="bbox 1216 997 1638 1006">
    <p class='ocr_par' dir='ltr' id='par_1_3' title="bbox 1216 997 1638 1006">
     <span class='ocr_line' id='line_1_9' title="bbox 1216 997 1638 1006; baseline 0 0"><span class='ocrx_word' id='word_1_51' title='bbox 1216 997 1638 1006; x_wconf 95' lang='lat' dir='ltr'> </span> 
     </span>
    </p>
   </div>
   <div class='ocr_carea' id='block_1_4' title="bbox 464 1023 2465 3573">
    <p class='ocr_par' dir='ltr' id='par_1_4' title="bbox 464 1023 2465 3573">
     <span class='ocr_line' id='line_1_10' title="bbox 464 1023 2428 1131; baseline -0.001 -13"><span class='ocrx_word' id='word_1_52' title='bbox 464 1031 513 1118; x_wconf 80' lang='lat'>2</span> <span class='ocrx_word' id='word_1_53' title='bbox 572 1023 744 1117; x_wconf 80' lang='lat' dir='ltr'>Esse</span> <span class='ocrx_word' id='word_1_54' title='bbox 776 1056 922 1131; x_wconf 92' lang='lat' dir='ltr'>quid</span> <span class='ocrx_word' id='word_1_55' title='bbox 952 1056 1073 1115; x_wconf 91' lang='lat' dir='ltr'>hoc</span> <span class='ocrx_word' id='word_1_56' title='bbox 1106 1055 1336 1129; x_wconf 90' lang='lat' dir='ltr'>dicam,</span> <span class='ocrx_word' id='word_1_57' title='bbox 1384 1054 1550 1128; x_wconf 90' lang='lat' dir='ltr'>quod</span> <span class='ocrx_word' id='word_1_58' title='bbox 1580 1060 1700 1115; x_wconf 91' lang='lat' dir='ltr'>tam</span> <span class='ocrx_word' id='word_1_59' title='bbox 1730 1056 1875 1115; x_wconf 90' lang='lat' dir='ltr'>mihi</span> <span class='ocrx_word' id='word_1_60' title='bbox 1906 1055 2058 1115; x_wconf 87' lang='lat' dir='ltr'>dura</span> <span class='ocrx_word' id='word_1_61' title='bbox 2088 1055 2428 1118; x_wconf 85' lang='lat' dir='ltr'>videntur</span> 
     </span>
     <span class='ocr_line' id='line_1_11' title="bbox 659 1138 2154 1214; baseline -0.002 -13"><span class='ocrx_word' id='word_1_62' title='bbox 659 1141 858 1202; x_wconf 88' lang='lat' dir='ltr'>Strata</span> <span class='ocrx_word' id='word_1_63' title='bbox 877 1186 892 1214; x_wconf 93' lang='lat'>‚</span> <span class='ocrx_word' id='word_1_64' title='bbox 933 1154 1135 1214; x_wconf 90' lang='lat' dir='ltr'>neque</span> <span class='ocrx_word' id='word_1_65' title='bbox 1167 1139 1225 1197; x_wconf 89' lang='lat' dir='ltr'>in</span> <span class='ocrx_word' id='word_1_66' title='bbox 1259 1139 1416 1198; x_wconf 87' lang='lat' dir='ltr'>lecto</span> <span class='ocrx_word' id='word_1_67' title='bbox 1448 1138 1632 1214; x_wconf 89' lang='lat' dir='ltr'>pallia</span> <span class='ocrx_word' id='word_1_68' title='bbox 1663 1147 1879 1199; x_wconf 85' lang='lat' dir='ltr'>nostra</span> <span class='ocrx_word' id='word_1_69' title='bbox 1908 1140 2154 1212; x_wconf 90' lang='lat' dir='ltr'>sedent,</span> 
     </span>
     <span class='ocr_line' id='line_1_12' title="bbox 567 1223 2222 1299; baseline -0.002 -13"><span class='ocrx_word' id='word_1_70' title='bbox 567 1227 642 1286; x_wconf 90' lang='lat' dir='ltr'>Et</span> <span class='ocrx_word' id='word_1_71' title='bbox 672 1239 906 1286; x_wconf 89' lang='lat' dir='ltr'>vacuus</span> <span class='ocrx_word' id='word_1_72' title='bbox 937 1239 1154 1284; x_wconf 89' lang='lat' dir='ltr'>somno</span> <span class='ocrx_word' id='word_1_73' title='bbox 1187 1228 1458 1295; x_wconf 87' lang='lat' dir='ltr'>noctem,</span> <span class='ocrx_word' id='word_1_74' title='bbox 1505 1238 1687 1296; x_wconf 88' lang='lat' dir='ltr'>quam</span> <span class='ocrx_word' id='word_1_75' title='bbox 1717 1225 1933 1298; x_wconf 88' lang='lat' dir='ltr'>longa,</span> <span class='ocrx_word' id='word_1_76' title='bbox 1975 1223 2222 1299; x_wconf 84' lang='lat' dir='ltr'>peregi,</span> 
     </span>
     <span class='ocr_line' id='line_1_13' title="bbox 653 1305 2012 1384; baseline -0.002 -15"><span class='ocrx_word' id='word_1_77' title='bbox 653 1310 976 1384; x_wconf 86' lang='lat' dir='ltr'>Lassaque</span> <span class='ocrx_word' id='word_1_78' title='bbox 1006 1307 1231 1367; x_wconf 87' lang='lat' dir='ltr'>versati</span> <span class='ocrx_word' id='word_1_79' title='bbox 1266 1305 1545 1382; x_wconf 82' lang='lat' dir='ltr'>corporis</span> <span class='ocrx_word' id='word_1_80' title='bbox 1578 1322 1728 1367; x_wconf 89' lang='lat' dir='ltr'>ossa</span> <span class='ocrx_word' id='word_1_81' title='bbox 1757 1308 2012 1367; x_wconf 72' lang='lat' dir='ltr'>dolent?</span> 
     </span>
     <span class='ocr_line' id='line_1_14' title="bbox 517 1390 2203 1467; baseline -0.004 -11"><span class='ocrx_word' id='word_1_82' title='bbox 517 1405 547 1456; x_wconf 85' lang='lat'>5</span> <span class='ocrx_word' id='word_1_83' title='bbox 571 1395 753 1467; x_wconf 88' lang='lat' dir='ltr'>Nam,</span> <span class='ocrx_word' id='word_1_84' title='bbox 800 1398 948 1467; x_wconf 92' lang='lat' dir='ltr'>puto</span> <span class='ocrx_word' id='word_1_85' title='bbox 969 1437 985 1465; x_wconf 92' lang='lat'>,</span> <span class='ocrx_word' id='word_1_86' title='bbox 1029 1390 1351 1463; x_wconf 79' lang='lat' dir='ltr'>sentirem,</span> <span class='ocrx_word' id='word_1_87' title='bbox 1399 1390 1579 1466; x_wconf 92' lang='lat' dir='ltr'>siquo</span> <span class='ocrx_word' id='word_1_88' title='bbox 1610 1397 1940 1467; x_wconf 81' lang='lat' dir='ltr'>temptarer</span> <span class='ocrx_word' id='word_1_89' title='bbox 1971 1405 2203 1451; x_wconf 86' lang='lat' dir='ltr'>amore.</span> 
     </span>
     <span class='ocr_line' id='line_1_15' title="bbox 655 1474 1928 1537; baseline -0.002 -1"><span class='ocrx_word' id='word_1_90' title='bbox 655 1478 754 1536; x_wconf 90' lang='lat' dir='ltr'>An</span> <span class='ocrx_word' id='word_1_91' title='bbox 786 1476 950 1536; x_wconf 81' lang='lat' dir='ltr'><strong>subit</strong></span> <span class='ocrx_word' id='word_1_92' title='bbox 981 1481 1040 1535; x_wconf 83' lang='lat' dir='ltr'>et</span> <span class='ocrx_word' id='word_1_93' title='bbox 1066 1481 1227 1536; x_wconf 88' lang='lat' dir='ltr'>tecta</span> <span class='ocrx_word' id='word_1_94' title='bbox 1256 1474 1516 1535; x_wconf 86' lang='lat' dir='ltr'>callidus</span> <span class='ocrx_word' id='word_1_95' title='bbox 1547 1481 1676 1536; x_wconf 84' lang='lat' dir='ltr'>arte</span> <span class='ocrx_word' id='word_1_96' title='bbox 1704 1482 1928 1537; x_wconf 72' lang='lat' dir='ltr'>nocet?</span> 
     </span>
     <span class='ocr_line' id='line_1_16' title="bbox 573 1558 2093 1635; baseline -0.003 -12"><span class='ocrx_word' id='word_1_97' title='bbox 573 1562 675 1623; x_wconf 91' lang='lat' dir='ltr'>Sic</span> <span class='ocrx_word' id='word_1_98' title='bbox 706 1561 836 1619; x_wconf 88' lang='lat' dir='ltr'>erit.</span> <span class='ocrx_word' id='word_1_99' title='bbox 886 1560 1222 1619; x_wconf 86' lang='lat' dir='ltr'>haeserunt</span> <span class='ocrx_word' id='word_1_100' title='bbox 1249 1565 1466 1618; x_wconf 91' lang='lat' dir='ltr'>tenues</span> <span class='ocrx_word' id='word_1_101' title='bbox 1495 1558 1556 1618; x_wconf 90' lang='lat' dir='ltr'>in</span> <span class='ocrx_word' id='word_1_102' title='bbox 1584 1561 1774 1620; x_wconf 93' lang='lat' dir='ltr'>corde</span> <span class='ocrx_word' id='word_1_103' title='bbox 1805 1560 2093 1635; x_wconf 73' lang='lat' dir='ltr'>sagittae,</span> 
     </span>
     <span class='ocr_line' id='line_1_17' title="bbox 654 1643 2021 1720; baseline -0.004 -16"><span class='ocrx_word' id='word_1_104' title='bbox 654 1645 730 1704; x_wconf 92' lang='lat' dir='ltr'>Et</span> <span class='ocrx_word' id='word_1_105' title='bbox 761 1659 1061 1720; x_wconf 89' lang='lat' dir='ltr'>possessa</span> <span class='ocrx_word' id='word_1_106' title='bbox 1091 1643 1259 1703; x_wconf 81' lang='lat' dir='ltr'>ferus</span> <span class='ocrx_word' id='word_1_107' title='bbox 1289 1648 1547 1718; x_wconf 83' lang='lat' dir='ltr'>pectora</span> <span class='ocrx_word' id='word_1_108' title='bbox 1574 1650 1783 1703; x_wconf 88' lang='lat' dir='ltr'>versat</span> <span class='ocrx_word' id='word_1_109' title='bbox 1809 1644 2021 1704; x_wconf 78' lang='lat' dir='ltr'>Amo-r.</span> 
     </span>
     <span class='ocr_line' id='line_1_18' title="bbox 572 1725 2345 1803; baseline -0.001 -12"><span class='ocrx_word' id='word_1_110' title='bbox 572 1730 882 1803; x_wconf 87' lang='lat' dir='ltr'>Cedimus,</span> <span class='ocrx_word' id='word_1_111' title='bbox 932 1743 1007 1786; x_wconf 90' lang='lat' dir='ltr'>an</span> <span class='ocrx_word' id='word_1_112' title='bbox 1039 1726 1304 1787; x_wconf 77' lang='lat' dir='ltr'>subitum</span> <span class='ocrx_word' id='word_1_113' title='bbox 1334 1726 1621 1788; x_wconf 86' lang='lat' dir='ltr'>luctando</span> <span class='ocrx_word' id='word_1_114' title='bbox 1652 1727 2043 1787; x_wconf 83' lang='lat' dir='ltr'>accendimus</span> <span class='ocrx_word' id='word_1_115' title='bbox 2072 1725 2283 1802; x_wconf 84' lang='lat' dir='ltr'>ignem</span> <span class='ocrx_word' id='word_1_116' title='bbox 2304 1736 2345 1789; x_wconf 60' lang='grc' dir='ltr'>ἲ</span> 
     </span>
     <span class='ocr_line' id='line_1_19' title="bbox 492 1811 2136 1887; baseline -0.005 -11"><span class='ocrx_word' id='word_1_117' title='bbox 492 1824 558 1876; x_wconf 88' lang='grc'>10</span> <span class='ocrx_word' id='word_1_118' title='bbox 667 1813 989 1873; x_wconf 87' lang='lat' dir='ltr'>Cedamus.</span> <span class='ocrx_word' id='word_1_119' title='bbox 1050 1812 1186 1870; x_wconf 92' lang='lat' dir='ltr'>leve</span> <span class='ocrx_word' id='word_1_120' title='bbox 1214 1811 1283 1870; x_wconf 83' lang='lat' dir='ltr'>fit</span> <span class='ocrx_word' id='word_1_121' title='bbox 1312 1811 1478 1886; x_wconf 92' lang='lat' dir='ltr'>quod</span> <span class='ocrx_word' id='word_1_122' title='bbox 1508 1811 1667 1871; x_wconf 90' lang='lat' dir='ltr'>bene</span> <span class='ocrx_word' id='word_1_123' title='bbox 1698 1812 1914 1887; x_wconf 81' lang='lat' dir='ltr'>fertur,</span> <span class='ocrx_word' id='word_1_124' title='bbox 1961 1827 2136 1871; x_wconf 91' lang='lat' dir='ltr'>onus.</span> 
     </span>
     <span class='ocr_line' id='line_1_20' title="bbox 584 1893 2166 1972; baseline -0.003 -13"><span class='ocrx_word' id='word_1_125' title='bbox 584 1896 728 1959; x_wconf 89' lang='lat' dir='ltr'>Vidi</span> <span class='ocrx_word' id='word_1_126' title='bbox 760 1912 875 1972; x_wconf 92' lang='lat' dir='ltr'>ego</span> <span class='ocrx_word' id='word_1_127' title='bbox 907 1896 1159 1956; x_wconf 86' lang='lat' dir='ltr'>iactatas</span> <span class='ocrx_word' id='word_1_128' title='bbox 1190 1901 1353 1954; x_wconf 90' lang='lat' dir='ltr'>mota</span> <span class='ocrx_word' id='word_1_129' title='bbox 1384 1895 1518 1954; x_wconf 82' lang='lat' dir='ltr'>face</span> <span class='ocrx_word' id='word_1_130' title='bbox 1547 1911 1827 1956; x_wconf 90' lang='lat' dir='ltr'>crescere</span> <span class='ocrx_word' id='word_1_131' title='bbox 1856 1893 2166 1969; x_wconf 82' lang='lat' dir='ltr'>flammaS,</span> 
     </span>
     <span class='ocr_line' id='line_1_21' title="bbox 654 1979 1701 2042; baseline -0.005 -1"><span class='ocrx_word' id='word_1_132' title='bbox 654 1982 730 2042; x_wconf 83' lang='lat' dir='ltr'>Et</span> <span class='ocrx_word' id='word_1_133' title='bbox 759 1979 884 2040; x_wconf 91' lang='lat' dir='ltr'>vidi</span> <span class='ocrx_word' id='word_1_134' title='bbox 913 1981 1081 2040; x_wconf 92' lang='lat' dir='ltr'>nullo</span> <span class='ocrx_word' id='word_1_135' title='bbox 1113 1981 1499 2040; x_wconf 88' lang='lat' dir='ltr'>concutiente</span> <span class='ocrx_word' id='word_1_136' title='bbox 1529 1980 1701 2039; x_wconf 84' lang='lat' dir='ltr'>mori.</span> 
     </span>
     <span class='ocr_line' id='line_1_22' title="bbox 571 2064 2410 2142; baseline 0.001 -17"><span class='ocrx_word' id='word_1_137' title='bbox 571 2065 846 2125; x_wconf 89' lang='lat' dir='ltr'>Verbera</span> <span class='ocrx_word' id='word_1_138' title='bbox 876 2066 1052 2140; x_wconf 82' lang='lat' dir='ltr'>plura</span> <span class='ocrx_word' id='word_1_139' title='bbox 1084 2065 1319 2137; x_wconf 83' lang='lat' dir='ltr'>ferunt,</span> <span class='ocrx_word' id='word_1_140' title='bbox 1368 2078 1548 2138; x_wconf 90' lang='lat' dir='ltr'>quam</span> <span class='ocrx_word' id='word_1_141' title='bbox 1580 2079 1741 2139; x_wconf 91' lang='lat' dir='ltr'>quos</span> <span class='ocrx_word' id='word_1_142' title='bbox 1772 2064 1940 2124; x_wconf 88' lang='lat' dir='ltr'>iuvat</span> <span class='ocrx_word' id='word_1_143' title='bbox 1977 2079 2127 2124; x_wconf 90' lang='lat' dir='ltr'>usus</span> <span class='ocrx_word' id='word_1_144' title='bbox 2157 2065 2410 2142; x_wconf 86' lang='lat' dir='ltr'>aratri,</span> 
     </span>
     <span class='ocr_line' id='line_1_23' title="bbox 657 2146 2053 2224; baseline -0.002 -16"><span class='ocrx_word' id='word_1_145' title='bbox 657 2150 1007 2209; x_wconf 84' lang='lat' dir='ltr'>Detractant</span> <span class='ocrx_word' id='word_1_146' title='bbox 1037 2147 1242 2224; x_wconf 89' lang='lat' dir='ltr'>pressi</span> <span class='ocrx_word' id='word_1_147' title='bbox 1274 2147 1418 2206; x_wconf 90' lang='lat' dir='ltr'>dum</span> <span class='ocrx_word' id='word_1_148' title='bbox 1449 2146 1590 2220; x_wconf 88' lang='lat' dir='ltr'>iuga</span> <span class='ocrx_word' id='word_1_149' title='bbox 1620 2147 1815 2223; x_wconf 86' lang='lat' dir='ltr'>prima</span> <span class='ocrx_word' id='word_1_150' title='bbox 1839 2146 2053 2208; x_wconf 85' lang='lat' dir='ltr'>boves.</span> 
     </span>
     <span class='ocr_line' id='line_1_24' title="bbox 505 2231 2057 2309; baseline -0.003 -17"><span class='ocrx_word' id='word_1_151' title='bbox 505 2248 553 2296; x_wconf 71' lang='grc' dir='ltr'>εει</span> <span class='ocrx_word' id='word_1_152' title='bbox 581 2235 783 2308; x_wconf 80' lang='lat' dir='ltr'>Asper</span> <span class='ocrx_word' id='word_1_153' title='bbox 812 2248 1008 2307; x_wconf 89' lang='lat' dir='ltr'>equus</span> <span class='ocrx_word' id='word_1_154' title='bbox 1040 2231 1210 2291; x_wconf 91' lang='lat' dir='ltr'>duris</span> <span class='ocrx_word' id='word_1_155' title='bbox 1244 2231 1635 2292; x_wconf 90' lang='lat' dir='ltr'>contunditur</span> <span class='ocrx_word' id='word_1_156' title='bbox 1665 2247 1772 2291; x_wconf 86' lang='lat' dir='ltr'>ora</span> <span class='ocrx_word' id='word_1_157' title='bbox 1800 2231 2057 2309; x_wconf 81' lang='lat' dir='ltr'>lupatis:</span> 
     </span>
     <span class='ocr_line' id='line_1_25' title="bbox 658 2314 2159 2390; baseline -0.003 -14"><span class='ocrx_word' id='word_1_158' title='bbox 658 2317 854 2376; x_wconf 88' lang='lat' dir='ltr'>Frena</span> <span class='ocrx_word' id='word_1_159' title='bbox 885 2315 1085 2378; x_wconf 89' lang='lat' dir='ltr'>minus</span> <span class='ocrx_word' id='word_1_160' title='bbox 1118 2315 1331 2390; x_wconf 83' lang='lat' dir='ltr'>sentit,</span> <span class='ocrx_word' id='word_1_161' title='bbox 1376 2314 1659 2390; x_wconf 89' lang='lat' dir='ltr'>quisquis</span> <span class='ocrx_word' id='word_1_162' title='bbox 1692 2316 1770 2375; x_wconf 87' lang='lat' dir='ltr'>ad</span> <span class='ocrx_word' id='word_1_163' title='bbox 1802 2331 1969 2375; x_wconf 86' lang='lat' dir='ltr'>arma</span> <span class='ocrx_word' id='word_1_164' title='bbox 2000 2316 2159 2375; x_wconf 81' lang='lat' dir='ltr'>facit.</span> 
     </span>
     <span class='ocr_line' id='line_1_26' title="bbox 577 2399 1931 2475; baseline -0.001 -14"><span class='ocrx_word' id='word_1_165' title='bbox 577 2402 795 2462; x_wconf 75' lang='lat' dir='ltr'>Acrius</span> <span class='ocrx_word' id='word_1_166' title='bbox 825 2401 1055 2461; x_wconf 83' lang='lat' dir='ltr'>invitos</span> <span class='ocrx_word' id='word_1_167' title='bbox 1083 2402 1398 2474; x_wconf 89' lang='lat' dir='ltr'>multoque</span> <span class='ocrx_word' id='word_1_168' title='bbox 1431 2399 1697 2459; x_wconf 80' lang='lat' dir='ltr'>ferocius</span> <span class='ocrx_word' id='word_1_169' title='bbox 1726 2407 1931 2475; x_wconf 80' lang='lat' dir='ltr'>urget,</span> 
     </span>
     <span class='ocr_line' id='line_1_27' title="bbox 658 2483 2085 2560; baseline -0.004 -15"><span class='ocrx_word' id='word_1_170' title='bbox 658 2485 847 2558; x_wconf 81' lang='lat' dir='ltr'>Quam</span> <span class='ocrx_word' id='word_1_171' title='bbox 881 2483 984 2560; x_wconf 90' lang='lat' dir='ltr'>qui</span> <span class='ocrx_word' id='word_1_172' title='bbox 1015 2484 1328 2545; x_wconf 87' lang='lat' dir='ltr'>servitium</span> <span class='ocrx_word' id='word_1_173' title='bbox 1358 2484 1519 2542; x_wconf 84' lang='lat' dir='ltr'>ferre</span> <span class='ocrx_word' id='word_1_174' title='bbox 1549 2484 1833 2557; x_wconf 86' lang='lat' dir='ltr'>fatentur,</span> <span class='ocrx_word' id='word_1_175' title='bbox 1876 2484 2085 2543; x_wconf 85' lang='lat' dir='ltr'>Amor.</span> 
     </span>
     <span class='ocr_line' id='line_1_28' title="bbox 573 2564 2408 2644; baseline 0 -16"><span class='ocrx_word' id='word_1_176' title='bbox 573 2569 659 2628; x_wconf 87' lang='lat' dir='ltr'>En</span> <span class='ocrx_word' id='word_1_177' title='bbox 692 2584 869 2644; x_wconf 88' lang='lat' dir='ltr'>ego...</span> <span class='ocrx_word' id='word_1_178' title='bbox 906 2569 1264 2629; x_wconf 86' lang='lat' dir='ltr'>confiteor...</span> <span class='ocrx_word' id='word_1_179' title='bbox 1294 2574 1398 2633; x_wconf 92' lang='lat' dir='ltr'>tua</span> <span class='ocrx_word' id='word_1_180' title='bbox 1440 2583 1573 2627; x_wconf 89' lang='lat' dir='ltr'>sum</span> <span class='ocrx_word' id='word_1_181' title='bbox 1602 2583 1764 2628; x_wconf 88' lang='lat' dir='ltr'>nova</span> <span class='ocrx_word' id='word_1_182' title='bbox 1794 2568 2056 2643; x_wconf 89' lang='lat' dir='ltr'>praeda,</span> <span class='ocrx_word' id='word_1_183' title='bbox 2102 2564 2366 2642; x_wconf 87' lang='lat' dir='ltr'>Cupido</span> <span class='ocrx_word' id='word_1_184' title='bbox 2388 2593 2408 2628; x_wconf 68' lang='grc' dir='ltr'><em>ε</em></span> 
     </span>
     <span class='ocr_line' id='line_1_29' title="bbox 497 2652 1933 2728; baseline 0.004 -19"><span class='ocrx_word' id='word_1_185' title='bbox 497 2664 557 2712; x_wconf 64' lang='lat'>213</span> <span class='ocrx_word' id='word_1_186' title='bbox 662 2653 1034 2728; x_wconf 85' lang='lat' dir='ltr'>Porrigimus</span> <span class='ocrx_word' id='word_1_187' title='bbox 1064 2654 1264 2712; x_wconf 81' lang='lat' dir='ltr'>victas</span> <span class='ocrx_word' id='word_1_188' title='bbox 1296 2654 1375 2712; x_wconf 91' lang='lat' dir='ltr'>ad</span> <span class='ocrx_word' id='word_1_189' title='bbox 1405 2658 1506 2711; x_wconf 83' lang='lat' dir='ltr'>tua</span> <span class='ocrx_word' id='word_1_190' title='bbox 1534 2652 1667 2711; x_wconf 87' lang='lat' dir='ltr'>iura</span> <span class='ocrx_word' id='word_1_191' title='bbox 1695 2668 1933 2716; x_wconf 81' lang='lat' dir='ltr'>manuS.</span> 
     </span>
     <span class='ocr_line' id='line_1_30' title="bbox 573 2737 2217 2814; baseline -0.003 -18"><span class='ocrx_word' id='word_1_192' title='bbox 573 2738 664 2798; x_wconf 82' lang='lat' dir='ltr'>Nil</span> <span class='ocrx_word' id='word_1_193' title='bbox 697 2754 855 2814; x_wconf 91' lang='lat' dir='ltr'>opus</span> <span class='ocrx_word' id='word_1_194' title='bbox 887 2744 981 2798; x_wconf 90' lang='lat' dir='ltr'>est</span> <span class='ocrx_word' id='word_1_195' title='bbox 1009 2737 1192 2797; x_wconf 91' lang='lat' dir='ltr'>bello.</span> <span class='ocrx_word' id='word_1_196' title='bbox 1250 2737 1494 2796; x_wconf 88' lang='lat' dir='ltr'>veniam</span> <span class='ocrx_word' id='word_1_197' title='bbox 1526 2751 1868 2812; x_wconf 87' lang='lat' dir='ltr'>pacemque</span> <span class='ocrx_word' id='word_1_198' title='bbox 1895 2750 2217 2811; x_wconf 82' lang='lat' dir='ltr'>rogamus=</span> 
     </span>
     <span class='ocr_line' id='line_1_31' title="bbox 657 2820 1961 2882; baseline -0.002 -2"><span class='ocrx_word' id='word_1_199' title='bbox 657 2822 782 2881; x_wconf 91' lang='lat' dir='ltr'>Nec</span> <span class='ocrx_word' id='word_1_200' title='bbox 812 2820 917 2880; x_wconf 86' lang='lat' dir='ltr'>tibi</span> <span class='ocrx_word' id='word_1_201' title='bbox 947 2822 1081 2882; x_wconf 90' lang='lat' dir='ltr'>laus</span> <span class='ocrx_word' id='word_1_202' title='bbox 1114 2821 1298 2882; x_wconf 90' lang='lat' dir='ltr'>armis</span> <span class='ocrx_word' id='word_1_203' title='bbox 1329 2821 1529 2880; x_wconf 87' lang='lat' dir='ltr'>victus</span> <span class='ocrx_word' id='word_1_204' title='bbox 1560 2820 1806 2880; x_wconf 88' lang='lat' dir='ltr'>inermis</span> <span class='ocrx_word' id='word_1_205' title='bbox 1835 2835 1961 2881; x_wconf 89' lang='lat' dir='ltr'>ero.</span> 
     </span>
     <span class='ocr_line' id='line_1_32' title="bbox 577 2903 2246 2984; baseline -0.003 -20"><span class='ocrx_word' id='word_1_206' title='bbox 577 2905 762 2966; x_wconf 84' lang='lat' dir='ltr'>Necte</span> <span class='ocrx_word' id='word_1_207' title='bbox 797 2921 1033 2967; x_wconf 89' lang='lat' dir='ltr'>comam</span> <span class='ocrx_word' id='word_1_208' title='bbox 1065 2913 1301 2984; x_wconf 79' lang='lat' dir='ltr'>myrto,</span> <span class='ocrx_word' id='word_1_209' title='bbox 1338 2911 1644 2964; x_wconf 88' lang='lat' dir='ltr'>maternas</span> <span class='ocrx_word' id='word_1_210' title='bbox 1677 2905 1862 2980; x_wconf 90' lang='lat' dir='ltr'>iunge</span> <span class='ocrx_word' id='word_1_211' title='bbox 1896 2903 2246 2964; x_wconf 71' lang='lat' dir='ltr'>columbas:</span> 
     </span>
     <span class='ocr_line' id='line_1_33' title="bbox 659 2987 2017 3064; baseline -0.004 -13"><span class='ocrx_word' id='word_1_212' title='bbox 659 2991 770 3064; x_wconf 81' lang='lat' dir='ltr'>Qui</span> <span class='ocrx_word' id='word_1_213' title='bbox 801 2991 1045 3064; x_wconf 90' lang='lat' dir='ltr'>deceat,</span> <span class='ocrx_word' id='word_1_214' title='bbox 1093 3005 1336 3050; x_wconf 90' lang='lat' dir='ltr'>currum</span> <span class='ocrx_word' id='word_1_215' title='bbox 1366 2988 1617 3049; x_wconf 88' lang='lat' dir='ltr'>vitricus</span> <span class='ocrx_word' id='word_1_216' title='bbox 1650 2988 1786 3063; x_wconf 88' lang='lat' dir='ltr'>ipse</span> <span class='ocrx_word' id='word_1_217' title='bbox 1822 2987 2017 3047; x_wconf 80' lang='lat' dir='ltr'>dabit:</span> 
     </span>
     <span class='ocr_line' id='line_1_34' title="bbox 497 3069 2262 3150; baseline -0.003 -14"><span class='ocrx_word' id='word_1_218' title='bbox 497 3088 557 3136; x_wconf 68' lang='lat'>:25</span> <span class='ocrx_word' id='word_1_219' title='bbox 585 3076 770 3150; x_wconf 85' lang='lat' dir='ltr'>Inque</span> <span class='ocrx_word' id='word_1_220' title='bbox 802 3075 944 3135; x_wconf 93' lang='lat' dir='ltr'>dato</span> <span class='ocrx_word' id='word_1_221' title='bbox 982 3089 1194 3147; x_wconf 91' lang='lat' dir='ltr'>curru,</span> <span class='ocrx_word' id='word_1_222' title='bbox 1243 3074 1476 3150; x_wconf 90' lang='lat' dir='ltr'>populo</span> <span class='ocrx_word' id='word_1_223' title='bbox 1511 3074 1809 3132; x_wconf 89' lang='lat' dir='ltr'>clamante</span> <span class='ocrx_word' id='word_1_224' title='bbox 1837 3069 2262 3146; x_wconf 87' lang='lat' dir='ltr'>Triumphum,</span> 
     </span>
     <span class='ocr_line' id='line_1_35' title="bbox 660 3155 2027 3235; baseline -0.004 -17"><span class='ocrx_word' id='word_1_225' title='bbox 660 3157 892 3235; x_wconf 79' lang='lat' dir='ltr'>Stabis,</span> <span class='ocrx_word' id='word_1_226' title='bbox 940 3165 999 3220; x_wconf 94' lang='lat' dir='ltr'>et</span> <span class='ocrx_word' id='word_1_227' title='bbox 1033 3159 1351 3220; x_wconf 82' lang='lat' dir='ltr'>adiunctas</span> <span class='ocrx_word' id='word_1_228' title='bbox 1385 3164 1512 3218; x_wconf 89' lang='lat' dir='ltr'>arte</span> <span class='ocrx_word' id='word_1_229' title='bbox 1543 3155 1826 3217; x_wconf 86' lang='lat' dir='ltr'>movebis</span> <span class='ocrx_word' id='word_1_230' title='bbox 1855 3172 2027 3216; x_wconf 79' lang='lat' dir='ltr'>aves,</span> 
     </span>
     <span class='ocr_line' id='line_1_36' title="bbox 585 3241 2024 3320; baseline -0.005 -16"><span class='ocrx_word' id='word_1_231' title='bbox 585 3244 881 3304; x_wconf 78' lang='lat' dir='ltr'>Ducentur</span> <span class='ocrx_word' id='word_1_232' title='bbox 910 3242 1070 3320; x_wconf 88' lang='lat' dir='ltr'>capti</span> <span class='ocrx_word' id='word_1_233' title='bbox 1095 3242 1352 3304; x_wconf 83' lang='lat' dir='ltr'>iuvenes</span> <span class='ocrx_word' id='word_1_234' title='bbox 1382 3249 1723 3319; x_wconf 88' lang='lat' dir='ltr'>captaeque</span> <span class='ocrx_word' id='word_1_235' title='bbox 1752 3241 2024 3317; x_wconf 79' lang='lat' dir='ltr'>puellae=</span> 
     </span>
     <span class='ocr_line' id='line_1_37' title="bbox 657 3322 2158 3403; baseline -0.006 -16"><span class='ocrx_word' id='word_1_236' title='bbox 657 3327 824 3388; x_wconf 88' lang='lat' dir='ltr'>Haec</span> <span class='ocrx_word' id='word_1_237' title='bbox 858 3328 964 3389; x_wconf 90' lang='lat' dir='ltr'>tibi</span> <span class='ocrx_word' id='word_1_238' title='bbox 997 3327 1360 3403; x_wconf 85' lang='lat' dir='ltr'>magnificus</span> <span class='ocrx_word' id='word_1_239' title='bbox 1395 3342 1624 3403; x_wconf 86' lang='lat' dir='ltr'>pompa</span> <span class='ocrx_word' id='word_1_240' title='bbox 1655 3325 1997 3402; x_wconf 80' lang='lat' dir='ltr'>triumphus</span> <span class='ocrx_word' id='word_1_241' title='bbox 2031 3322 2158 3382; x_wconf 78' lang='lat' dir='ltr'>erit.</span> 
     </span>
     <span class='ocr_line' id='line_1_38' title="bbox 585 3404 2465 3491; baseline 0.001 -23"><span class='ocrx_word' id='word_1_242' title='bbox 585 3412 719 3487; x_wconf 89' lang='lat' dir='ltr'>[pse</span> <span class='ocrx_word' id='word_1_243' title='bbox 746 3428 860 3487; x_wconf 86' lang='lat' dir='ltr'>ego</span> <span class='ocrx_word' id='word_1_244' title='bbox 878 3460 893 3488; x_wconf 94' lang='lat'>‚</span> <span class='ocrx_word' id='word_1_245' title='bbox 933 3412 1166 3491; x_wconf 89' lang='lat' dir='ltr'>praeda</span> <span class='ocrx_word' id='word_1_246' title='bbox 1196 3427 1434 3486; x_wconf 82' lang='lat' dir='ltr'>recenS,</span> <span class='ocrx_word' id='word_1_247' title='bbox 1461 3412 1683 3471; x_wconf 84' lang='lat' dir='ltr'>factum</span> <span class='ocrx_word' id='word_1_248' title='bbox 1710 3409 1897 3469; x_wconf 90' lang='lat' dir='ltr'>modo</span> <span class='ocrx_word' id='word_1_249' title='bbox 1926 3407 2152 3468; x_wconf 85' lang='lat' dir='ltr'>vulnus</span> <span class='ocrx_word' id='word_1_250' title='bbox 2176 3404 2465 3476; x_wconf 78' lang='lat' dir='ltr'>habebo</span> 
     </span>
     <span class='ocr_line' id='line_1_39' title="bbox 497 3494 1963 3573; baseline -0.004 -17"><span class='ocrx_word' id='word_1_251' title='bbox 497 3504 561 3556; x_wconf 65' lang='lat'>31]</span> <span class='ocrx_word' id='word_1_252' title='bbox 666 3495 743 3556; x_wconf 87' lang='lat' dir='ltr'>Et</span> <span class='ocrx_word' id='word_1_253' title='bbox 773 3503 938 3556; x_wconf 81' lang='lat' dir='ltr'>no‘va</span> <span class='ocrx_word' id='word_1_254' title='bbox 969 3497 1213 3573; x_wconf 84' lang='lat' dir='ltr'>captiva</span> <span class='ocrx_word' id='word_1_255' title='bbox 1244 3495 1490 3556; x_wconf 83' lang='lat' dir='ltr'>vincula</span> <span class='ocrx_word' id='word_1_256' title='bbox 1526 3502 1728 3555; x_wconf 90' lang='lat' dir='ltr'>mente</span> <span class='ocrx_word' id='word_1_257' title='bbox 1758 3494 1963 3555; x_wconf 80' lang='lat' dir='ltr'>feram.</span> 
     </span>
    </p>
   </div>
  </div>
 </body>
</html>
