2467 4042
181 580 233 641 llla
256 580 319 643 dies
341 581 415 642 baec
438 587 485 642 est
497 627 507 662 ‚
529 598 586 659 qua
610 587 640 640 te
664 577 814 641 celebrare
837 587 959 659 poetae,

182 668 216 729 Si
238 669 325 729 modo
349 686 410 729 non
432 666 537 729 lallunt
559 675 715 747 tempora,
738 665 876 747 Bacche,
897 665 1011 746 solent,

181 755 328 836 Festaque
351 755 481 817 odoratis
503 757 661 816 innectunt
684 761 817 834 tempora
840 755 946 835 sertis,

182 842 221 904 Et
243 844 347 905 dicunt
369 842 472 905 landes
496 843 531 903 ad
555 850 605 904 tua
628 845 696 903 vina
718 850 802 903 tuas.

151 931 264 992 nlntcr
288 949 386 1012 quos,
408 933 552 1012 memini,
575 930 646 991 dum
669 947 716 991 me
739 947 804 992 mea
826 930 884 991 lata
908 928 1061 1011 sinebant,

181 1018 247 1080 Non
269 1020 364 1080 invisa
386 1017 441 1079 tibi
463 1036 532 1097 pars
555 1036 610 1097 ego
634 1035 721 1097 saepe
745 1017 806 1099 lui,

182 1106 278 1178 Quem
301 1124 382 1167 nunc
405 1108 592 1186 suppositum
615 1104 709 1167 stellis
733 1103 932 1184 Cynosuridos
955 1103 1048 1166 Ursae

182 1193 286 1255 luucta
309 1201 392 1255 tenet
415 1193 515 1255 crudis
539 1193 682 1255 Sarmatis
704 1211 756 1254 ora
780 1192 879 1254 Getis.

183 1282 301 1361 Quique
323 1284 408 1362 prius
430 1281 549 1342 mollem
571 1298 753 1361 vacuamque
776 1279 928 1342 laboribus
952 1282 1000 1360 egi

136 1380 168 1429 ιο
181 1368 216 1430 ln
239 1368 345 1431 studiis
368 1372 460 1431 vitam
480 1368 691 1449 Pieridumque
714 1367 823 1450 choro,

181 1456 267 1518 Nunc
289 1457 434 1536 procula
456 1458 551 1535 patria
575 1456 686 1517 Geticis
709 1458 914 1517 circumsonor
937 1458 1045 1539 armis,

182 1543 275 1605 blulta
297 1547 382 1623 prius
404 1545 507 1624 pelago
531 1543 683 1624 multaque
706 1561 812 1624 passus
834 1543 942 1607 humo.

183 1631 251 1693 Sive
274 1632 348 1694 mihi
370 1651 457 1694 casus
480 1634 541 1693 sire
564 1631 622 1693 boc
645 1629 727 1693 dedit
748 1633 793 1693 ira
815 1631 959 1712 deorum,

181 1719 288 1781 Nubila
311 1723 445 1782 nascenti
467 1738 521 1781 seu
544 1720 616 1780 mibi
638 1720 732 1780 Parca
754 1720 828 1800 luit,

135 1817 169 1867 15
183 1807 230 1868 Tu
252 1817 352 1869 tamen
374 1827 391 1869 e
415 1810 507 1869 sacris
530 1807 658 1869 hederae
681 1805 846 1869 cultoribus
869 1824 963 1867 unum

182 1895 311 1956 Numine
334 1894 480 1957 debueras
504 1898 683 1958 sustinuisse
706 1903 775 1957 tuo.
835 1959 838 1962 ,

182 1985 227 2044 An
250 1983 385 2045 dominae
409 1985 462 2044 lati
485 1984 627 2063 quiequid
651 1985 786 2060 cecinere
810 1999 946 2062 sorores,

183 2070 278 2132 Omne
302 2071 358 2131 sub
381 2070 504 2131 arbitrio
529 2071 639 2133 desinit
661 2090 727 2133 esse
750 2067 824 2133 dei?

183 2159 250 2238 lpse
274 2176 393 2239 quoque
415 2158 562 2220 aetherias
584 2161 700 2222 meritis
723 2162 858 2220 invectus
882 2176 915 2219 es
937 2176 1039 2234 arces,

134 2256 169 2306 20
184 2246 249 2317 Quo
272 2264 333 2307 non
356 2248 461 2326 exiguo
485 2248 562 2308 lacta
584 2247 685 2308 labore
708 2249 754 2308 via
777 2254 840 2308 est.

182 2333 244 2395 Nec
266 2336 362 2414 patria
384 2342 430 2395 est
452 2333 581 2395 babitata
604 2334 681 2414 tibi,
704 2333 756 2395 sed
780 2334 911 2415 adusque
936 2337 1072 2398 nivosum

184 2420 341 2500 Strymona
364 2424 473 2484 venisti
495 2422 736 2502 Marticolamque
760 2421 854 2483 Geteu

184 2509 364 2589 Persidaque
388 2518 419 2571 et
441 2509 500 2570 lato
524 2512 702 2589 spatiantem
724 2509 844 2571 lluminc
868 2509 1006 2592 Gangen,

184 2595 223 2657 Et
245 2614 447 2678 quascumque
471 2597 547 2659 bibit
569 2597 690 2659 decolor
712 2597 803 2659 lndus
826 2615 934 2677 aquas.

135 2692 170 2745 25
187 2683 306 2746 Scilicet
328 2686 404 2747 banc
427 2684 523 2766 legem
545 2694 651 2748 nentes
674 2685 771 2747 latalia
792 2686 903 2747 Parcae

185 2771 315 2835 Stamina
338 2773 384 2836 bis
407 2776 508 2853 genito
530 2773 576 2835 bis
600 2777 736 2836 cecinere
758 2773 829 2836 tibi.

182 2859 230 2922 llle
254 2879 373 2941 quoque
385 2909 395 2942 ‚
418 2864 445 2922 si
467 2863 511 2923 las
535 2870 581 2923 est
603 2861 746 2942 exemplis
768 2863 813 2923 ire
836 2860 976 2942 deorum,

183 2947 294 3009 Ferrea
316 2967 382 3010 sors
405 2952 482 3009 ritae
505 2948 692 3028 difficilisque
715 2951 841 3030 premit.

122 3033 125 3038 ’
184 3033 237 3095 lllo
259 3052 315 3095 nec
338 3034 431 3096 levius
455 3035 571 3115 cecidi,
594 3055 683 3116 quem
707 3054 811 3116 magna
833 3037 966 3098 locutum

135 3129 171 3182 80
185 3119 325 3200 Reppulit
347 3140 364 3183 a
387 3121 497 3183 Thebis
520 3122 653 3201 luppiter
676 3126 743 3202 igne
768 3141 839 3185 suo.

184 3207 224 3270 Ut
245 3217 344 3270 tamen
367 3208 476 3271 audisti
496 3228 673 3290 percussum
697 3209 820 3271 fulmine
842 3217 957 3291 ratem,

183 3295 344 3358 Admonitu
368 3298 471 3358 matris
494 3297 683 3359 condoluisse
705 3304 808 3378 potes,

184 3383 222 3445 Et
245 3392 352 3464 potes,
376 3385 522 3466 aspiciens
546 3388 660 3449 circum
682 3393 733 3447 tua
756 3402 840 3447 sacra
862 3391 982 3467 poetas,

184 3468 303 3534 ‘Nescio
327 3476 394 3554 quis
417 3468 524 3535 nostri'
548 3473 646 3535 dicere
671 3469 779 3535 ‘cultor
802 3469 907 3535 abest'
1002 3489 1006 3494 '

135 3571 169 3623 35
184 3559 260 3645 Fer,
282 3560 361 3623 bone
384 3560 490 3644 Liber,
513 3579 622 3643 opem:
655 3563 699 3624 sic
722 3561 814 3625 altera
832 3562 973 3644 degravet
991 3560 1104 3626 ulmum
