2467 4042
156 244 200 309 24
314 263 452 299 rmrnou
567 244 747 301 METAMM.

243 410 302 481 Qui
324 411 389 471 iera
411 409 537 471 terribili
559 410 705 473 iaculatur
727 410 851 472 fulmina
873 412 995 492 dextra,

242 498 307 559 Non
331 507 398 577 agat
419 497 474 560 bos
497 517 626 562 ourrrrs.
654 508 687 560 et
708 497 779 578 quid
801 497 870 560 love
884 502 981 562 maius
994 500 1201 566 babemus?

242 586 341 648 Ardua
363 588 526 666 primaria
548 595 595 648 est
617 595 648 648 et
670 605 727 667 qua
750 589 798 648 vix
819 605 906 648 mane
927 598 1072 652 recentes

242 674 401 736 linirentur
424 676 515 754 oqui.
544 675 642 736 medio
665 684 712 737 est
734 675 876 737 altissima
898 674 1000 761 caelo,

194 776 229 825 ee
242 762 335 832 Unde
349 781 429 824 mare
453 771 485 824 et
505 773 601 824 terras
624 765 682 843 ipsi
704 763 778 825 mihi
799 782 888 843 saepe
909 764 1011 827 ridere

243 851 291 912 Fit
312 853 424 931 timor,
447 860 480 912 et
499 851 603 931 pavida
625 852 755 932 trepidat
776 852 935 913 formidine
956 863 1089 933 pecms.

241 939 349 1000 Ultima
370 957 466 1019 prona
486 942 533 1000 via
556 949 602 1004 est
623 947 655 1002 et
676 950 747 1020 eget
766 939 966 1002 moderamine
990 952 1103 1006 certo:

241 1027 327 1088 Tunc
350 1030 443 1089 etiam
462 1046 537 1108 qrae
560 1046 608 1090 ms
632 1027 775 1090 subiectis
797 1030 908 1109 ercipit
930 1030 1041 1111 undb,

241 1115 284 1176 Ne
308 1116 388 1176 ferar
410 1118 442 1177 in
464 1134 631 1199 praeceps,
648 1116 759 1197 Tethys
782 1115 858 1178 solet
879 1119 944 1198 ipsa
966 1123 1090 1181 vereri.

195 1217 228 1267 to
242 1203 324 1265 Adde
347 1203 426 1283 quod
450 1205 567 1266 assidua
589 1207 705 1285 rapitur
728 1206 873 1284 vertigine
895 1205 1009 1267 eaelum

244 1292 407 1371 Sideraque
431 1292 488 1354 alta
511 1292 601 1354 trahit
618 1293 769 1373 celerique
787 1292 936 1355 volumino
959 1303 1106 1374 torquet.

241 1379 326 1440 Nitor
348 1381 380 1441 in
403 1380 560 1443 adversum
572 1429 582 1463 ,
604 1399 661 1443 nec
683 1400 731 1443 me
755 1383 807 1461 qui
829 1390 929 1442 cetera
940 1430 951 1462 ,
972 1385 1071 1445 vincit

241 1469 396 1549 Impetus,
418 1478 448 1530 et
470 1468 573 1549 rapido
596 1473 764 1531 contrarius
787 1469 896 1532 evehor
918 1470 1002 1532 orbi.

241 1557 333 1635 Finge
356 1555 440 1618 datos
463 1575 594 1620 currus:
622 1557 693 1636 quid
717 1554 817 1637 ages?
838 1560 990 1638 poterisne
1012 1564 1132 1624 rotatis

193 1644 353 1706 reuberus
375 1647 420 1706 ire
441 1645 541 1727 polis,
563 1664 601 1707 ne
625 1655 654 1707 te
677 1648 755 1708 citus
778 1646 893 1707 auferat
914 1644 1002 1708 arisi

241 1734 376 1794 Forsitan
400 1742 431 1795 et
451 1733 535 1796 lucos
558 1734 618 1795 illic
640 1734 791 1814 urbesque
815 1733 939 1796 deorum

241 1822 396 1901 Concipias
415 1824 512 1883 arrinm
536 1821 719 1902 delubraque
742 1823 814 1885 ditia
837 1822 923 1884 donis

241 1906 346 1971 Esse?
368 1928 423 1990 per
444 1909 567 1973 insidias
589 1913 648 1972 iter
670 1921 718 1972 est
739 1912 909 1990 formasque
931 1912 1087 1974 ferarum.

241 1997 338 2077 thue
362 2000 437 2059 riam
460 2006 563 2060 teneas
585 1997 727 2078 nulloque
750 2017 853 2061 errore
876 1998 1021 2080 mabar-is,

192 2098 227 2150 80
240 2086 299 2147 Per
321 2095 420 2147 mmen
443 2086 559 2148 adversi
580 2087 725 2167 gradieris
747 2105 859 2148 cornua
881 2087 972 2149 Tauri

240 2174 478 2254 Haemoniosque
501 2193 590 2236 arcus
612 2175 793 2255 violentique
814 2193 868 2236 ora
889 2173 997 2236 Leonis

242 2262 392 2341 Saevaque
415 2264 543 2325 circuitu
566 2272 738 2325 curvantem
759 2262 897 2324 bracchia
919 2264 1007 2343 longo

242 2351 387 2430 Scorpion
410 2359 498 2430 atque
526 2351 610 2413 aliter
638 2360 811 2416 curvantem
837 2351 975 2413 bracchia
997 2350 1177 2418 Cancrum.

241 2438 303 2500 Nec
325 2438 379 2500 tibi
403 2439 609 2520 quadrupedes
632 2442 781 2503 animosos
803 2438 923 2519 ignibus
945 2439 1021 2522 illis,

190 2539 224 2589 85
241 2527 321 2598 Ques
344 2530 375 2587 in
398 2536 520 2608 peetore
543 2527 677 2610 babent,
697 2546 773 2607 qnos
786 2547 839 2589 ore
863 2538 894 2590 et
906 2528 1029 2589 naribus
1041 2530 1176 2616 efflent,

241 2615 276 2676 In
297 2624 438 2695 prompto
461 2633 566 2695 regere
584 2626 653 2678 est.
679 2618 729 2677 vix
746 2634 795 2678 me
808 2619 986 2699 patiuntur,
1007 2616 1059 2679 ubi
1078 2637 1174 2683 acres

241 2703 394 2765 incaluere
416 2705 530 2786 animi,
552 2708 712 2784 cervixque
734 2714 882 2784 repugnat
902 2704 1041 2767 habenis.

240 2793 278 2853 dt
299 2801 356 2875 tu,
377 2793 488 2854 funesti
509 2810 549 2853 oe
572 2795 629 2854 sim
650 2792 706 2854 tibi
727 2794 860 2854 muneris
881 2802 1004 2874 auctor,

241 2879 338 2960 Nato,
361 2898 454 2961 cave,
477 2881 548 2943 dum
571 2895 681 2960 resque
704 2883 797 2963 sinit,
818 2889 871 2943 tua
894 2884 1010 2961 corrige
1032 2892 1123 2946 vota.

193 2982 228 3031 eo
243 2968 364 3029 Scilicet
385 2977 421 3030 ut
442 2977 546 3030 nostro
563 2971 697 3049 genitum
719 2978 750 3031 te
772 2972 916 3048 sanguine
939 2970 1060 3051 credas,

240 3056 366 3135 Pignera
388 3066 470 3119 certa
492 3054 600 3137 peris?
623 3057 661 3117 do
683 3060 807 3137 pignera
829 3067 911 3119 certa
933 3058 1084 3141 timendo,

239 3144 279 3205 Et
300 3147 396 3224 patrio
419 3153 504 3225 pater
522 3163 587 3207 esse
611 3155 693 3207 metu
714 3145 848 3225 probor.
876 3149 975 3225 aspice
996 3147 1096 3209 vultus

241 3231 319 3293 Ecce
342 3251 446 3295 meos.
474 3236 647 3313 utinamque
670 3233 772 3295 ceorlus
794 3237 826 3295 in
848 3244 970 3313 pectora
991 3254 1096 3315 posses

241 3321 400 3403 inserere,
422 3330 454 3382 et
474 3324 584 3401 patrias
607 3324 689 3383 intus
712 3321 896 3403 deprendere
920 3323 1024 3385 omas!

198 3421 231 3470 et
246 3408 380 3487 Denique
394 3410 535 3490 quicquid
549 3409 639 3472 babet
652 3411 734 3471 diros
747 3458 756 3491 ,
779 3413 998 3493 circumspice,
1016 3413 1167 3495 mundus,

242 3496 326 3574 Eque
349 3505 394 3557 tot
416 3516 451 3559 ac
474 3500 564 3559 tantis
587 3498 661 3560 caeli
683 3505 843 3578 terraeque
865 3502 1015 3578 marisque

241 3583 336 3645 Posce
358 3582 445 3645 bonis
464 3585 597 3665 aliquid.
625 3586 736 3648 nubam
757 3589 871 3665 patiere
892 3588 1060 3667 repulsam.
