2467 4042
206 211 271 278 296
611 210 804 263 easroeuu

296 374 389 437 Terra
410 373 508 436 tribus
530 372 661 452 scopulis
683 382 798 437 vastum
818 376 975 453 procurrit
999 378 1037 438 in
1062 395 1171 457 aequor

227 477 280 527 420
340 463 491 524 Trinacris
503 509 513 542 ,
535 463 674 541 aposita
696 478 805 523 nomen
826 461 935 541 adepta
957 463 1042 545 loci,

294 550 382 612 Grata
405 550 511 611 domus
533 548 657 611 Cereri.
697 548 805 610 multas
826 568 861 610 ea
883 551 1024 630 possidet
1049 552 1161 633 urbes,

338 637 372 700 ln
395 636 503 718 quibos
526 645 574 699 est
593 636 675 698 culto
697 637 805 698 fertilis
826 636 931 699 Henna
954 639 1042 703 solo.

294 727 411 806 Frigida
433 724 594 791 caelestum
615 733 727 787 matres
748 725 894 789 Arethusa
916 737 1062 791 vocant:

337 813 465 877 Venerat
486 814 523 876 ad
546 830 645 875 sacras
668 821 700 875 ot
720 812 775 875 dea
796 814 868 877 tlara
890 814 1002 894 dapes.

59 908 117 1057 Νῇ
136 928 185 1057 ί
227 917 294 998 ⁴29.
294 902 367 966 Filia
378 950 389 986 ,
411 904 566 969 consuetis
584 910 621 964 ut
641 909 706 964 orat
727 905 864 965 comitata
886 902 996 982 puelle
1003 948 1016 984 ,

58 1010 197 1185 '2253
208 1125 247 1164 a
293 990 720 1142 Vaffgrffigtufflssperloffi:
741 989 965 1159 gitasffine
987 1079 1090 1142 molta

93 1167 100 1179 ’
236 1132 321 1233 lff'
341 1166 451 1230 Uridus
473 1186 511 1229 ex
532 1165 591 1228 alto
614 1165 778 1228 desilientis
799 1184 909 1244 aquae.

294 1256 352 1319 'l'ot
373 1256 493 1318 lucrant
513 1254 596 1334 illic,
620 1262 693 1334 quot
714 1253 803 1316 habet
824 1263 952 1335 natura,
975 1256 1120 1338 colores,

228 1358 281 1409 tao
339 1343 481 1424 Pictaque
503 1341 640 1407 dissimili
661 1342 735 1407 tiore
757 1341 870 1407 nitebat
891 1342 1021 1407 hamne.

295 1432 389 1503 Quam
412 1431 501 1493 simul
523 1433 660 1511 aspexit,
682 1426 844 1511 ‘comites,
866 1431 1000 1495 accedite
1016 1428 1044 1493 l'
1067 1433 1146 1496 dixit

340 1516 394 1581 ‘Et
415 1537 533 1582 mecum
554 1519 659 1599 plenos
680 1518 753 1581 dore
776 1519 887 1583 celante
909 1517 1034 1583 sinusl'

295 1608 408 1670 Praeda
429 1606 577 1688 puellares
599 1608 713 1669 animos
734 1606 882 1688 prolectat
901 1608 1020 1690 inanis,

339 1696 377 1758 Et
399 1714 459 1757 non
482 1697 610 1761 sentitur
633 1694 788 1756 sedulitate
810 1694 909 1757 labor.

228 1798 280 1848 tae
294 1785 374 1847 Haec
396 1783 500 1864 implet
520 1784 601 1846 lento
624 1783 754 1845 calathos
777 1801 793 1843 e
815 1784 925 1844 vimine
946 1802 1062 1865 nexos,

339 1872 419 1934 Haec
441 1873 588 1950 gremium
600 1916 610 1951 ,
633 1871 714 1932 laxos
737 1871 875 1950 degravat
896 1870 945 1932 illa
968 1873 1075 1934 sinus.

295 1961 346 2023 Illa
370 1960 441 2041 legit
462 1959 596 2041 calthas,
618 1959 689 2020 huic
712 1968 783 2021 sunt
803 1958 922 2021 violaria
944 1977 1057 2041 corae,

338 2048 390 2110 Illa
412 2066 590 2130 papavereas
614 2047 752 2115 subsecat
774 2066 873 2127 ungue
895 2065 1014 2110 comas:

294 2137 377 2217 Has,
399 2135 578 2217 hyacinthe,
600 2144 707 2216 tenes3
729 2135 816 2215 illas,
839 2143 1011 2216 amarante,
1037 2141 1181 2203 morans:

228 2239 281 2289 440
339 2225 411 2286 Pars
434 2224 555 2305 thyma,
577 2241 648 2304 pars
670 2225 800 2305 casiam,
826 2241 895 2302 pars
923 2223 1080 2288 meliloton
1105 2236 1202 2290 amant.

293 2312 424 2376 Plurima
451 2312 529 2377 lecta
554 2329 622 2373 rosa
650 2321 717 2393 est3
745 2320 816 2373 sunt
841 2319 873 2373 et
894 2313 959 2375 sino
981 2316 1109 2377 nomine

840 2400 946 2461 llores.

338 2490 404 2573 ipsa
428 2506 532 2552 crocos
556 2498 662 2551 tenues
683 2486 802 2567 liliaque
825 2487 890 2553 alba
912 2487 1000 2567 legit.

296 2576 443 2659 Carpendi
465 2578 563 2639 studio
586 2576 726 2657 paulatim
748 2576 865 2656 longius
887 2578 965 2657 itur,

337 2666 376 2728 Et
398 2667 547 2731 dominam
570 2683 642 2729 caso
664 2664 743 2729 nulla
766 2673 867 2729 secuta
890 2682 1006 2727 comes.

229 2754 377 2818 atellano
399 2754 479 2817 videt
501 2764 532 2816 et
554 2756 646 2819 visam
668 2762 792 2833 patruus
814 2753 955 2817 velociter
977 2755 1098 2835 aufert,

338 2842 499 2922 Regnaque
522 2842 672 2911 caeruleis
690 2843 721 2904 io
744 2859 797 2903 sua
819 2849 920 2921 portat
940 2844 1046 2920 equis.

294 2932 346 2993 illa
368 2932 489 3012 quidem
511 2929 655 2995 clamabat
677 2926 722 2992 ‘io
734 2976 744 3012 ,
767 2932 919 2992 carlssima
940 2938 1056 3012 mater,

338 3020 465 3082 Auferor
479 3014 503 3081 l'
527 3021 591 3099 ipsa
613 3037 684 3081 suos
707 3018 931 3098 abscideratque
954 3020 1059 3082 dnus:

295 3109 438 3171 Panditur
460 3109 574 3171 interea
596 3106 657 3171 [liti
678 3110 724 3170 via
736 3155 746 3189 ,
767 3124 894 3186 namque
917 3107 1062 3171 clinnum

228 3208 280 3259 tto
338 3196 452 3260 Lumen
475 3194 624 3259 inadsueti
645 3198 694 3257 vix
715 3197 869 3276 patiuntur
892 3197 978 3275 equi.
1032 3258 1041 3273 ‚

295 3285 333 3348 tt
355 3285 465 3347 chorus
488 3283 640 3365 aequalis,
663 3283 828 3347 cumulatae
850 3283 924 3344 dore
947 3284 1123 3365 ministrae,

339 3369 545 3451 ‘Persephone
558 3367 584 3453 ,'
608 3371 736 3435 clamant
757 3366 810 3433 ‘ad
832 3380 884 3435 tua
906 3372 983 3434 dona
1004 3368 1110 3434 renil’

295 3459 333 3521 Ut
355 3459 478 3520 clamata
500 3460 588 3538 silet,
612 3469 728 3521 montes
750 3459 912 3523 ululatibus
933 3458 1077 3542 impleut,

338 3544 377 3606 Et
398 3547 513 3607 feriunt
532 3553 661 3607 maestae
683 3554 805 3625 pectora
827 3547 907 3609 nuda
928 3565 1054 3609 manus.
