<?xml version="1.0" encoding="UTF-8"?>
<!DOCTYPE html PUBLIC "-//W3C//DTD XHTML 1.0 Transitional//EN"
    "http://www.w3.org/TR/xhtml1/DTD/xhtml1-transitional.dtd">
<html xmlns="http://www.w3.org/1999/xhtml" xml:lang="en" lang="en">
 <head>
  <title>
</title>
<meta http-equiv="Content-Type" content="text/html;charset=utf-8" />
  <meta name='ocr-system' content='tesseract 3.04.00' />
  <meta name='ocr-capabilities' content='ocr_page ocr_carea ocr_par ocr_line ocrx_word'/>
</head>
<body>
  <div class='ocr_page' id='page_1' title='image "./povidiusnaso00ehwagoog_0501.png"; bbox 0 0 2467 4042; ppageno 0'>
   <div class='ocr_carea' id='block_1_1' title="bbox 387 230 1030 300">
    <p class='ocr_par' dir='ltr' id='par_1_1' title="bbox 387 230 1030 300">
     <span class='ocr_line' id='line_1_1' title="bbox 387 230 1030 300; baseline 0.005 -16"><span class='ocrx_word' id='word_1_1' title='bbox 387 230 445 299; x_wconf 85' lang='lat' dir='ltr'><strong>IV,</strong></span> <span class='ocrx_word' id='word_1_2' title='bbox 465 230 595 300; x_wconf 76' lang='lat' dir='ltr'><strong>796-V,</strong></span> <span class='ocrx_word' id='word_1_3' title='bbox 614 237 667 286; x_wconf 85' lang='grc'><strong>61.</strong></span> <span class='ocrx_word' id='word_1_4' title='bbox 771 250 884 287; x_wconf 80' lang='grc'><strong>1111111</strong></span> <span class='ocrx_word' id='word_1_5' title='bbox 988 233 1030 298; x_wconf 87' lang='grc'><strong>89</strong></span> 
     </span>
    </p>
   </div>
   <div class='ocr_carea' id='block_1_2' title="bbox 36 394 1032 3651">
    <p class='ocr_par' dir='ltr' id='par_1_2' title="bbox 36 394 1032 3651">
     <span class='ocr_line' id='line_1_2' title="bbox 123 394 890 478; baseline 0 -20"><span class='ocrx_word' id='word_1_6' title='bbox 123 396 164 458; x_wconf 84' lang='lat' dir='ltr'><strong>Ex</strong></span> <span class='ocrx_word' id='word_1_7' title='bbox 183 396 236 459; x_wconf 89' lang='lat' dir='ltr'><strong>illis</strong></span> <span class='ocrx_word' id='word_1_8' title='bbox 258 395 413 477; x_wconf 87' lang='lat' dir='ltr'><strong>scopulis,</strong></span> <span class='ocrx_word' id='word_1_9' title='bbox 435 394 487 458; x_wconf 89' lang='lat' dir='ltr'><strong>uhi</strong></span> <span class='ocrx_word' id='word_1_10' title='bbox 509 404 595 457; x_wconf 92' lang='lat' dir='ltr'><strong>erant</strong></span> <span class='ocrx_word' id='word_1_11' title='bbox 617 397 702 457; x_wconf 78' lang='lat' dir='ltr'><strong>ailina</strong></span> <span class='ocrx_word' id='word_1_12' title='bbox 714 444 724 478; x_wconf 95' lang='lat'><strong>,</strong></span> <span class='ocrx_word' id='word_1_13' title='bbox 746 395 890 476; x_wconf 82' lang='lat' dir='ltr'><strong>petisses.</strong></span> 
     </span>
     <span class='ocr_line' id='line_1_3' title="bbox 122 483 970 566; baseline 0.002 -21"><span class='ocrx_word' id='word_1_14' title='bbox 122 485 199 546; x_wconf 86' lang='lat' dir='ltr'><strong>Nunc</strong></span> <span class='ocrx_word' id='word_1_15' title='bbox 220 486 305 565; x_wconf 90' lang='lat' dir='ltr'><strong>sine,</strong></span> <span class='ocrx_word' id='word_1_16' title='bbox 329 486 382 564; x_wconf 88' lang='lat' dir='ltr'><strong>qui</strong></span> <span class='ocrx_word' id='word_1_17' title='bbox 403 486 512 566; x_wconf 89' lang='lat' dir='ltr'><strong>petiit,</strong></span> <span class='ocrx_word' id='word_1_18' title='bbox 534 502 697 564; x_wconf 88' lang='lat' dir='ltr'><strong>perquem</strong></span> <span class='ocrx_word' id='word_1_19' title='bbox 719 483 793 546; x_wconf 88' lang='lat' dir='ltr'><strong>haec</strong></span> <span class='ocrx_word' id='word_1_20' title='bbox 815 503 875 546; x_wconf 91' lang='lat' dir='ltr'><strong>non</strong></span> <span class='ocrx_word' id='word_1_21' title='bbox 899 486 970 547; x_wconf 89' lang='lat' dir='ltr'><strong>orba</strong></span> 
     </span>
     <span class='ocr_line' id='line_1_4' title="bbox 875 582 1031 657; baseline 0.006 -22"><span class='ocrx_word' id='word_1_22' title='bbox 875 582 1031 657; x_wconf 84' lang='lat' dir='ltr'><strong>senectus,</strong></span> 
     </span>
     <span class='ocr_line' id='line_1_5' title="bbox 121 661 1031 743; baseline 0.003 -22"><span class='ocrx_word' id='word_1_23' title='bbox 121 661 204 723; x_wconf 84' lang='lat' dir='ltr'><strong>Ferre</strong></span> <span class='ocrx_word' id='word_1_24' title='bbox 226 661 304 740; x_wconf 88' lang='lat' dir='ltr'><strong>quod</strong></span> <span class='ocrx_word' id='word_1_25' title='bbox 327 669 360 724; x_wconf 90' lang='lat' dir='ltr'><strong>et</strong></span> <span class='ocrx_word' id='word_1_26' title='bbox 380 663 496 723; x_wconf 87' lang='lat' dir='ltr'><strong>meritis</strong></span> <span class='ocrx_word' id='word_1_27' title='bbox 523 670 554 723; x_wconf 91' lang='lat' dir='ltr'><strong>et</strong></span> <span class='ocrx_word' id='word_1_28' title='bbox 579 679 652 722; x_wconf 85' lang='lat' dir='ltr'><strong>voce</strong></span> <span class='ocrx_word' id='word_1_29' title='bbox 681 670 727 723; x_wconf 90' lang='lat' dir='ltr'><strong>est</strong></span> <span class='ocrx_word' id='word_1_30' title='bbox 753 671 880 743; x_wconf 81' lang='lat' dir='ltr'><strong>pactus3</strong></span> <span class='ocrx_word' id='word_1_31' title='bbox 903 680 1031 743; x_wconf 83' lang='lat' dir='ltr'><strong>eumque</strong></span> 
     </span>
     <span class='ocr_line' id='line_1_6' title="bbox 121 746 965 833; baseline 0.004 -24"><span class='ocrx_word' id='word_1_32' title='bbox 121 748 182 810; x_wconf 88' lang='lat' dir='ltr'><strong>Non</strong></span> <span class='ocrx_word' id='word_1_33' title='bbox 202 749 276 833; x_wconf 89' lang='lat' dir='ltr'><strong>tibi,</strong></span> <span class='ocrx_word' id='word_1_34' title='bbox 298 749 352 811; x_wconf 89' lang='lat' dir='ltr'><strong>sed</strong></span> <span class='ocrx_word' id='word_1_35' title='bbox 376 758 475 811; x_wconf 89' lang='lat' dir='ltr'><strong>certae</strong></span> <span class='ocrx_word' id='word_1_36' title='bbox 497 748 662 829; x_wconf 89' lang='lat' dir='ltr'><strong>praelatum</strong></span> <span class='ocrx_word' id='word_1_37' title='bbox 684 749 823 830; x_wconf 89' lang='lat' dir='ltr'><strong>intellege</strong></span> <span class='ocrx_word' id='word_1_38' title='bbox 846 753 936 812; x_wconf 92' lang='lat' dir='ltr'><strong>morti</strong></span> <span class='ocrx_word' id='word_1_39' title='bbox 945 746 965 812; x_wconf 90' lang='lat'><strong>.&#39;</strong></span> 
     </span>
     <span class='ocr_line' id='line_1_7' title="bbox 85 836 928 901; baseline 0.004 -4"><span class='ocrx_word' id='word_1_40' title='bbox 85 837 169 898; x_wconf 85' lang='grc'><strong>11111</strong></span> <span class='ocrx_word' id='word_1_41' title='bbox 190 837 259 899; x_wconf 89' lang='lat' dir='ltr'><strong>nihil</strong></span> <span class='ocrx_word' id='word_1_42' title='bbox 282 845 409 900; x_wconf 81' lang='lat' dir='ltr'><strong>contra:</strong></span> <span class='ocrx_word' id='word_1_43' title='bbox 430 836 483 899; x_wconf 90' lang='lat' dir='ltr'><strong>sed</strong></span> <span class='ocrx_word' id='word_1_44' title='bbox 506 846 537 899; x_wconf 92' lang='lat' dir='ltr'><strong>et</strong></span> <span class='ocrx_word' id='word_1_45' title='bbox 558 838 640 899; x_wconf 92' lang='lat' dir='ltr'><strong>hunc</strong></span> <span class='ocrx_word' id='word_1_46' title='bbox 663 844 693 898; x_wconf 89' lang='lat' dir='ltr'><strong>ct</strong></span> <span class='ocrx_word' id='word_1_47' title='bbox 714 837 824 899; x_wconf 88' lang='lat' dir='ltr'><strong>Persea</strong></span> <span class='ocrx_word' id='word_1_48' title='bbox 846 839 928 901; x_wconf 88' lang='lat' dir='ltr'><strong>vultu</strong></span> 
     </span>
     <span class='ocr_line' id='line_1_8' title="bbox 120 925 978 1008; baseline 0.002 -22"><span class='ocrx_word' id='word_1_49' title='bbox 120 925 232 987; x_wconf 74' lang='lat' dir='ltr'><strong>alterno</strong></span> <span class='ocrx_word' id='word_1_50' title='bbox 254 934 415 1007; x_wconf 90' lang='lat' dir='ltr'><strong>spectans,</strong></span> <span class='ocrx_word' id='word_1_51' title='bbox 433 932 515 1006; x_wconf 88' lang='lat' dir='ltr'><strong>petat</strong></span> <span class='ocrx_word' id='word_1_52' title='bbox 531 926 634 1007; x_wconf 89' lang='lat' dir='ltr'><strong>hunc,</strong></span> <span class='ocrx_word' id='word_1_53' title='bbox 656 928 795 1008; x_wconf 75' lang='lat' dir='ltr'>ignorat,</span> <span class='ocrx_word' id='word_1_54' title='bbox 818 944 855 988; x_wconf 87' lang='lat' dir='ltr'><strong>an</strong></span> <span class='ocrx_word' id='word_1_55' title='bbox 877 926 978 989; x_wconf 83' lang='lat' dir='ltr'><strong>illum:</strong></span> 
     </span>
     <span class='ocr_line' id='line_1_9' title="bbox 121 1012 917 1097; baseline 0.004 -23"><span class='ocrx_word' id='word_1_56' title='bbox 121 1012 331 1094; x_wconf 83' lang='lat' dir='ltr'><strong>Cunctatusque</strong></span> <span class='ocrx_word' id='word_1_57' title='bbox 354 1013 438 1076; x_wconf 86' lang='lat' dir='ltr'><strong>brevi</strong></span> <span class='ocrx_word' id='word_1_58' title='bbox 461 1021 627 1075; x_wconf 78' lang='lat' dir='ltr'><strong>contortam</strong></span> <span class='ocrx_word' id='word_1_59' title='bbox 649 1013 763 1076; x_wconf 83' lang='lat' dir='ltr'><strong>viribus</strong></span> <span class='ocrx_word' id='word_1_60' title='bbox 784 1013 917 1097; x_wconf 78' lang='lat' dir='ltr'>hastam,</span> 
     </span>
     <span class='ocr_line' id='line_1_10' title="bbox 120 1101 942 1184; baseline 0.004 -22"><span class='ocrx_word' id='word_1_61' title='bbox 120 1101 240 1172; x_wconf 81' lang='lat' dir='ltr'><strong>Quantas</strong></span> <span class='ocrx_word' id='word_1_62' title='bbox 257 1104 302 1164; x_wconf 90' lang='lat' dir='ltr'><strong>ira</strong></span> <span class='ocrx_word' id='word_1_63' title='bbox 325 1101 434 1184; x_wconf 86' lang='lat' dir='ltr'><strong>dabat,</strong></span> <span class='ocrx_word' id='word_1_64' title='bbox 457 1104 638 1183; x_wconf 82' lang='lat' dir='ltr'>nequiquam</span> <span class='ocrx_word' id='word_1_65' title='bbox 661 1104 692 1164; x_wconf 91' lang='lat' dir='ltr'><strong>in</strong></span> <span class='ocrx_word' id='word_1_66' title='bbox 714 1101 824 1164; x_wconf 88' lang='lat' dir='ltr'><strong>Persea</strong></span> <span class='ocrx_word' id='word_1_67' title='bbox 845 1105 942 1165; x_wconf 85' lang='lat' dir='ltr'><strong>misit.</strong></span> 
     </span>
     <span class='ocr_line' id='line_1_11' title="bbox 120 1188 951 1272; baseline 0.005 -22"><span class='ocrx_word' id='word_1_68' title='bbox 120 1188 154 1251; x_wconf 91' lang='lat' dir='ltr'><strong>Ut</strong></span> <span class='ocrx_word' id='word_1_69' title='bbox 174 1192 255 1252; x_wconf 88' lang='lat' dir='ltr'><strong>stetit</strong></span> <span class='ocrx_word' id='word_1_70' title='bbox 275 1190 325 1252; x_wconf 94' lang='lat' dir='ltr'><strong>illa</strong></span> <span class='ocrx_word' id='word_1_71' title='bbox 348 1198 437 1272; x_wconf 90' lang='lat' dir='ltr'><strong>toro,</strong></span> <span class='ocrx_word' id='word_1_72' title='bbox 460 1193 561 1252; x_wconf 84' lang='lat' dir='ltr'><strong>stratis</strong></span> <span class='ocrx_word' id='word_1_73' title='bbox 584 1199 648 1252; x_wconf 89' lang='lat' dir='ltr'><strong>tum</strong></span> <span class='ocrx_word' id='word_1_74' title='bbox 672 1190 800 1271; x_wconf 85' lang='lat' dir='ltr'><strong>denique</strong></span> <span class='ocrx_word' id='word_1_75' title='bbox 822 1190 951 1254; x_wconf 87' lang='lat' dir='ltr'><strong>Perseus</strong></span> 
     </span>
     <span class='ocr_line' id='line_1_12' title="bbox 86 1277 784 1361; baseline 0.006 -25"><span class='ocrx_word' id='word_1_76' title='bbox 86 1277 246 1361; x_wconf 80' lang='grc'><strong>1111111111,</strong></span> <span class='ocrx_word' id='word_1_77' title='bbox 267 1278 388 1358; x_wconf 87' lang='lat' dir='ltr'><strong>teloque</strong></span> <span class='ocrx_word' id='word_1_78' title='bbox 412 1279 495 1340; x_wconf 83' lang='lat' dir='ltr'><strong>lerox</strong></span> <span class='ocrx_word' id='word_1_79' title='bbox 517 1281 636 1340; x_wconf 91' lang='lat' dir='ltr'><strong>inimica</strong></span> <span class='ocrx_word' id='word_1_80' title='bbox 658 1281 784 1340; x_wconf 88' lang='lat' dir='ltr'><strong>remisso</strong></span> 
     </span>
     <span class='ocr_line' id='line_1_13' title="bbox 119 1365 859 1448; baseline 0.007 -22"><span class='ocrx_word' id='word_1_81' title='bbox 119 1365 236 1428; x_wconf 79' lang='lat' dir='ltr'><strong>Pectora</strong></span> <span class='ocrx_word' id='word_1_82' title='bbox 256 1369 412 1448; x_wconf 90' lang='lat' dir='ltr'><strong>rupisset,</strong></span> <span class='ocrx_word' id='word_1_83' title='bbox 434 1369 492 1428; x_wconf 87' lang='lat' dir='ltr'><strong>nisi</strong></span> <span class='ocrx_word' id='word_1_84' title='bbox 513 1376 583 1447; x_wconf 92' lang='lat' dir='ltr'><strong>post</strong></span> <span class='ocrx_word' id='word_1_85' title='bbox 605 1366 706 1428; x_wconf 90' lang='lat' dir='ltr'><strong>altaria</strong></span> <span class='ocrx_word' id='word_1_86' title='bbox 728 1366 859 1430; x_wconf 87' lang='lat' dir='ltr'><strong>Phineus</strong></span> 
     </span>
     <span class='ocr_line' id='line_1_14' title="bbox 119 1453 872 1536; baseline 0.004 -23"><span class='ocrx_word' id='word_1_87' title='bbox 119 1453 209 1517; x_wconf 85' lang='lat' dir='ltr'><strong>Isset:</strong></span> <span class='ocrx_word' id='word_1_88' title='bbox 230 1463 260 1516; x_wconf 94' lang='lat' dir='ltr'><strong>et</strong></span> <span class='ocrx_word' id='word_1_89' title='bbox 271 1502 280 1536; x_wconf 90' lang='lat'><strong>,</strong></span> <span class='ocrx_word' id='word_1_90' title='bbox 303 1454 480 1533; x_wconf 75' lang='lat' dir='ltr'><strong>indignum!</strong></span> <span class='ocrx_word' id='word_1_91' title='bbox 503 1454 647 1516; x_wconf 90' lang='lat' dir='ltr'><strong>scelerato</strong></span> <span class='ocrx_word' id='word_1_92' title='bbox 670 1456 784 1535; x_wconf 80' lang='lat' dir='ltr'><strong>profuit</strong></span> <span class='ocrx_word' id='word_1_93' title='bbox 805 1474 872 1517; x_wconf 88' lang='lat' dir='ltr'><strong>ara.</strong></span> 
     </span>
     <span class='ocr_line' id='line_1_15' title="bbox 119 1540 958 1623; baseline 0.004 -21"><span class='ocrx_word' id='word_1_94' title='bbox 119 1540 220 1604; x_wconf 87' lang='lat' dir='ltr'><strong>Fronte</strong></span> <span class='ocrx_word' id='word_1_95' title='bbox 242 1551 343 1604; x_wconf 89' lang='lat' dir='ltr'><strong>tamen</strong></span> <span class='ocrx_word' id='word_1_96' title='bbox 365 1542 473 1604; x_wconf 82' lang='lat' dir='ltr'><strong>Rhoeti</strong></span> <span class='ocrx_word' id='word_1_97' title='bbox 495 1561 555 1604; x_wconf 92' lang='lat' dir='ltr'><strong>non</strong></span> <span class='ocrx_word' id='word_1_98' title='bbox 579 1544 664 1604; x_wconf 89' lang='lat' dir='ltr'><strong>irrita</strong></span> <span class='ocrx_word' id='word_1_99' title='bbox 687 1544 787 1623; x_wconf 89' lang='lat' dir='ltr'><strong>cuspis</strong></span> <span class='ocrx_word' id='word_1_100' title='bbox 810 1543 958 1606; x_wconf 79' lang='lat' dir='ltr'><strong>adhaesit.</strong></span> 
     </span>
     <span class='ocr_line' id='line_1_16' title="bbox 36 1629 1031 1713; baseline 0.001 -20"><span class='ocrx_word' id='word_1_101' title='bbox 36 1686 37 1693; x_wconf 71' lang='grc'>,</span> <span class='ocrx_word' id='word_1_102' title='bbox 121 1629 171 1700; x_wconf 81' lang='lat' dir='ltr'><strong>Oui</strong></span> <span class='ocrx_word' id='word_1_103' title='bbox 182 1638 340 1710; x_wconf 86' lang='lat' dir='ltr'><strong>postquam</strong></span> <span class='ocrx_word' id='word_1_104' title='bbox 355 1630 463 1693; x_wconf 92' lang='lat' dir='ltr'><strong>cecidit</strong></span> <span class='ocrx_word' id='word_1_105' title='bbox 475 1632 650 1711; x_wconf 83' lang='lat' dir='ltr'><strong>ferrumque</strong></span> <span class='ocrx_word' id='word_1_106' title='bbox 664 1649 701 1692; x_wconf 85' lang='lat' dir='ltr'><strong>ex</strong></span> <span class='ocrx_word' id='word_1_107' title='bbox 715 1649 782 1693; x_wconf 88' lang='lat' dir='ltr'><strong>osse</strong></span> <span class='ocrx_word' id='word_1_108' title='bbox 802 1631 954 1694; x_wconf 77' lang='lat' dir='ltr'><strong>revulsum</strong></span> <span class='ocrx_word' id='word_1_109' title='bbox 968 1642 1014 1694; x_wconf 90' lang='lat' dir='ltr'><strong>est</strong></span> <span class='ocrx_word' id='word_1_110' title='bbox 1022 1681 1031 1713; x_wconf 88' lang='lat'><strong>,</strong></span> 
     </span>
     <span class='ocr_line' id='line_1_17' title="bbox 84 1716 913 1800; baseline 0.007 -24"><span class='ocrx_word' id='word_1_111' title='bbox 84 1716 250 1780; x_wconf 79' lang='lat' dir='ltr'><strong>acaciuat</strong></span> <span class='ocrx_word' id='word_1_112' title='bbox 272 1727 304 1780; x_wconf 94' lang='grc'><strong>11</strong></span> <span class='ocrx_word' id='word_1_113' title='bbox 324 1720 438 1799; x_wconf 89' lang='lat' dir='ltr'><strong>positas</strong></span> <span class='ocrx_word' id='word_1_114' title='bbox 461 1721 591 1800; x_wconf 81' lang='lat' dir='ltr'><strong>aspergit</strong></span> <span class='ocrx_word' id='word_1_115' title='bbox 613 1721 756 1799; x_wconf 88' lang='lat' dir='ltr'><strong>sanguine</strong></span> <span class='ocrx_word' id='word_1_116' title='bbox 779 1738 913 1782; x_wconf 82' lang='lat' dir='ltr'><strong>mensas.</strong></span> 
     </span>
     <span class='ocr_line' id='line_1_18' title="bbox 120 1800 895 1890; baseline 0.005 -25"><span class='ocrx_word' id='word_1_117' title='bbox 120 1804 188 1867; x_wconf 86' lang='lat' dir='ltr'><strong>Tum</strong></span> <span class='ocrx_word' id='word_1_118' title='bbox 211 1824 281 1867; x_wconf 84' lang='lat' dir='ltr'><strong>vero</strong></span> <span class='ocrx_word' id='word_1_119' title='bbox 298 1800 462 1870; x_wconf 72' lang='lat' dir='ltr'><strong>indomitas</strong></span> <span class='ocrx_word' id='word_1_120' title='bbox 485 1807 614 1869; x_wconf 86' lang='lat' dir='ltr'><strong>ardescit</strong></span> <span class='ocrx_word' id='word_1_121' title='bbox 635 1808 741 1887; x_wconf 84' lang='lat' dir='ltr'><strong>vulgus</strong></span> <span class='ocrx_word' id='word_1_122' title='bbox 763 1810 794 1870; x_wconf 92' lang='lat' dir='ltr'><strong>in</strong></span> <span class='ocrx_word' id='word_1_123' title='bbox 816 1810 895 1890; x_wconf 90' lang='lat' dir='ltr'><strong>iras,</strong></span> 
     </span>
     <span class='ocr_line' id='line_1_19' title="bbox 120 1891 927 1976; baseline 0.006 -23"><span class='ocrx_word' id='word_1_124' title='bbox 120 1891 240 1974; x_wconf 80' lang='lat' dir='ltr'><strong>Telaque</strong></span> <span class='ocrx_word' id='word_1_125' title='bbox 262 1895 440 1976; x_wconf 90' lang='lat' dir='ltr'><strong>coniciunt,</strong></span> <span class='ocrx_word' id='word_1_126' title='bbox 462 1904 493 1957; x_wconf 92' lang='grc'><strong>11</strong></span> <span class='ocrx_word' id='word_1_127' title='bbox 514 1906 585 1957; x_wconf 91' lang='lat' dir='ltr'><strong>sunt</strong></span> <span class='ocrx_word' id='word_1_128' title='bbox 608 1898 660 1976; x_wconf 86' lang='lat' dir='ltr'><strong>qui</strong></span> <span class='ocrx_word' id='word_1_129' title='bbox 683 1895 799 1976; x_wconf 84' lang='lat' dir='ltr'><strong>Cephea</strong></span> <span class='ocrx_word' id='word_1_130' title='bbox 822 1896 927 1958; x_wconf 79' lang='grc'><strong>1111111</strong></span> 
     </span>
     <span class='ocr_line' id='line_1_20' title="bbox 121 1979 873 2062; baseline 0.005 -20"><span class='ocrx_word' id='word_1_131' title='bbox 121 1979 186 2042; x_wconf 77' lang='lat' dir='ltr'><strong>dum</strong></span> <span class='ocrx_word' id='word_1_132' title='bbox 209 2000 319 2062; x_wconf 89' lang='lat' dir='ltr'><strong>genero</strong></span> <span class='ocrx_word' id='word_1_133' title='bbox 343 1982 452 2044; x_wconf 86' lang='lat' dir='ltr'><strong>dehere</strong></span> <span class='ocrx_word' id='word_1_134' title='bbox 475 1986 572 2045; x_wconf 91' lang='lat' dir='ltr'><strong>mori.</strong></span> <span class='ocrx_word' id='word_1_135' title='bbox 600 1983 654 2045; x_wconf 90' lang='lat' dir='ltr'><strong>sed</strong></span> <span class='ocrx_word' id='word_1_136' title='bbox 677 1983 778 2045; x_wconf 91' lang='lat' dir='ltr'><strong>limine</strong></span> <span class='ocrx_word' id='word_1_137' title='bbox 801 1986 873 2046; x_wconf 90' lang='lat' dir='ltr'><strong>tecti</strong></span> 
     </span>
     <span class='ocr_line' id='line_1_21' title="bbox 119 2067 864 2152; baseline 0.004 -22"><span class='ocrx_word' id='word_1_138' title='bbox 119 2067 231 2131; x_wconf 82' lang='lat' dir='ltr'><strong>Exierat</strong></span> <span class='ocrx_word' id='word_1_139' title='bbox 253 2070 415 2152; x_wconf 81' lang='lat' dir='ltr'><strong>Cepheus,</strong></span> <span class='ocrx_word' id='word_1_140' title='bbox 437 2079 563 2133; x_wconf 87' lang='lat' dir='ltr'><strong>testatus</strong></span> <span class='ocrx_word' id='word_1_141' title='bbox 586 2073 693 2151; x_wconf 88' lang='lat' dir='ltr'><strong>iusque</strong></span> <span class='ocrx_word' id='word_1_142' title='bbox 716 2071 864 2152; x_wconf 84' lang='lat' dir='ltr'><strong>iidemque</strong></span> 
     </span>
     <span class='ocr_line' id='line_1_22' title="bbox 85 2155 881 2239; baseline 0.009 -26"><span class='ocrx_word' id='word_1_143' title='bbox 85 2155 297 2239; x_wconf 78' lang='lat' dir='ltr'><strong>toilospitiiquc</strong></span> <span class='ocrx_word' id='word_1_144' title='bbox 321 2159 416 2239; x_wconf 90' lang='lat' dir='ltr'><strong>deos,</strong></span> <span class='ocrx_word' id='word_1_145' title='bbox 439 2176 473 2220; x_wconf 90' lang='lat' dir='ltr'><strong>ea</strong></span> <span class='ocrx_word' id='word_1_146' title='bbox 496 2178 528 2221; x_wconf 90' lang='lat' dir='ltr'><strong>se</strong></span> <span class='ocrx_word' id='word_1_147' title='bbox 550 2159 728 2239; x_wconf 90' lang='lat' dir='ltr'><strong>prohibente</strong></span> <span class='ocrx_word' id='word_1_148' title='bbox 751 2161 881 2222; x_wconf 83' lang='lat' dir='ltr'><strong>moveri.</strong></span> 
     </span>
     <span class='ocr_line' id='line_1_23' title="bbox 37 2243 936 2327; baseline 0.007 -23"><span class='ocrx_word' id='word_1_149' title='bbox 37 2258 38 2319; x_wconf 70' lang='lat' dir='ltr'><strong>l</strong></span> <span class='ocrx_word' id='word_1_150' title='bbox 119 2243 219 2308; x_wconf 84' lang='lat' dir='ltr'><strong>Bellica</strong></span> <span class='ocrx_word' id='word_1_151' title='bbox 240 2246 336 2308; x_wconf 88' lang='lat' dir='ltr'><strong>Pallas</strong></span> <span class='ocrx_word' id='word_1_152' title='bbox 360 2246 444 2308; x_wconf 91' lang='lat' dir='ltr'><strong>adest</strong></span> <span class='ocrx_word' id='word_1_153' title='bbox 466 2255 497 2309; x_wconf 92' lang='lat' dir='ltr'><strong>et</strong></span> <span class='ocrx_word' id='word_1_154' title='bbox 517 2250 649 2327; x_wconf 82' lang='lat' dir='ltr'><strong>protegit</strong></span> <span class='ocrx_word' id='word_1_155' title='bbox 672 2248 774 2327; x_wconf 82' lang='lat' dir='ltr'><strong>aegide</strong></span> <span class='ocrx_word' id='word_1_156' title='bbox 797 2248 936 2324; x_wconf 75' lang='lat' dir='ltr'><strong>fratrem,</strong></span> 
     </span>
     <span class='ocr_line' id='line_1_24' title="bbox 37 2324 1032 2418; baseline 0.007 -26"><span class='ocrx_word' id='word_1_157' title='bbox 37 2324 38 2373; x_wconf 82' lang='lat' dir='ltr'><strong>l</strong></span> <span class='ocrx_word' id='word_1_158' title='bbox 119 2331 224 2414; x_wconf 63' lang='lat' dir='ltr'><strong>[datque</strong></span> <span class='ocrx_word' id='word_1_159' title='bbox 238 2337 352 2397; x_wconf 90' lang='lat' dir='ltr'><strong>animos</strong></span> <span class='ocrx_word' id='word_1_160' title='bbox 367 2382 374 2397; x_wconf 93' lang='lat'><strong>.</strong></span> <span class='ocrx_word' id='word_1_161' title='bbox 397 2343 462 2396; x_wconf 90' lang='lat' dir='ltr'><strong>erat</strong></span> <span class='ocrx_word' id='word_1_162' title='bbox 473 2335 565 2397; x_wconf 89' lang='lat' dir='ltr'><strong>ludus</strong></span> <span class='ocrx_word' id='word_1_163' title='bbox 578 2336 681 2418; x_wconf 80' lang='grc'><strong>11111,</strong></span> <span class='ocrx_word' id='word_1_164' title='bbox 695 2353 784 2416; x_wconf 91' lang='lat' dir='ltr'><strong>quem</strong></span> <span class='ocrx_word' id='word_1_165' title='bbox 797 2335 919 2398; x_wconf 88' lang='lat' dir='ltr'><strong>ssumine</strong></span> <span class='ocrx_word' id='word_1_166' title='bbox 933 2335 1032 2417; x_wconf 85' lang='lat' dir='ltr'><strong>Gange</strong></span> 
     </span>
     <span class='ocr_line' id='line_1_25' title="bbox 37 2418 852 2504; baseline 0.006 -24"><span class='ocrx_word' id='word_1_167' title='bbox 37 2426 38 2471; x_wconf 80' lang='lat' dir='ltr'><strong>l</strong></span> <span class='ocrx_word' id='word_1_168' title='bbox 119 2418 198 2483; x_wconf 87' lang='lat' dir='ltr'><strong>Edita</strong></span> <span class='ocrx_word' id='word_1_169' title='bbox 220 2421 361 2485; x_wconf 86' lang='lat' dir='ltr'><strong>Clematic</strong></span> <span class='ocrx_word' id='word_1_170' title='bbox 384 2426 487 2485; x_wconf 82' lang='lat' dir='ltr'><strong>vitreis</strong></span> <span class='ocrx_word' id='word_1_171' title='bbox 508 2426 662 2504; x_wconf 87' lang='lat' dir='ltr'><strong>peperisse</strong></span> <span class='ocrx_word' id='word_1_172' title='bbox 685 2423 741 2486; x_wconf 94' lang='lat' dir='ltr'><strong>sub</strong></span> <span class='ocrx_word' id='word_1_173' title='bbox 764 2423 852 2485; x_wconf 91' lang='lat' dir='ltr'><strong>undis</strong></span> 
     </span>
     <span class='ocr_line' id='line_1_26' title="bbox 37 2496 904 2594; baseline -0.001 -19"><span class='ocrx_word' id='word_1_174' title='bbox 37 2496 38 2575; x_wconf 46' lang='grc' dir='ltr'><strong>Ῠ</strong></span> <span class='ocrx_word' id='word_1_175' title='bbox 121 2507 273 2593; x_wconf 84' lang='lat' dir='ltr'><strong>Creditur,</strong></span> <span class='ocrx_word' id='word_1_176' title='bbox 296 2513 434 2591; x_wconf 88' lang='lat' dir='ltr'><strong>egregius</strong></span> <span class='ocrx_word' id='word_1_177' title='bbox 457 2512 574 2594; x_wconf 90' lang='lat' dir='ltr'><strong>lorma,</strong></span> <span class='ocrx_word' id='word_1_178' title='bbox 597 2529 685 2592; x_wconf 88' lang='lat' dir='ltr'><strong>quam</strong></span> <span class='ocrx_word' id='word_1_179' title='bbox 708 2511 798 2574; x_wconf 79' lang='lat' dir='ltr'><strong>dnae</strong></span> <span class='ocrx_word' id='word_1_180' title='bbox 821 2511 904 2575; x_wconf 91' lang='lat' dir='ltr'><strong>cultu</strong></span> 
     </span>
     <span class='ocr_line' id='line_1_27' title="bbox 37 2597 857 2682; baseline 0.012 -30"><span class='ocrx_word' id='word_1_181' title='bbox 37 2630 38 2633; x_wconf 56' lang='lat'><em>=</em></span> <span class='ocrx_word' id='word_1_182' title='bbox 84 2598 243 2678; x_wconf 77' lang='lat' dir='ltr'><strong>tolugebat</strong></span> <span class='ocrx_word' id='word_1_183' title='bbox 255 2647 265 2682; x_wconf 89' lang='lat'><strong>,</strong></span> <span class='ocrx_word' id='word_1_184' title='bbox 288 2597 335 2661; x_wconf 91' lang='lat' dir='ltr'><strong>bis</strong></span> <span class='ocrx_word' id='word_1_185' title='bbox 358 2599 453 2662; x_wconf 89' lang='lat' dir='ltr'><strong>adhuc</strong></span> <span class='ocrx_word' id='word_1_186' title='bbox 476 2603 591 2662; x_wconf 87' lang='lat' dir='ltr'><strong>octonis</strong></span> <span class='ocrx_word' id='word_1_187' title='bbox 613 2603 731 2680; x_wconf 86' lang='lat' dir='ltr'><strong>integer</strong></span> <span class='ocrx_word' id='word_1_188' title='bbox 753 2603 857 2682; x_wconf 88' lang='lat' dir='ltr'><strong>annis,</strong></span> 
     </span>
     <span class='ocr_line' id='line_1_28' title="bbox 120 2684 967 2770; baseline 0.005 -24"><span class='ocrx_word' id='word_1_189' title='bbox 120 2684 236 2749; x_wconf 87' lang='lat' dir='ltr'><strong>indutus</strong></span> <span class='ocrx_word' id='word_1_190' title='bbox 260 2686 442 2768; x_wconf 77' lang='lat' dir='ltr'><strong>chlamydem</strong></span> <span class='ocrx_word' id='word_1_191' title='bbox 464 2688 605 2770; x_wconf 75' lang='lat' dir='ltr'><strong>Tyriam,</strong></span> <span class='ocrx_word' id='word_1_192' title='bbox 624 2707 712 2769; x_wconf 90' lang='lat' dir='ltr'><strong>quam</strong></span> <span class='ocrx_word' id='word_1_193' title='bbox 734 2688 844 2750; x_wconf 89' lang='lat' dir='ltr'><strong>limbus</strong></span> <span class='ocrx_word' id='word_1_194' title='bbox 866 2687 967 2750; x_wconf 91' lang='lat' dir='ltr'><strong>obibat</strong></span> 
     </span>
     <span class='ocr_line' id='line_1_29' title="bbox 120 2775 815 2857; baseline 0.006 -23"><span class='ocrx_word' id='word_1_195' title='bbox 120 2776 250 2857; x_wconf 80' lang='lat' dir='ltr'><strong>dureus3</strong></span> <span class='ocrx_word' id='word_1_196' title='bbox 273 2775 419 2838; x_wconf 87' lang='lat' dir='ltr'><strong>ornabant</strong></span> <span class='ocrx_word' id='word_1_197' title='bbox 441 2785 542 2839; x_wconf 88' lang='lat' dir='ltr'><strong>aurata</strong></span> <span class='ocrx_word' id='word_1_198' title='bbox 564 2777 684 2838; x_wconf 91' lang='lat' dir='ltr'><strong>monilia</strong></span> <span class='ocrx_word' id='word_1_199' title='bbox 707 2776 815 2838; x_wconf 91' lang='lat' dir='ltr'><strong>collum</strong></span> 
     </span>
     <span class='ocr_line' id='line_1_30' title="bbox 38 2860 868 2945; baseline 0.004 -20"><span class='ocrx_word' id='word_1_200' title='bbox 38 2902 39 2925; x_wconf 54' lang='lat' dir='ltr'><strong>t</strong></span> <span class='ocrx_word' id='word_1_201' title='bbox 119 2860 153 2922; x_wconf 86' lang='lat' dir='ltr'><strong>Et</strong></span> <span class='ocrx_word' id='word_1_202' title='bbox 170 2863 302 2926; x_wconf 89' lang='lat' dir='ltr'><strong>madidos</strong></span> <span class='ocrx_word' id='word_1_203' title='bbox 325 2882 427 2925; x_wconf 92' lang='lat' dir='ltr'><strong>murra</strong></span> <span class='ocrx_word' id='word_1_204' title='bbox 449 2883 574 2926; x_wconf 87' lang='lat' dir='ltr'><strong>curvum</strong></span> <span class='ocrx_word' id='word_1_205' title='bbox 597 2864 707 2926; x_wconf 87' lang='lat' dir='ltr'><strong>crinale</strong></span> <span class='ocrx_word' id='word_1_206' title='bbox 731 2865 868 2945; x_wconf 86' lang='lat' dir='ltr'><strong>capillos.</strong></span> 
     </span>
     <span class='ocr_line' id='line_1_31' title="bbox 38 2947 855 3033; baseline 0.007 -24"><span class='ocrx_word' id='word_1_207' title='bbox 38 2950 39 2953; x_wconf 74' lang='grc'>’</span> <span class='ocrx_word' id='word_1_208' title='bbox 120 2947 164 3011; x_wconf 87' lang='lat' dir='ltr'><strong>ille</strong></span> <span class='ocrx_word' id='word_1_209' title='bbox 187 2953 307 3031; x_wconf 87' lang='lat' dir='ltr'><strong>quidem</strong></span> <span class='ocrx_word' id='word_1_210' title='bbox 329 2952 424 3014; x_wconf 92' lang='lat' dir='ltr'><strong>iaculo</strong></span> <span class='ocrx_word' id='word_1_211' title='bbox 448 2954 580 3033; x_wconf 83' lang='lat' dir='ltr'><strong>quamvis</strong></span> <span class='ocrx_word' id='word_1_212' title='bbox 603 2953 742 3014; x_wconf 88' lang='lat' dir='ltr'><strong>distantia</strong></span> <span class='ocrx_word' id='word_1_213' title='bbox 764 2956 855 3015; x_wconf 89' lang='lat' dir='ltr'><strong>misso</strong></span> 
     </span>
     <span class='ocr_line' id='line_1_32' title="bbox 86 3035 938 3122; baseline 0.015 -32"><span class='ocrx_word' id='word_1_214' title='bbox 86 3042 109 3092; x_wconf 81' lang='grc'><strong>11</strong></span> <span class='ocrx_word' id='word_1_215' title='bbox 120 3035 216 3115; x_wconf 84' lang='lat' dir='ltr'><strong>Figere</strong></span> <span class='ocrx_word' id='word_1_216' title='bbox 240 3040 346 3102; x_wconf 89' lang='lat' dir='ltr'><strong>doctus</strong></span> <span class='ocrx_word' id='word_1_217' title='bbox 369 3049 433 3102; x_wconf 91' lang='lat' dir='ltr'><strong>erat</strong></span> <span class='ocrx_word' id='word_1_218' title='bbox 444 3087 454 3122; x_wconf 89' lang='lat'><strong>,</strong></span> <span class='ocrx_word' id='word_1_219' title='bbox 473 3039 526 3101; x_wconf 92' lang='lat' dir='ltr'><strong>sed</strong></span> <span class='ocrx_word' id='word_1_220' title='bbox 549 3040 672 3102; x_wconf 90' lang='lat' dir='ltr'><strong>tendere</strong></span> <span class='ocrx_word' id='word_1_221' title='bbox 695 3041 811 3103; x_wconf 90' lang='lat' dir='ltr'><strong>doctior</strong></span> <span class='ocrx_word' id='word_1_222' title='bbox 834 3059 938 3103; x_wconf 78' lang='lat' dir='ltr'><strong>mous.</strong></span> 
     </span>
     <span class='ocr_line' id='line_1_33' title="bbox 119 3123 1032 3207; baseline 0.009 -23"><span class='ocrx_word' id='word_1_223' title='bbox 119 3123 189 3186; x_wconf 81' lang='lat' dir='ltr'><strong>lum</strong></span> <span class='ocrx_word' id='word_1_224' title='bbox 211 3145 329 3207; x_wconf 80' lang='lat' dir='ltr'><strong>quoquc</strong></span> <span class='ocrx_word' id='word_1_225' title='bbox 352 3128 431 3189; x_wconf 90' lang='lat' dir='ltr'><strong>lenta</strong></span> <span class='ocrx_word' id='word_1_226' title='bbox 453 3146 543 3190; x_wconf 90' lang='lat' dir='ltr'><strong>mauu</strong></span> <span class='ocrx_word' id='word_1_227' title='bbox 570 3129 739 3191; x_wconf 79' lang='lat' dir='ltr'><strong>flectentem</strong></span> <span class='ocrx_word' id='word_1_228' title='bbox 767 3147 878 3191; x_wconf 89' lang='lat' dir='ltr'><strong>cornua</strong></span> <span class='ocrx_word' id='word_1_229' title='bbox 905 3129 1032 3192; x_wconf 86' lang='lat' dir='ltr'><strong>Perseus</strong></span> 
     </span>
     <span class='ocr_line' id='line_1_34' title="bbox 38 3210 873 3299; baseline 0.007 -27"><span class='ocrx_word' id='word_1_230' title='bbox 38 3248 39 3299; x_wconf 63' lang='lat' dir='ltr'><strong>l</strong></span> <span class='ocrx_word' id='word_1_231' title='bbox 121 3210 243 3297; x_wconf 84' lang='lat' dir='ltr'><strong>Stipite,</strong></span> <span class='ocrx_word' id='word_1_232' title='bbox 267 3218 318 3295; x_wconf 87' lang='lat' dir='ltr'><strong>qui</strong></span> <span class='ocrx_word' id='word_1_233' title='bbox 341 3216 438 3277; x_wconf 90' lang='lat' dir='ltr'><strong>media</strong></span> <span class='ocrx_word' id='word_1_234' title='bbox 459 3219 574 3298; x_wconf 88' lang='lat' dir='ltr'><strong>positus</strong></span> <span class='ocrx_word' id='word_1_235' title='bbox 597 3217 729 3278; x_wconf 81' lang='lat' dir='ltr'><strong>fumabat</strong></span> <span class='ocrx_word' id='word_1_236' title='bbox 751 3219 782 3278; x_wconf 90' lang='lat' dir='ltr'><strong>in</strong></span> <span class='ocrx_word' id='word_1_237' title='bbox 805 3235 873 3299; x_wconf 89' lang='lat' dir='ltr'><strong>ara,</strong></span> 
     </span>
     <span class='ocr_line' id='line_1_35' title="bbox 120 3298 868 3368; baseline 0.008 -7"><span class='ocrx_word' id='word_1_238' title='bbox 120 3298 245 3365; x_wconf 86' lang='lat' dir='ltr'><strong>Perculit</strong></span> <span class='ocrx_word' id='word_1_239' title='bbox 267 3305 422 3365; x_wconf 77' lang='lat' dir='ltr'><strong>attractis</strong></span> <span class='ocrx_word' id='word_1_240' title='bbox 446 3305 581 3366; x_wconf 83' lang='lat' dir='ltr'><strong>confudit</strong></span> <span class='ocrx_word' id='word_1_241' title='bbox 603 3308 635 3366; x_wconf 93' lang='lat' dir='ltr'><strong>in</strong></span> <span class='ocrx_word' id='word_1_242' title='bbox 658 3305 776 3368; x_wconf 87' lang='lat' dir='ltr'><strong>ossibus</strong></span> <span class='ocrx_word' id='word_1_243' title='bbox 799 3322 868 3367; x_wconf 85' lang='lat' dir='ltr'><strong>ora.</strong></span> 
     </span>
     <span class='ocr_line' id='line_1_36' title="bbox 121 3385 952 3474; baseline 0.008 -27"><span class='ocrx_word' id='word_1_244' title='bbox 121 3385 199 3451; x_wconf 83' lang='lat' dir='ltr'><strong>hunc</strong></span> <span class='ocrx_word' id='word_1_245' title='bbox 221 3390 274 3453; x_wconf 93' lang='lat' dir='ltr'><strong>ubi</strong></span> <span class='ocrx_word' id='word_1_246' title='bbox 295 3392 428 3454; x_wconf 88' lang='lat' dir='ltr'><strong>laudatos</strong></span> <span class='ocrx_word' id='word_1_247' title='bbox 451 3394 610 3454; x_wconf 90' lang='lat' dir='ltr'><strong>iactantem</strong></span> <span class='ocrx_word' id='word_1_248' title='bbox 633 3395 664 3454; x_wconf 90' lang='lat' dir='ltr'><strong>in</strong></span> <span class='ocrx_word' id='word_1_249' title='bbox 687 3395 831 3474; x_wconf 82' lang='lat' dir='ltr'><strong>sanguine</strong></span> <span class='ocrx_word' id='word_1_250' title='bbox 854 3393 952 3456; x_wconf 83' lang='lat' dir='ltr'><strong>vultus</strong></span> 
     </span>
     <span class='ocr_line' id='line_1_37' title="bbox 86 3475 815 3563; baseline 0.011 -29"><span class='ocrx_word' id='word_1_251' title='bbox 86 3475 251 3557; x_wconf 77' lang='lat' dir='ltr'><strong>toassyrius</strong></span> <span class='ocrx_word' id='word_1_252' title='bbox 272 3479 346 3542; x_wconf 89' lang='lat' dir='ltr'><strong>vidit</strong></span> <span class='ocrx_word' id='word_1_253' title='bbox 367 3479 521 3563; x_wconf 83' lang='lat' dir='ltr'><strong>Lycabas,</strong></span> <span class='ocrx_word' id='word_1_254' title='bbox 544 3483 749 3544; x_wconf 89' lang='lat' dir='ltr'><strong>iunctissimus</strong></span> <span class='ocrx_word' id='word_1_255' title='bbox 771 3481 815 3543; x_wconf 90' lang='lat' dir='ltr'><strong>illi</strong></span> 
     </span>
     <span class='ocr_line' id='line_1_38' title="bbox 121 3559 865 3651; baseline 0.008 -27"><span class='ocrx_word' id='word_1_256' title='bbox 121 3559 271 3630; x_wconf 66' lang='lat' dir='ltr'><strong>numus</strong></span> <span class='ocrx_word' id='word_1_257' title='bbox 293 3570 409 3630; x_wconf 85' lang='lat' dir='ltr'><strong>otveri</strong></span> <span class='ocrx_word' id='word_1_258' title='bbox 432 3587 492 3631; x_wconf 91' lang='lat' dir='ltr'><strong>non</strong></span> <span class='ocrx_word' id='word_1_259' title='bbox 516 3569 715 3631; x_wconf 87' lang='lat' dir='ltr'><strong>dissimulator</strong></span> <span class='ocrx_word' id='word_1_260' title='bbox 738 3571 865 3651; x_wconf 88' lang='lat' dir='ltr'><strong>amoris,</strong></span> 
     </span>
    </p>
   </div>
   <div class='ocr_carea' id='block_1_3' title="bbox 0 0 1238 4042">
    <p class='ocr_par' dir='ltr' id='par_1_3' title="bbox 0 0 1238 4042">
     <span class='ocr_line' id='line_1_39' title="bbox 0 0 1238 4042; baseline 0 5"><span class='ocrx_word' id='word_1_261' title='bbox 0 0 1238 4042; x_wconf 95' lang='lat' dir='ltr'><strong> </strong></span> 
     </span>
    </p>
   </div>
  </div>
 </body>
</html>
