2467 4042
114 266 155 325 Vl.
174 262 310 323 HYPSlP.
333 260 393 325 141
407 295 446 307 -
461 258 534 324 164.
559 261 636 321 ‘VIL
660 258 754 321 DIDO
778 260 848 322 l—
862 253 913 325 51ss
972 261 1013 326 98

131 416 254 491 Moenia,
276 430 333 476 nee
349 422 473 492 seeptro
492 413 603 475 tradita
617 431 738 475 summa
752 421 827 475 tuo?

98 500 175 561 Foeta
187 501 275 576 iugis,
297 499 439 561 iaciendo
454 498 544 576 petis.
566 500 746 576 quaerenda
761 515 818 574 per
831 499 936 562 orbem

130 587 237 660 Attene,
258 585 398 660 quaesitu
412 591 460 645 est
473 585 570 645 altere
582 590 665 644 terro
680 583 745 644 tibi.

68 680 92 732 15
100 669 131 731 Ut
142 675 240 730 terrum
254 668 411 744 invenias,
434 668 503 745 quis
517 683 584 728 eom
600 668 655 729 tibi
668 666 769 728 tradet
781 667 977 730 habendamt

131 753 193 829 Quis
207 769 260 816 sua
273 770 336 816 non
351 754 432 816 notis
447 769 524 813 arva
536 752 667 813 terenda
681 751 785 813 debiti

97 838 167 898 Alter
179 854 258 899 amor
272 837 325 899 tibi
341 842 437 899 restat
451 837 614 898 habendus
630 845 661 899 et
675 837 770 897 altera
783 837 880 899 Didos

130 921 272 999 Quamque
286 922 395 984 iterum
413 923 520 996 fellas,
543 922 640 982 altere
656 920 760 981 dende
775 922 866 982 fides.

98 1006 203 1079 Quando
217 1007 286 1082 erit,
307 1013 341 1068 ut
356 1007 475 1067 rondes
490 1005 588 1066 instar
602 1004 794 1081 carthaginis
812 1004 929 1081 urbem,

70 1099 94 1152 tt
130 1090 162 1151 u
174 1091 274 1152 videus
290 1092 427 1167 populos
442 1092 523 1153 ultus
538 1088 577 1150 eb
592 1105 666 1150 eree
679 1095 772 1151 tuost

30 1212 31 1255 ι
99 1174 184 1236 onnia
194 1181 224 1235 ut
238 1175 399 1250 evenient,
422 1190 480 1236 nee
497 1181 528 1236 te
541 1180 594 1234 tua
608 1179 682 1236 vote
695 1180 861 1248 morentur,

30 1304 31 1323 ι
128 1259 203 1320 Unde
214 1258 282 1336 ubi,
304 1276 387 1336 quae
401 1266 432 1320 te
448 1257 496 1321 sio
510 1265 606 1334 amet,
628 1275 710 1321 uxor
723 1258 802 1320 eritt

30 1356 31 1373 ¹
98 1340 170 1417 Uror,
187 1349 219 1404 ut
231 1344 360 1406 inducto
376 1349 498 1405 eeretee
512 1344 639 1419 sulpure
654 1343 774 1406 medae.

72 1434 94 1487 rt
131 1428 241 1489 Aenean
255 1428 360 1489 animo
375 1442 501 1506 noxque
516 1425 648 1504 diesque
659 1428 763 1489 refert.

100 1508 139 1571 iiie
149 1513 261 1587 quidem
275 1514 358 1574 mele
371 1519 476 1589 gratus
492 1518 523 1573 et
536 1511 577 1573 ed
589 1528 660 1573 mea
671 1528 800 1575 munera
814 1511 937 1587 surdus,

129 1594 158 1656 u
172 1613 244 1673 quo,
266 1596 294 1659 si
310 1613 372 1658 non
388 1598 446 1658 sinr
461 1598 569 1672 stulta,
590 1612 697 1658 curere
710 1594 817 1657 velim:

100 1678 148 1739 Non
159 1687 252 1742 tamen
265 1682 413 1756 Aenean,
436 1680 578 1757 quamvis
592 1683 674 1743 mele
689 1681 819 1757 cogitet,
840 1679 908 1741 odia

75 1766 97 1820 o
133 1762 184 1825 Sed
196 1781 309 1848 queror
322 1766 467 1842 infidum,
490 1770 663 1842 questaque
676 1766 766 1843 peius
781 1781 861 1826 emo.

101 1844 182 1923 Peroe,
201 1849 327 1927 Venus,
349 1849 455 1925 nurui,
476 1849 648 1925 durumque
661 1848 847 1925 amplectere
862 1849 995 1926 tratrem,

129 1930 215 1994 Frater
228 1935 337 1997 Amor.
360 1934 471 1995 restris
485 1933 592 1996 militet
605 1933 657 1995 ilie
671 1933 742 1995 tuis.

102 2016 143 2076 tut
154 2033 202 2090 ego
217 2035 300 2094 quoe
316 2018 406 2094 eoepi
421 2034 494 2094 neq;
517 2018 598 2078 enirn
614 2018 768 2094 dedignor
782 2033 885 2079 amere
973 2053 1012 2065 -

129 2098 268 2164 Materiam
285 2119 380 2164 euree
394 2103 542 2178 praebeat
557 2103 607 2162 ille
622 2119 719 2166 mene.

78 2179 189 2261 triaiios,
207 2192 238 2248 et
251 2185 316 2249 iste
328 2186 402 2247 mihi
417 2187 497 2247 iulso
511 2187 642 2248 iactatur
656 2187 768 2263 inrogo.

129 2266 214 2332 Matris
229 2271 270 2333 ab
285 2272 410 2348 ingenio
419 2270 558 2353 *dissidet
573 2271 625 2332 ille
641 2288 727 2333 suae.

101 2348 128 2409 Te
138 2354 203 2429 lapis
216 2364 246 2418 et
260 2363 386 2417 montes
400 2355 567 2431 innataque
579 2357 709 2432 rupibus
725 2355 795 2416 eltis

128 2435 249 2518 Robora,
272 2447 306 2501 te
321 2456 435 2501 saevae
447 2455 642 2516 progenuere
657 2442 751 2518 ferae,

100 2517 142 2580 tut
152 2538 239 2601 nere,
265 2523 359 2601 quale
372 2524 461 2585 vides
476 2524 584 2601 agitari
598 2542 681 2587 nune
697 2540 824 2601 quoque
839 2521 955 2586 ventisz

79 2605 97 2658 tt
129 2604 181 2679 Quo
193 2616 297 2671 temen
310 2608 451 2670 adversis
466 2608 611 2671 fluetibus
626 2610 672 2670 ire
684 2625 789 2685 peres.

101 2682 146 2757 iun
157 2692 254 2769 tugis?
277 2692 380 2755 obstet
392 2694 528 2770 hiemps!
549 2693 668 2755 Hiemis
682 2692 756 2755 mihi
771 2693 869 2770 gretie
881 2692 989 2770 prosit.

126 2774 239 2854 ispiee,
264 2786 298 2841 ut
312 2792 440 2840 eversas
455 2779 587 2840 eoncitet
601 2794 693 2839 eurus
709 2793 820 2855 eques.

101 2850 163 2925 iuod
174 2860 225 2923 tibi
238 2862 425 2938 metuerem,
448 2863 579 2925 sinemo
593 2861 709 2924 debere
723 2861 883 2940 procellis:

127 2940 221 3007 Iustior
234 2954 286 3008 est
299 2946 401 3009 enirno
417 2954 527 3009 ventus
542 2955 573 3010 et
589 2949 674 3009 unda
687 2955 751 3008 tuo.

80 3018 146 3086 tion
158 3045 210 3105 ego
225 3048 297 3094 sum
310 3032 401 3108 tenti,
424 3032 509 3109 quod
524 3048 587 3094 non
601 3032 755 3108 verearis,
774 3030 889 3109 inique,
969 3067 1007 3082 -

126 3108 156 3172 Ut
166 3129 291 3192 pereas,
313 3115 386 3179 dum
400 3133 450 3178 me
463 3133 521 3193 per
534 3118 612 3178 fretu
625 3117 719 3193 ionga
733 3116 824 3191 rugis.

101 3185 202 3260 Exerces
217 3200 357 3277 pretiosa
372 3201 444 3262 odia
459 3209 490 3262 et
504 3201 678 3263 constantin
693 3217 814 3277 magno,

128 3277 162 3356 si,
181 3284 253 3346 dum
266 3301 317 3347 me
333 3302 455 3359 careas,
479 3293 528 3346 est
542 3285 596 3346 tibi
610 3285 672 3345 vile
687 3285 775 3347 mori.

84 3354 140 3453 'ltu
152 3371 227 3430 venti
241 3377 373 3446 ponent,
397 3376 555 3448 stratuque
569 3370 740 3446 aequaliter
753 3368 837 3431 undu

83 3444 99 3493 ²⁰
128 3445 268 3515 crenueis
282 3454 386 3516 Triton
402 3471 458 3531 per
470 3470 556 3515 mure
570 3460 672 3516 curret
686 3454 785 3530 equis.

102 3521 253 3616 1toroque
268 3555 338 3601 eum
352 3538 451 3602 ventis
465 3540 580 3602 utinam
595 3536 750 3601 mutabilis
766 3546 890 3601 essese..
