2467 4042
189 1282 226 1341 In
247 1283 303 1342 hoc
325 1280 476 1343 volumine
499 1280 564 1341 sola
587 1277 700 1340 Tristia
722 1283 806 1359 sunt,
832 1299 909 1358 quae
932 1285 1110 1358 apparatum

100 1370 235 1431 criticum
263 1371 381 1445 qualem
409 1372 542 1446 oportet,
570 1368 702 1429 nondum
728 1369 849 1430 habent.
903 1371 1052 1430 recensuit
1074 1390 1110 1431 ea

99 1459 134 1519 R.
158 1458 286 1517 Ehwald
307 1458 354 1517 vir
376 1457 564 1518 doctissimus
587 1475 654 1516 meo
677 1460 794 1534 rogatu,
817 1458 965 1518 arbitratu
989 1462 1019 1518 et
1042 1459 1109 1520 doo-

100 1547 196 1606 trinae
219 1546 417 1606 instrumento
436 1564 499 1622 suo,
522 1546 632 1607 oollato
650 1544 822 1605 Florentiae
841 1546 940 1607 codice
958 1547 1109 1608 Marciano

99 1636 240 1694 laounoso
260 1627 383 1714 (desunt
400 1638 502 1710 partes
520 1634 536 1693 Ι
554 1647 567 1693 1
585 1633 624 1692 ad
642 1633 1110 1711 v10,111v11ad1111112,

99 1722 162 1782 ΙΠΙ
179 1735 230 1783 vn
250 1724 269 1782 6
289 1722 327 1781 11
345 1718 447 1803 finem)
471 1723 504 1782 et
525 1721 669 1781 adhibitis
692 1721 729 1781 de
746 1722 864 1799 integro
887 1723 1010 1798 aliquot,
1034 1741 1108 1800 quos

100 1828 322 1887 usurpaveram.
376 1810 539 1889 dequibus
563 1828 630 1869 cum
654 1810 826 1869 summatim
847 1810 917 1870 dici
922 1829 982 1870 non
1000 1812 1109 1871 condu-

100 1900 157 1974 cat,
183 1917 237 1958 nec
259 1899 429 1959 ubertatem
451 1898 648 1959 vindiciarum
671 1897 809 1958 editionis
834 1899 952 1959 exilitas
975 1899 1109 1976 recipiat,

100 1987 257 2047 coniuncta
278 1988 351 2047 haee
374 1987 473 2046 omnia
495 1987 554 2046 alio
577 1988 643 2046 loco
665 1985 839 2063 propediem
856 2005 910 2047 nos
929 1988 1110 2048 demeritura

14 2080 18 2086 ’
101 2094 239 2153 auguror.

188 2164 317 2242 Reliqua
338 2164 510 2225 Nasouiana
536 2164 609 2223 haec
631 2163 730 2239 poesis
754 2164 970 2239 supellectilem
992 2183 1109 2242 compa·

99 2252 188 2313 ravit.
240 2252 311 2311 libn·
341 2256 512 2328 temporum
542 2251 646 2311 ordine
677 2252 852 2329 plerumque
880 2252 1029 2328 dispositi,
1061 2272 1110 2312 ou·

99 2340 205 2416 iusque
238 2340 350 2400 saeculi
381 2340 513 2418 aliquam
544 2340 646 2413 multi,
678 2343 712 2399 ut
740 2343 874 2400 aetatum
900 2341 1109 2417 proprietates,

100 2427 252 2501 fallaciae,
281 2446 379 2504 nugae
402 2427 606 2487 translaticias
629 2431 801 2504 appareant.
854 2428 967 2505 inquo
990 2429 1109 2505 quidem

100 2534 209 2593 genere
227 2516 302 2576 nihil
321 2516 480 2575 admodum
497 2534 608 2576 novum
626 2518 809 2593 reperietur3
825 2516 1017 2576 confirmatur
1033 2537 1109 2593 quae

100 2605 218 2664 aliunde
245 2605 278 2664 in
303 2605 477 2664 transcursu
503 2607 592 2681 parta
617 2604 727 2665 notitia
749 2605 872 2664 haerere
894 2607 1001 2681 potuit.
1057 2606 1109 2665 sed

99 2693 243 2769 notabile,
276 2696 389 2771 quanta
420 2693 451 2754 in
481 2693 528 2753 his
562 2693 680 2768 scriptis
712 2693 924 2769 aequabilitate
955 2693 1035 2753 inter
1062 2697 1109 2754 tot

99 2781 270 2842 discrimina
296 2787 329 2842 11
357 2782 535 2843 diverticula
560 2782 715 2857 paradosis
742 2783 830 2842 vetus
858 2785 889 2841 et
914 2801 974 2841 una
1000 2782 1107 2858 persti-

98 2872 183 2946 terit,
210 2890 301 2947 quam
327 2871 359 2930 in
385 2871 452 2930 aliis
479 2870 613 2946 graviter
635 2887 809 2929 concussam
830 2888 923 2945 prope
946 2871 1109 2930 etiamnum

98 2959 242 3018 fluctuare
269 2958 413 3018 videmus.
466 2976 537 3017 nam
564 2958 644 3033 quod
670 2958 784 3017 codices
806 2957 929 3034 quidam
956 2957 1049 3017 ibidis
1078 2960 1109 3016 11

98 3047 258 3105 Fastorum
289 3063 364 3105 saec.
387 3064 432 3104 111
458 3044 614 3105 discedunt
640 3044 672 3103 in
700 3045 876 3120 scripturas,
905 3064 981 3120 quae
1009 3062 1108 3105 recen·

99 3134 216 3192 sionum
233 3133 399 3208 priscarum
417 3151 482 3192 esse
499 3134 671 3207 potuerunt,
694 3132 777 3190 cuius
795 3135 898 3190 tamen
915 3131 985 3189 fidei
1002 3132 1108 3190 modus

99 3223 146 3281 111
164 3220 325 3296 faciendus,
344 3237 380 3281 ea
397 3238 430 3278 re
450 3218 613 3280 sustentari
630 3219 771 3279 videntur
785 3219 938 3295 compagis
952 3219 1108 3279 universae

99 3328 153 3370 eae
175 3316 287 3385 partes,
311 3327 387 3387 quae
410 3311 619 3368 controversae
642 3326 702 3366 non
725 3309 803 3366 sunt.

187 3397 236 3457 Ita
253 3397 296 3472 fit,
319 3400 354 3457 ut
377 3396 463 3474 siqua
484 3395 574 3474 paulo
593 3395 690 3454 acrior
707 3399 739 3455 et
755 3394 900 3454 intentior
918 3412 989 3454 cura
1006 3394 1108 3456 critica

98 3486 137 3546 ad
158 3488 259 3564 partes
278 3489 410 3561 vocetur,
432 3487 499 3545 tota
521 3502 557 3543 ea
580 3483 758 3543 conferenda
776 3483 816 3542 sit
835 3483 865 3542 in
882 3484 967 3559 hanc,
990 3502 1066 3559 quae
1089 3504 1108 3543 a

98 3576 215 3637 saeculo
237 3588 269 3652 x,
291 3575 324 3634 in
345 3574 430 3636 Ibide
449 3587 511 3651 111,
534 3573 690 3650 profluxit,
713 3572 877 3632 carminum
899 3571 1106 3633 conformatio·

858 3670 895 3726 a*
