2467 4042
489 278 549 340 145
562 311 599 322 -
611 276 685 339 220.

154 431 247 492 Parte
261 437 374 491 sonant
386 429 449 490 etia
462 429 559 489 silvae
572 429 737 504 mugitibus
751 430 839 503 altae,

197 514 239 575 Et
251 513 389 589 queritur
403 513 530 573 vituium
544 520 642 572 mater
655 511 768 573 abesse
781 529 881 574 suum.

87 608 143 663 18⁵
157 598 253 673 Quid,
276 613 346 657 cum
361 595 552 671 compositos
567 596 687 671 iugiunt
699 597 841 656 examina
853 596 965 671 fumos,

197 683 239 742 Ut
251 682 392 741 relevent
404 680 519 755 dempti
532 680 647 740 vimina
663 695 758 742 curva
770 680 853 740 iavit

154 766 251 826 Poma
266 764 320 825 dut
333 770 508 824 autumnus.
530 765 689 824 tormonsa
702 770 751 823 est
763 763 917 825 messibus
932 771 1051 826 aestasr

196 849 262 908 Ver
276 847 405 924 praebet
418 846 522 907 flores.
545 847 615 922 igne
632 849 750 907 levatur
763 847 893 924 hiemps.

153 930 359 1007 Temporibus
374 931 466 991 certis
481 941 628 991 maturam
642 932 777 991 rusticus
792 948 883 991 uvam

87 1025 144 1080 190
196 1014 323 1090 Deiigit,
347 1022 378 1075 et
392 1015 475 1074 nudo
491 1014 549 1075 sub
564 1015 646 1090 pede
660 1023 759 1075 musta
772 1013 880 1075 fluunt.

152 1097 358 1174 Temporibus
374 1097 466 1159 certis
481 1099 625 1159 desectas
640 1097 743 1172 attigui
754 1098 877 1171 herbas,

195 1183 235 1242 Et
247 1192 371 1244 tonsam
387 1197 458 1242 raro
474 1182 595 1257 pectine
610 1181 703 1242 verrit
716 1181 850 1242 humum.

152 1268 228 1342 Ipse
240 1273 333 1342 potes
347 1265 445 1340 riguis
461 1268 594 1342 plantam
609 1266 766 1340 deponere
779 1265 810 1324 iu
824 1265 929 1340 bortis,

196 1351 270 1426 lpse
287 1355 378 1424 potes
392 1348 477 1409 rivos
494 1350 607 1409 ducere
620 1348 699 1410 ienis
714 1363 824 1423 aquae.

87 1443 140 1498 195
150 1433 281 1494 Venerit
294 1432 413 1508 insitio,
436 1434 485 1493 iac
498 1449 616 1493 ramum
630 1448 734 1493 ramus
749 1433 883 1509 adoptet,

197 1517 327 1591 Stetque
342 1515 514 1592 peregrinis
528 1516 621 1577 arbor
636 1524 743 1591 operta
758 1517 867 1577 comis.

151 1601 228 1663 curn
242 1601 341 1661 semei
355 1601 433 1661 haec
447 1601 579 1660 animum
595 1600 699 1675 coepit
712 1603 844 1661 mulcere
860 1604 1010 1679 voluptas,

193 1682 356 1745 Debilibus
373 1684 474 1759 pinnis
489 1682 597 1744 inritus
611 1683 675 1743 exit
688 1685 793 1744 Amor.

149 1770 213 1829 Vel
226 1776 261 1829 tu
274 1767 409 1828 venandi
423 1767 558 1828 studium
572 1768 650 1827 cote.
672 1783 768 1842 saepe
784 1768 916 1830 recessit

85 1864 139 1916 2⁰0
193 1853 335 1928 Turpiter
349 1869 369 1912 a
381 1850 498 1913 Phoebi
511 1851 594 1912 victa
606 1867 716 1912 sorore
727 1851 845 1913 Venus.

150 1938 240 1998 Nunc
254 1937 393 2012 teporem
407 1951 538 2011 pronum
553 1936 653 1996 catulo
670 1942 789 1996 sectare
803 1938 917 2012 sagaci,

196 2021 283 2081 Nunc
299 2029 351 2080 tua
366 2018 524 2080 frondosis
537 2019 613 2080 retia
628 2020 720 2080 tende
733 2019 822 2096 iugis,

150 2106 216 2166 Aut
231 2104 364 2180 pavidos
381 2111 462 2163 terre
475 2103 562 2163 varia
577 2102 740 2163 formidine
754 2119 873 2180 cervos,

195 2189 259 2248 Aut
273 2188 365 2248 cadat
378 2187 512 2248 adversa
526 2187 657 2263 cuspide
672 2188 777 2249 fossus
791 2204 876 2264 sper.

84 2284 137 2337 wo
147 2274 247 2333 Nocte
263 2272 421 2348 fatigatum
435 2287 577 2343 somnus,
599 2286 662 2331 non
676 2287 750 2332 cura
765 2274 894 2348 poeitae,

195 2354 320 2431 Excipit
332 2364 364 2417 et
378 2354 483 2432 pingui
497 2354 634 2415 membra
649 2355 751 2430 quiete
765 2357 856 2417 levat

149 2441 269 2500 Lenius
283 2448 331 2500 est
345 2440 492 2512 studium,
516 2440 650 2501 studium
663 2448 781 2515 tamen,
802 2442 873 2502 alite
887 2450 978 2518 captu

196 2526 259 2584 Aut
271 2523 333 2586 lino
349 2531 401 2584 aut
414 2523 539 2584 calamis
556 2523 692 2600 praemia
706 2541 803 2600 parva
817 2526 914 2600 sequi,

148 2608 228 2680 Vei,
253 2624 332 2683 quae
347 2608 442 2684 piscis
457 2608 538 2667 edax
550 2607 643 2668 avido
658 2610 737 2667 male
751 2608 879 2669 devoret
893 2625 956 2683 ore,

84 2703 139 2756 210
195 2691 320 2751 Abdere
335 2692 488 2767 supremis
503 2707 576 2751 aera
592 2706 724 2751 recurva
739 2691 827 2752 cibis.

147 2778 215 2837 Aut
227 2775 278 2836 bis
293 2785 345 2836 aut
358 2775 442 2848 aliis,
465 2775 566 2836 donec
580 2772 718 2836 dediscis
734 2791 845 2849 amare,

194 2860 268 2935 lpse
281 2859 335 2920 tibi
352 2861 452 2920 furtim
468 2859 669 2935 decipiendus
685 2859 757 2919 eris.
877 2937 880 2942 ,

148 2943 197 3004 Tu
211 2951 326 3003 tantum
342 2943 482 3020 quamvis
498 2943 594 3004 firmis
612 2942 783 3004 retinebere
796 2943 916 3019 vinciis,

194 3028 209 3087 1
223 3030 347 3103 procul,
370 3037 400 3088 et
416 3028 525 3102 longas
541 3043 668 3102 carpere
682 3044 779 3103 perge
791 3027 870 3088 vias.

83 3122 136 3176 215
148 3111 270 3185 Flebis,
293 3119 324 3172 et
338 3118 479 3172 occurret
491 3111 634 3172 desertae
651 3127 762 3172 nomen
776 3111 902 3185 amicae,

195 3196 295 3257 Stabit
311 3195 385 3255 etin
400 3195 501 3256 media
514 3211 571 3271 pes
585 3194 639 3256 tibi
654 3212 750 3271 saepe
765 3196 825 3255 via.

150 3278 216 3339 Sed
232 3287 347 3356 quanto
361 3280 462 3340 minus
478 3280 523 3339 ire
536 3280 641 3354 votes,
663 3281 761 3355 magis
776 3280 822 3339 ire
837 3287 1003 3341 memento.

192 3364 312 3435 Perfer,
333 3370 364 3424 et
377 3363 489 3425 invitos
504 3379 626 3423 currere
640 3379 719 3438 coge
733 3365 841 3440 pedes.

147 3447 213 3507 Nec
229 3447 349 3523 pluvias
364 3455 454 3523 opta,
474 3454 577 3532 pecte
593 3448 754 3522 peregrine
767 3456 924 3510 morentur

81 3544 133 3597 110
189 3530 341 3607 Sabbata,
361 3547 421 3592 nec
435 3530 554 3593 damnis
568 3531 640 3592 Atia
655 3538 728 3591 notu
742 3531 817 3592 suis.
