2467 4042
426 253 472 303 IV.
492 255 640 306 oet—roe.
969 247 1037 313 305

119 412 206 474 Certe
230 432 283 492 ego
308 414 444 475 transilui
466 415 576 494 positas
600 422 646 475 ter
669 417 699 475 in
723 413 826 474 ordine
849 414 1000 494 flammas,

160 501 282 581 Udaque
305 511 420 564 roratas
443 503 542 563 laurea
566 505 647 564 misit
669 520 777 582 aquas.

115 589 192 650 llota
216 590 270 651 deo
294 598 340 651 est
352 635 361 671 ,
385 593 526 670 operique
550 591 649 651 favet.
691 589 841 651 navalibus
865 592 913 650 exi

46 689 102 739 730
161 676 294 757 Puppisl
327 678 436 741 habent
458 688 561 740 ventos
585 681 643 740 iam
667 696 731 739 mea
754 678 817 738 vela
840 695 928 738 suos.

116 765 145 846 l,
168 775 237 845 pete
261 769 390 845 virginea
403 810 412 847 ,
436 767 585 846 populus,
608 768 747 828 suffimen
770 766 806 826 ab
830 783 897 845 777;

160 853 247 914 Vesta
271 853 371 931 dabit,
395 855 500 916 Vestae
523 873 646 916 munere
670 873 764 934 purus
787 855 864 915 eris.

118 941 244 1020 Sanguis
267 945 337 1022 equi
359 944 497 1005 suffimen
521 945 578 1004 erit
600 943 743 1023 vitulique
767 941 880 1021 favilla,

160 1030 260 1091 Tertia
284 1049 333 1092 res
355 1031 447 1093 durae
470 1031 588 1092 culmen
610 1035 698 1092 inane
721 1030 821 1091 fabae.

21 1120 22 1143 ¹
44 1129 100 1181 730
115 1117 240 1198 Pastor,
263 1137 333 1180 oros
356 1128 471 1182 saturas
495 1120 531 1180 ad
554 1121 649 1199 prima
672 1118 848 1199 crepuscula
870 1117 981 1178 lustra:

159 1206 242 1268 Unda
265 1210 350 1285 prius
373 1219 490 1288 spargat
502 1255 511 1289 ,
535 1211 676 1287 virgaque
700 1216 798 1269 verrat
820 1205 961 1286 humum,

115 1294 283 1355 Frondibus
307 1303 337 1356 et
360 1297 425 1357 fixis
449 1297 629 1357 decorentur
651 1296 736 1356 ovilia
760 1297 868 1375 ramis,

21 1378 22 1383 ’
160 1381 198 1442 Ε1
220 1390 300 1460 tegat
323 1392 440 1446 ornatas
464 1383 550 1462 longa
573 1402 683 1444 corona
706 1385 802 1443 fores.

116 1468 251 1529 Caerulei
273 1470 344 1530 flant
366 1472 431 1530 uiro
455 1470 491 1531 de
515 1470 637 1550 sulpure
660 1472 750 1546 fumi,

21 1556 22 1591 ³
45 1568 103 1620 740
161 1556 311 1635 Tantaque
334 1558 459 1618 fumanti
482 1557 604 1637 sulpure
628 1557 707 1618 balet
729 1559 808 1618 ovis.

116 1643 174 1705 Ure
198 1663 295 1706 mares
318 1645 397 1706 oleas
421 1645 593 1724 taedamque
616 1644 782 1724 herbasque
807 1644 948 1728 Sabinas,

159 1732 197 1793 Et
219 1742 321 1813 crepet
344 1735 375 1793 in
398 1733 504 1794 mediis
527 1733 631 1794 laurus
651 1733 755 1795 adusta
777 1735 868 1794 focis,
934 1783 941 1787 ..

114 1820 245 1900 Libaque
268 1820 305 1881 de
330 1820 410 1882 milio
434 1821 506 1883 milii
528 1821 638 1882 fiscella
661 1831 822 1901 sequetur:

158 1908 280 1970 Rustica
303 1911 464 1988 praecipue
486 1917 532 1970 est
554 1908 611 1970 hoc
633 1909 688 1970 dea
710 1910 786 1970 laeta
809 1909 894 1970 cibo.

42 2009 99 2061 747
114 1997 195 2058 Adde
220 1996 310 2076 dapes
333 1997 548 2075 mulctramque
571 2014 641 2058 snas
653 2043 662 2077 ,
684 1997 868 2077 dapibusque
892 2001 1018 2058 resectis

159 2085 327 2146 silvicolam
351 2085 449 2164 tepido
473 2084 548 2146 lacte
570 2103 693 2165 precare
716 2085 823 2146 Palen.
920 2154 922 2157 v

116 2168 275 2234 ‘Consule'
299 2174 347 2235 dic
371 2168 488 2253 ‘pecori
510 2176 622 2253 pariter
644 2176 821 2252 pecorisque
844 2176 1013 2254 magistris:

159 2261 288 2340 Effugiat
310 2261 437 2335 stabulis
457 2280 533 2323 noxa
551 2262 675 2340 ¹repulse
698 2264 789 2322 meis.

115 2349 182 2410 Sive
206 2367 291 2411 sacro
313 2351 401 2429 pavi,
425 2348 524 2410 sedive
547 2349 603 2410 sub
627 2349 732 2417 arbore
756 2367 856 2432 saera,

42 2451 100 2503 750
159 2437 329 2516 Pabulaque
352 2456 369 2497 e
391 2437 487 2498 bustis
509 2439 602 2498 inscia
626 2439 736 2516 carpsit
759 2441 838 2498 ovis:

116 2525 148 2587 Si
171 2542 276 2586 nemus
299 2528 406 2586 intrari
429 2527 574 2605 vetitum,
598 2528 744 2586 nostrisve
769 2527 884 2604 iugatae

160 2613 237 2675 Sunt
259 2613 353 2675 oculis
376 2612 520 2692 nymphae
543 2615 743 2693 semicaperre
766 2612 858 2675 deus:

115 2701 148 2762 Si
171 2719 235 2762 mea
258 2700 316 2763 falx
338 2720 420 2762 ramo
443 2701 543 2762 lucum
566 2701 834 2782 spoliavitopaeo,

160 2789 243 2851 Unde
266 2789 332 2851 data
356 2799 403 2850 est
424 2807 529 2868 aegrae
552 2791 662 2851 fascina
685 2790 798 2851 frondis
821 2792 886 2853 ori:

41 2878 156 2945 701117
179 2880 293 2941 veniam
316 2878 442 2959 culpae.
483 2896 561 2959 nec,
584 2879 655 2940 dum
678 2878 889 2961 degrandinat,
912 2878 991 2940 obsit

157 2967 274 3046 Agresti
297 2967 365 3027 fano
388 2969 581 3047 supposuisse
604 2980 713 3048 pecus.

114 3054 175 3114 Nec
199 3063 303 3116 noceat
326 3055 461 3117 turbasse
484 3054 588 3120 lacus.
630 3057 796 3135 ignoscite,
819 3053 983 3134 nymphae,

158 3140 236 3203 ldota
259 3142 336 3220 quod
360 3143 502 3205 obscuras
525 3143 636 3223 ungala
658 3145 729 3204 fecit
752 3160 859 3222 equas.

114 3228 181 3305 Tu,
206 3229 281 3309 dea,
304 3248 358 3309 pro
382 3230 468 3292 nobis
491 3233 589 3294 fontes
611 3233 790 3309 fontanaque
814 3229 896 3310 placa

42 3332 99 3384 700
158 3317 284 3379 Numina
297 3362 306 3398 ,
331 3327 363 3379 tu
387 3337 506 3399 sparsos
528 3334 582 3400 per
606 3334 711 3381 nemus
735 3334 824 3379 omne
846 3319 936 3380 deos.

112 3407 174 3468 Nec
197 3405 344 3487 dryadas,
367 3422 422 3469 nec
445 3424 500 3469 nos
525 3409 674 3469 videamus
698 3406 779 3467 labra
801 3406 928 3490 Dianae,

156 3494 217 3557 Nec
240 3494 397 3578 Ferreum,
421 3497 518 3558 medio
542 3514 609 3559 eum
634 3497 743 3576 premit
765 3512 833 3556 erra
855 3497 921 3557 die.

110 3583 191 3646 Pelle
209 3584 314 3665 procul
333 3584 470 3647 morbos.
503 3586 618 3647 valeant
637 3584 831 3663 hominesque
849 3603 1032 3665 gregesque,

73 3693 157 3736 orn).
184 3695 228 3736 111.
836 3689 870 3739 20
