2467 4042
318 221 445 287 110
1213 222 1436 273 1131D1s

359 398 462 449 245
489 386 569 448 Et
614 404 689 447 ne
733 385 908 466 longa
954 403 1063 448 suo
1108 387 1415 465 praesagia
1461 384 1689 447 diceret
1732 404 1874 467 ore,

584 470 749 536 ‘Fata
794 484 966 536 canet
1011 480 1173 535 vales
1219 474 1325 554 qui
1370 469 1514 554 tua'‚
1561 473 1709 535 dixit
1753 469 1893 536 ‘erit
1908 473 1947 535 .’

490 564 593 625 Ille
640 580 748 643 ego
795 580 930 623 sum
973 568 1137 623 vates
1165 608 1181 624 .
1255 579 1328 622 ex
1374 579 1469 623 me
1516 570 1618 623 tua
1663 561 1907 623 vulnera
1951 562 2195 645 disceS,

579 650 733 712 Dent
775 650 951 711 modo
998 650 1061 711 di
1105 652 1265 711 vires
1311 652 1374 710 in
1422 666 1552 711 mea
1600 650 1777 711 verba
1823 668 1998 731 suas,

490 738 982 818 Carminibusque
1031 740 1179 800 meis
1225 737 1511 800 accedant
1555 739 1819 818 pondera
1863 756 2067 800 rerum
2087 785 2125 820 ‚,

359 841 465 892 250
582 828 745 899 Quae
791 835 918 889 rata
962 845 1073 907 per
1117 827 1317 888 luctus
1365 829 1672 906 experiare
1719 835 1890 888 tuos.

488 914 646 978 Neve
692 917 821 978 sine
869 914 1154 994 exemplis
1197 916 1328 976 aevi
1372 916 1643 977 cruciere
1689 917 1943 996 prioris,

579 1003 711 1065 Sint
756 1012 858 1065 tua
903 1004 1178 1065 Troianis
1222 1021 1344 1064 non
1390 1001 1613 1065 leviora
1656 1003 1828 1065 malis
1847 1052 1862 1066 .

491 1094 838 1172 Quantaque
884 1091 1165 1171 clavigeri
1207 1091 1530 1153 Poeantius
1574 1091 1849 1154 Herculis
1893 1092 2070 1154 heres
2089 1139 2111 1174 ‚

576 1179 763 1242 Tanta
806 1188 1094 1242 venenato
1140 1180 1384 1241 vulnera
1431 1198 1609 1242 crure
1655 1198 1828 1259 geras
1847 1227 1863 1242 .

358 1280 462 1332 πὸ
491 1267 613 1331 Nec
660 1268 849 1330 levius
895 1268 1095 1329 doleas
1121 1317 1139 1350 ‚
1187 1285 1362 1348 quam
1410 1270 1514 1348 qui
1560 1267 1712 1330 bibit
1759 1268 1943 1330 ubera
1988 1286 2244 1351 cervae,

579 1356 919 1437 Armatique
966 1356 1104 1418 tulit
1148 1356 1364 1418 vulnus
1388 1404 1410 1438 ‚
1455 1357 1702 1418 inermis
1748 1374 1922 1437 opem
1941 1404 1955 1417 .

492 1444 725 1525 Quique
772 1445 845 1506 ab
892 1463 1045 1524 equo
1090 1462 1378 1524 praeceps
1423 1446 1488 1506 in
1534 1444 1698 1506 Aleia
1743 1445 1964 1507 decidit
2008 1462 2185 1527 arva,

582 1533 777 1596 Exitio
823 1534 1005 1595 facies
1052 1536 1151 1594 cui
1197 1549 1305 1594 sua
1349 1550 1539 1612 paene
1585 1533 1732 1595 fuit.

489 1621 589 1704 Id,
635 1621 794 1701 quod
830 1620 1284 1704 Amyntorides,
1318 1620 1555 1702 videaS,
1601 1621 2019 1702 trepidumque
2056 1624 2343 1685 ministro

359 1723 463 1774 260
579 1710 984 1789 Praetemptes
1030 1709 1240 1771 baculo
1286 1709 1530 1771 luminis
1576 1709 1761 1772 orbus
1806 1713 1957 1771 iter.

490 1798 614 1861 Nec
660 1798 795 1878 plus
840 1799 1091 1877 aspicias
1118 1846 1136 1880 ,
1182 1816 1359 1878 quam
1406 1815 1586 1877 quem
1632 1816 1740 1859 sua
1785 1798 1902 1859 filia
1946 1800 2140 1881 rexit,

578 1886 877 1967 Expertus
921 1886 1119 1948 scelus
1164 1894 1257 1947 est
1302 1886 1476 1947 cuius
1522 1894 1777 1966 uterque
1823 1904 2074 1966 parens:

493 1973 694 2047 Qualis
739 1983 867 2037 erat
892 2022 910 2056 ‚
956 1983 1270 2054 postquam
1316 1982 1409 2035 est
1452 1974 1632 2036 iudex
1680 1975 1754 2037 de
1798 1976 1900 2036 lite
1947 1977 2151 2037 iocosa

582 2063 866 2143 Sumptus
893 2111 910 2143 ,
955 2062 1260 2143 Apollinea
1304 2061 1502 2124 clarus
1548 2065 1611 2124 in
1656 2071 1785 2125 arte
1831 2081 2048 2125 senex:

361 2164 464 2215 265
494 2150 696 2224 Qualis
742 2159 803 2213 et
846 2150 944 2213 ille
991 2153 1108 2212 fuit
1130 2198 1149 2232 ‚
1196 2169 1315 2231 quo
1361 2152 1767 2230 praecipiente
1812 2151 2081 2213 columba
2251 2165 2340 2218 (ιε)

581 2240 690 2302 Est
734 2240 869 2302 data
912 2239 1202 2301 Palladiae
1249 2241 1489 2319 praevia
1534 2239 1774 2319 duxque
1817 2242 1969 2302 rati:

493 2328 726 2409 Quique
774 2328 963 2391 oculis
1010 2330 1234 2408 caruit,
1278 2345 1390 2407 per
1435 2345 1586 2406 quos
1623 2327 1773 2389 male
1810 2329 2039 2390 viderat
2082 2346 2339 2411 aurum,

580 2416 829 2479 Inferias
875 2424 1011 2479 nato
1058 2435 1210 2496 quos
1257 2414 1422 2477 dedit
1465 2415 1610 2477 orba
1654 2434 1905 2495 parens:

491 2507 704 2568 Pastor
748 2514 817 2567 ut
860 2505 1158 2568 Aetnaeus
1184 2553 1202 2585 ,
1249 2505 1348 2565 cui
1394 2521 1569 2565 casus
1615 2513 1751 2567 ante
1798 2505 2034 2566 futuros

358 2607 463 2659 270
579 2593 857 2656 Telemus
903 2592 1256 2674 Eurymides
1301 2594 1658 2655 vaticinatus
1703 2602 1867 2655 erat:

490 2682 569 2745 Ut
613 2683 730 2744 duo
778 2682 1064 2743 Phinidae
1090 2729 1109 2764 ‚
1155 2680 1375 2761 quibus
1420 2680 1582 2742 idem
1625 2681 1825 2743 lumen
1873 2680 2125 2761 ademit,

579 2768 696 2842 Qui
740 2769 936 2833 dedit:
981 2779 1051 2834 ut
1095 2769 1422 2850 Thamyrae
1467 2768 1903 2850 Demodocique
1950 2777 2128 2848 caput
2149 2815 2165 2830 .

492 2859 590 2923 Sit:
638 2858 847 2936 aliquis
892 2866 995 2921 tua
1040 2858 1306 2921 membra
1351 2867 1557 2939 secet,
1606 2857 1900 2920 Saturnus
1945 2866 2013 2919 ut
2055 2856 2189 2919 illas

582 2947 901 3010 Subsecuit
943 2955 1146 3029 partes
1171 2994 1190 3029 ‚
1236 2946 1395 3008 unde
1443 2954 1680 3009 creatus
1725 2956 1887 3008 erat.

361 3051 462 3099 :25¹5
494 3039 614 3099 Neu
666 3039 770 3095 tibi
818 3039 896 3099 sit
939 3037 1148 3098 melior
1192 3036 1436 3098 tumidis
1482 3034 1797 3115 Neptunus
1840 3037 1904 3095 in
1950 3033 2162 3115 undiS,

582 3127 766 3195 Quam
818 3128 914 3188 cui
958 3134 1100 3188 sunt
1145 3123 1374 3186 subitae
1421 3125 1606 3185 frater
1651 3133 1712 3185 et
1755 3141 1906 3185 uxor
1953 3140 2123 3202 aves;

498 3219 852 3295 Sollertique
897 3216 1070 3295 viro,
1119 3213 1350 3274 lacerae
1397 3230 1574 3292 quem
1622 3213 1806 3273 fracta
1850 3218 2154 3273 tenentem

582 3303 844 3364 Membra
889 3306 1033 3365 ratis
1080 3300 1344 3363 Semeles
1389 3308 1482 3361 est
1527 3303 1806 3362 miserata
1849 3317 2053 3361 soror.

494 3395 594 3451 'iel
650 3403 790 3471 tua,
838 3410 911 3453 ne
958 3408 1183 3471 poenae
1230 3407 1420 3469 genus
1464 3388 1578 3450 hoc
1626 3390 1970 3467 cognoverit
2013 3405 2211 3470 unuS,

361 3495 462 3539 aaz]
582 3443 822 3543 le'fiseffla
865 3479 1115 3541 diversis
1161 3480 1346 3540 scissa
1390 3478 1659 3540 serantur
1705 3478 1910 3557 equis.

502 3567 594 3627 lle-l
646 3587 794 3643 quae
840 3570 944 3646 qui
989 3567 1215 3629 redemi
1261 3565 1524 3627 Romano
1572 3576 1747 3645 turpe
1792 3566 2053 3646 putavit,
