2467 4042
180 216 246 282 352
586 212 779 265 rhenonum

310 379 442 459 Potaque
465 395 498 439 se
520 375 614 437 Tibur
636 375 726 437 turba
748 374 846 436 redire
868 383 981 454 putat.

267 467 387 546 lamque
409 483 465 547 per
485 464 633 545 Esquilias
651 463 812 525 Romanam
833 465 1006 526 intraverat
1033 465 1157 548 urbem,

312 555 351 617 Et
373 571 458 615 mane
481 555 512 614 ln
535 552 632 613 medio
655 551 786 630 plaustra
808 550 893 612 luere
916 552 1008 614 foro.

203 657 254 708 oto
267 644 421 723 Plautius,
445 648 480 703 ut
501 648 603 720 posset
626 642 725 718 specie
748 656 935 718 numeroque
961 653 1111 704 senatum

312 730 448 811 Fallere,
470 731 607 809 personis
630 729 756 807 imperat
778 744 830 790 ora
851 729 931 808 tegi,

268 820 476 896 Admiscetque
499 816 594 898 alios,
617 824 668 896 et,
691 823 725 876 ut
747 815 827 876 hunc
849 814 975 877 tibicina
1002 827 1129 881 coetum

311 908 446 986 Augeat,
468 907 500 965 in
523 904 618 983 longis
642 903 773 965 vestibus
796 921 862 964 esse
885 902 990 985 iubet;

270 996 319 1057 Sic
341 993 469 1055 reduces
491 991 567 1053 bene
590 1008 678 1072 posse
702 994 785 1073 tegi,
806 1009 844 1052 ne
867 990 946 1053 sorte
970 1001 1124 1057 notentur

204 1097 255 1147 teo
313 1082 423 1146 Contra
444 1079 572 1160 collegae
594 1082 676 1141 iussa
698 1079 812 1141 redisse
834 1081 898 1141 sui.

269 1172 329 1233 iles
350 1169 482 1250 placuit,
506 1168 647 1246 cultuque
671 1185 747 1229 novo
769 1166 842 1228 libet
863 1165 967 1228 ldibus
990 1172 1046 1231 uti

312 1258 350 1319 Et
373 1274 479 1318 canere
502 1256 539 1317 ad
561 1264 678 1317 ueteres
701 1254 789 1316 verba
812 1257 911 1316 iocosa
933 1254 1083 1318 modos.’

268 1346 348 1407 llaec
371 1344 423 1406 ubi
445 1345 623 1425 perdocuit,
645 1338 800 1424 ‘superest
821 1342 894 1403 mihi
916 1341 1061 1406 discere’
1085 1347 1142 1407 dixi

314 1430 390 1495 ‘Cur
413 1434 453 1494 sit
475 1433 679 1512 Quinquatrus
701 1430 750 1492 illa
772 1439 873 1493 vocata
896 1426 998 1492 dies.’

204 1536 256 1587 oet
270 1516 425 1582 ‘Martius'
449 1523 547 1600 inquit
568 1514 646 1599 ‘agit
667 1519 719 1581 tali
741 1537 806 1580 mea
829 1520 949 1579 nomine
973 1520 1075 1601 testa,

313 1609 426 1689 Estque
450 1608 506 1670 sub
528 1610 656 1669 inventis
678 1606 752 1669 haec
775 1624 893 1687 qnoque
915 1606 1010 1669 turba
1035 1612 1128 1671 meis.
1203 1616 1204 1619 ’

269 1698 369 1759 Prima
391 1696 540 1757 terebrato
563 1714 618 1776 per
641 1713 708 1756 rara
730 1696 873 1756 foramina
896 1693 995 1776 buxo,

315 1785 353 1847 Ut
375 1786 480 1865 daret,
504 1785 588 1845 effeci
600 1830 610 1865 ,
632 1782 704 1845 tibia
727 1783 812 1861 longa
836 1799 942 1843 sonos.

270 1872 332 1935 Vox
353 1872 486 1952 placuit:
518 1872 623 1933 laciem
645 1870 766 1950 liquidis
787 1868 990 1933 referentibus
1016 1873 1109 1935 undis

206 1975 257 2028 tot
315 1960 381 2022 Vidi
403 1961 551 2040 virgineas
573 1961 750 2021 intumuisse
773 1976 880 2038 genas.

271 2045 350 2111 “Ars
372 2048 445 2109 mihi
468 2066 527 2109 non
550 2050 625 2108 tanti
648 2054 715 2127 est3
738 2046 834 2108 valeas
846 2094 856 2129 ,
878 2063 943 2107 mea
968 2044 1094 2109 tibial'’
1117 2049 1183 2109 dixi:

315 2137 432 2216 Excipit
454 2136 598 2197 abiectam
620 2137 749 2215 caespite
771 2137 836 2215 ripa
860 2151 930 2196 suo.

271 2225 423 2287 Inventam
446 2224 569 2304 Satyrus
591 2225 722 2303 primum
744 2225 869 2285 miratur
881 2269 891 2304 ,
913 2228 945 2282 et
968 2239 1064 2285 usum

314 2313 439 2394 Nescit,
461 2320 492 2373 et
514 2311 645 2373 inflatam
667 2313 760 2372 sensit
781 2309 890 2372 habere
914 2328 1045 2392 sonum;

207 2413 257 2466 tut
271 2400 309 2464 Et
331 2400 420 2461 modo
443 2399 565 2461 dimittit
587 2399 710 2481 digitis,
732 2399 819 2463 modo
842 2399 974 2477 concipit
996 2417 1108 2463 auras.

314 2486 434 2567 lamque
457 2490 536 2550 inter
558 2487 702 2567 nymphas
724 2494 788 2548 arte
811 2485 960 2566 superbus
983 2496 1072 2550 erat:

271 2577 415 2639 Provocat
437 2584 468 2638 et
489 2575 665 2637 Phoebum.
704 2573 824 2635 Phoebo
847 2583 1009 2653 superante
1033 2577 1186 2658 pependit,

317 2664 406 2727 Caesa
429 2672 621 2727 recesserunt
643 2670 751 2725 acute
773 2661 905 2724 membra
928 2680 1001 2725 sua.

273 2753 345 2815 Sum
368 2761 467 2814 tamen
489 2754 637 2814 inventrix
660 2760 823 2831 auctorque
846 2767 900 2831 ego
924 2753 1070 2813 carminis
1092 2753 1187 2815 huius.

207 2854 258 2905 '110
315 2840 378 2902 Hoc
401 2848 447 2902 est
459 2885 469 2920 ,
492 2859 547 2902 cur
569 2847 689 2902 nostros
712 2857 761 2900 ars
784 2839 861 2917 colat
881 2840 938 2900 ista
963 2840 1049 2901 dies.

395 2975 610 3060 ranam]
658 2973 987 3055 rouo-sunu

272 3104 373 3166 'l'ertla
395 3104 446 3169 lux
468 3106 568 3167 reniet
580 3151 589 3185 ,
612 3122 670 3184 qua
692 3109 726 3165 tu
738 3149 748 3183 ,
772 3101 887 3163 Dodoni
909 3100 1054 3184 Thyone,

318 3191 416 3254 Stabis
438 3193 585 3272 Agenorei
607 3193 705 3253 fronte
727 3190 852 3252 videnda
874 3188 975 3251 bovis.

274 3279 353 3342 flacc
376 3289 424 3341 est
444 3280 494 3341 illa
516 3281 603 3361 dies,
625 3298 684 3359 qua
706 3288 740 3340 tu
761 3280 935 3359 purgamina
957 3277 1086 3361 Vestae,

317 3368 451 3450 Thybri,
475 3387 529 3448 per
551 3366 693 3430 Etruscas
715 3370 746 3428 in
769 3384 850 3428 mare
873 3368 968 3427 mittis
990 3384 1106 3446 aquas.

208 3467 259 3517 ‘115
274 3456 364 3536 Siqua
388 3456 460 3518 fides
483 3459 579 3517 ventis
591 3504 601 3537 ,
623 3456 751 3536 zephyro
774 3455 842 3517 date
864 3453 1008 3536 carbasa,
1031 3455 1162 3517 nautae!

319 3542 390 3603 Cras
413 3546 512 3603 veniet
534 3546 641 3604 vestris
663 3543 713 3611 ille
736 3542 886 3605 secundus
909 3544 1012 3622 aquia.
