2467 4042
613 214 807 266 resrossum

569 427 598 491 2.
621 423 689 490 AN
735 425 764 490 3.
786 422 852 489 BN

295 554 452 618 Proximus
475 553 627 632 hesperias
650 552 737 613 Titan
759 551 894 613 abiturus
917 554 949 612 in
971 554 1077 613 undas

341 643 479 704 Gemmea
502 643 663 720 purpureis
686 657 754 701 cum
777 643 845 718 iuga
868 639 967 700 demet
990 644 1105 720 equis,
1125 695 1131 700 .

248 744 282 794 uo
296 731 346 791 iila
370 738 457 791 nocte
480 730 609 808 aliquis,
633 726 738 789 tollens
761 728 796 788 ad
820 726 918 789 sidera
942 729 1077 810 voltum,

340 818 424 880 Dicet
447 814 515 879 ‘ubi
537 827 582 877 est
605 816 693 879 hodie
716 835 791 895 quae
815 815 891 895 Lyra
914 816 997 877 fuisit
1020 814 1138 878 ber·i?’

296 906 431 985 Dumque
454 904 558 984 Lyram
583 912 728 988 quaeret,
752 905 842 966 medii
863 922 983 983 quoque
1007 914 1099 984 terga
1118 906 1213 966 Leoni

341 993 375 1055 in
397 993 524 1073 liquidas
547 992 647 1054 subito
670 1011 766 1054 mersa
788 991 903 1054 notabit
925 1009 1040 1073 aquas,

653 1131 683 1194 4.
709 1126 772 1196 ΟΝ

297 1258 392 1329 Quem
414 1257 502 1319 modo
525 1257 671 1318 caelatum
693 1257 786 1319 stellis
809 1256 953 1337 Delphina
975 1256 1124 1340 videbas,

248 1359 283 1409 80
340 1345 369 1408 Is
392 1346 486 1425 fugiet
508 1348 588 1406 visus
611 1355 699 1407 nocte
722 1353 865 1424 sequente
888 1355 974 1407 tuos:

293 1434 358 1504 Seu
381 1434 438 1496 init
460 1434 585 1495 occultis
608 1433 679 1494 felix
701 1434 733 1494 in
755 1433 906 1495 amoribus
928 1433 1037 1514 index,

340 1521 466 1584 Lesbida
489 1540 558 1583 cum
581 1522 701 1585 domino
723 1540 778 1582 seu
802 1521 869 1582 tulit
891 1522 939 1582 ille
962 1520 1079 1600 lyram.

298 1611 383 1683 Quod
407 1628 488 1672 mare
511 1628 570 1671 uon
594 1613 697 1690 norit,
720 1627 796 1688 quae
819 1612 915 1671 nescit
936 1611 1047 1671 Ariona
1075 1609 1193 1674 telins?

343 1698 480 1761 Carmine
502 1705 659 1760 currentes
681 1697 730 1758 iiie
754 1696 873 1759 tenebat
895 1715 1003 1777 aquas.

250 1800 283 1850 85
299 1787 393 1867 Saepe
415 1805 545 1867 sequens
568 1804 672 1865 agnam
695 1786 783 1866 lupus
805 1795 853 1847 est
875 1805 890 1846 a
914 1803 984 1847 voce
1009 1793 1172 1870 retentus,

343 1874 437 1956 Saepe
461 1875 576 1936 avidum
600 1876 718 1954 fugiens
740 1874 850 1936 restitit
872 1891 946 1952 agna
969 1872 1097 1953 lupum:

299 1964 392 2043 Saepe
416 1981 505 2024 canes
527 1961 703 2042 leporesque
729 1962 830 2026 umbra
855 1960 985 2023 cubuere
1010 1960 1069 2022 sub
1096 1983 1176 2044 una,

342 2051 381 2113 Et
403 2054 486 2112 stetit
508 2055 539 2112 in
563 2069 632 2111 saxo
656 2053 790 2131 proxima
812 2068 898 2111 cerva
921 2050 1000 2111 leae:

298 2140 337 2201 m
359 2143 423 2201 sine
446 2140 497 2201 iite
520 2139 628 2218 loquax
651 2157 719 2199 cum
742 2137 868 2200 Palladis
891 2138 958 2198 alite
982 2141 1092 2200 cornix
1181 2153 1212 2200 tro

251 2242 286 2291 90
345 2228 449 2311 Sedit,
473 2237 503 2289 et
525 2229 660 2306 accipitri
683 2229 782 2287 iuncta
805 2224 940 2287 columba
964 2226 1037 2286 init.

300 2316 423 2396 Cynthia
446 2334 534 2397 saepe
557 2318 617 2376 tuis
640 2315 759 2396 iertur,
776 2313 885 2374 vocalis
907 2315 1017 2395 Arion,

343 2404 505 2488 Tamquam
528 2404 668 2465 fraternis
690 2403 869 2483 obstipuisse
894 2402 1005 2462 modis.

300 2492 413 2555 Nomen
437 2495 591 2554 Arionium
615 2489 729 2552 Siculas
751 2489 924 2570 impleverat
946 2489 1057 2570 urbes,

345 2581 494 2661 Captaque
518 2589 582 2642 erat
603 2580 704 2661 lyricis
726 2580 854 2639 Ausonis
876 2596 928 2638 ora
951 2579 1051 2638 sonis.

251 2668 371 2732 scinde
395 2669 514 2730 domum
537 2677 677 2748 repetens
699 2684 829 2746 puppem
852 2665 1026 2728 conscendit
1049 2666 1168 2750 Arion,

345 2759 441 2837 Atque
464 2760 505 2818 ita
529 2758 679 2836 quaesitas
701 2765 765 2815 arte
788 2754 902 2815 ierebat
924 2771 1014 2833 opes.

301 2844 459 2927 Forsitan,
482 2845 606 2923 infelix,
630 2851 733 2905 ventos
756 2842 909 2923 undasque
932 2840 1080 2906 timebas:

346 2936 384 2995 m
406 2933 460 2995 tibi
482 2952 555 2994 nave
579 2940 629 2992 tua
652 2934 746 2993 tutius
769 2949 881 3011 aequor
903 2939 983 2991 erat.

301 3022 434 3103 Namque
458 3022 639 3101 gubernator
662 3020 802 3081 destricto
826 3020 958 3080 constitit
981 3036 1056 3080 ense

237 3123 287 3173 too
346 3110 510 3190 ceteraque
534 3117 644 3169 armata
667 3109 786 3168 conscia
808 3107 895 3168 turba
918 3123 1024 3168 manu.

303 3197 379 3272 Quid
408 3198 462 3259 tibi
490 3215 557 3259 cum
585 3192 712 3275 gladio?
744 3195 862 3257 dubiam
891 3212 983 3275 rege,
1010 3200 1139 3282 navita,

848 3281 995 3364 puppem!

346 3374 411 3437 Non
434 3375 508 3435 baec
530 3381 601 3435 sunt
623 3372 722 3450 digitis
744 3389 825 3432 arma
848 3370 973 3433 tenenda
996 3374 1081 3437 tuis.

304 3463 356 3524 lile
369 3509 378 3542 ,
402 3473 483 3522 metu
507 3461 612 3521 viduus
624 3506 634 3539 ,
658 3455 799 3521 ‘mortem
821 3477 882 3520 non
905 3457 1071 3538 deprecor'
1097 3468 1208 3548 inquit,

348 3545 423 3609 ‘Sed
448 3548 534 3609 liceat
556 3556 673 3626 sumpta
696 3565 789 3626 pauca
812 3547 924 3607 referre
947 3543 1048 3626 lyra?
