2467 4042
1009 231 1075 287 xxi

65 395 195 471 spatium
223 393 281 455 erit
307 391 539 453 concedendum:
569 394 734 471 elegiarum
760 395 877 455 nullum
899 395 958 458 fuit
983 398 1074 458 intem

64 483 181 544 stitium
202 501 298 559 neque
320 482 528 558 inscriptiones
550 481 630 541 ullae
652 483 685 541 in
707 483 891 559 archetypo„

153 570 324 630 Primatum
344 570 439 647 igitur
461 569 640 647 paginarum
654 562 704 651 (2)
719 574 751 630 et
764 564 814 651 (3)
834 571 958 632 eandem
976 574 1075 634 condi-

63 660 177 720 cionem
199 662 273 735 puto
290 659 391 733 fuisse,
414 677 504 735 quam
526 661 665 735 quartae:
689 659 833 718 detritum
850 679 944 720 uuum
961 661 994 722 in
1011 681 1073 721 om·

64 749 153 809 nibus
176 748 334 822 disfichon,
357 748 482 806 suffecta
503 747 616 822 ubique
639 747 718 823 bina,
740 748 869 808 fortasse
891 767 951 808 non
974 751 1073 811 omnia

63 837 169 897 ecdem
199 839 343 912 tempore.
397 835 524 896 disticha
557 836 598 895 tt
632 835 671 894 ad
703 838 744 896 68
776 836 951 912 proscripsit
982 838 1073 898 Bent-

64 925 153 1001 leius,
186 926 316 984 alterum
344 942 405 984 non
426 927 552 1001 propter
576 923 758 999 pentametri
780 925 945 985 clausulam
968 927 1073 1003 solam,

62 1017 149 1091 puto,
173 1011 225 1074 ead
248 1016 371 1089 propter
394 1011 581 1090 argutiarum
604 1013 766 1088 tumorem,
794 1013 886 1072 etiam
907 1015 1075 1089 proximum

62 1104 151 1179 plane
175 1105 323 1178 evagatur
344 1120 362 1161 a
385 1101 534 1161 sententia
556 1101 709 1161 instituta:
736 1119 796 1160 non
819 1102 856 1161 dc
879 1103 970 1161 animi
993 1103 1074 1162 infir-

62 1192 168 1251 mitate
182 1191 292 1266 agitur,
315 1193 351 1250 ut
363 1190 380 1248 I
393 1203 420 1249 11
436 1191 487 1266 55,
510 1188 590 1248 unde
611 1190 685 1248 haec
704 1192 834 1266 sumpta,
857 1191 909 1249 sed
923 1191 961 1249 da
973 1210 1075 1252 morsu

64 1279 251 1354 stimulisque
270 1278 476 1352 conscientiae,
500 1277 552 1353 qui
568 1277 807 1338 reconciliatione
825 1278 921 1338 levari
938 1284 1073 1355 possunt.

64 1368 128 1427 eius
162 1367 226 1442 spei
258 1366 361 1442 aliqua
390 1366 502 1427 mentio
534 1383 639 1426 versus
677 1368 718 1426 63
755 1369 788 1426 et
821 1370 862 1427 68
895 1370 1075 1446 contexuerit,

64 1458 191 1533 oportet.
245 1454 325 1513 inter
347 1455 391 1514 40
414 1457 446 1513 et
468 1455 510 1513 45
535 1453 606 1531 qnid
630 1453 780 1529 exciderit,
804 1454 862 1514 dici
882 1474 943 1515 non
960 1460 1074 1531 potest:
1196 1524 1201 1537 Ι

62 1543 262 1620 interpolator
284 1543 362 1603 alter
383 1546 506 1619 propter
527 1560 633 1602 vocem
649 1545 792 1602 octianor
808 1563 836 1603 v.
855 1544 908 1619 47,
932 1544 1011 1621 quod
1029 1548 1076 1605 est

63 1652 98 1692 eo
122 1650 224 1708 sensu,
247 1649 306 1708 quo
328 1631 398 1691 Met
422 1630 720 1705 vl15eXV174,
742 1633 973 1709 eumaem,
996 1633 1076 1709 quod

62 1721 241 1783 vocabulum
268 1719 384 1780 duobus
411 1720 537 1779 saeculis
559 1716 666 1780 Ovidio
688 1719 837 1779 recentius
860 1737 924 1779 ease
949 1721 1075 1798 ridetur,

64 1828 190 1886 eumque
214 1809 342 1876 Dianae,
370 1809 473 1884 plane,
501 1808 590 1884 puto,
618 1807 692 1867 alias
720 1805 1074 1885 incognitum,'induxit:

63 1900 142 1957 alter
164 1897 254 1956 aliter
276 1896 473 1957 excusandam
496 1896 740 1971 superstitionem
767 1895 899 1972 putavit,
929 1898 1016 1973 quasi
1038 1899 1074 1958 de

63 1988 119 2046 hae
141 1986 329 2062 potissimum
351 2004 384 2044 re
407 1987 562 2062 ageretur:

153 2075 359 2134 Proximarum
386 2086 450 2133 xm
466 2073 656 2149 ‚paginarum
678 2064 732 2153 (8)
761 2076 896 2133 extrema
927 2073 1074 2136 distichon

62 2164 163 2239 habet,
186 2163 265 2239 quod
287 2181 383 2238 neque
407 2161 559 2221 emendari
581 2179 670 2237 possa
692 2160 820 2236 videtur,
843 2180 939 2238 neque
962 2164 1007 2222 uti
1026 2165 1074 2224 edi

64 2252 149 2326 solet,
177 2269 297 2311 sensum
318 2250 423 2309 habet:
452 2244 503 2325 ‘di
525 2249 605 2309 inter
628 2268 703 2326 quos
725 2249 789 2325 ipse
812 2248 931 2326 Caesar,
953 2251 1073 2329 faciant,

62 2342 98 2399 ut
130 2340 185 2399 sub
219 2340 275 2397 hoc
306 2340 390 2397 terra
420 2331 480 2398 sit'.
535 2337 721 2397 adiciendum
753 2340 819 2397 crat
849 2342 919 2414 post
951 2359 978 2401 v.
1009 2344 1073 2401 100

62 2428 160 2487 velut:
184 2420 229 2485 ‘Si
252 2427 441 2487 maiestatem
464 2429 583 2486 sanctae
606 2426 765 2486 clementia
782 2427 900 2501 mentis,
922 2426 1073 2490 Iustitiam

63 2516 168 2576 veniae
201 2515 227 2574 si
259 2515 419 2574 comitatur
454 2508 558 2575 amor'.
612 2533 741 2591 namque
773 2516 836 2575 sine
873 2515 975 2591 aliqua
1009 2518 1073 2578 eius

62 2603 143 2664 modi
170 2604 360 2664 conversione
388 2603 466 2680 quod
494 2603 641 2680 sequitur,
669 2603 712 2664 At
738 2608 770 2663 tc
795 2603 1002 2664 inconcinnum
1027 2607 1072 2666 fo·

62 2696 118 2753 ret.
167 2693 211 2752 ita
233 2711 304 2753 vero
328 2692 354 2752 si
376 2692 487 2770 pagina
508 2692 620 2768 finitur,
642 2692 757 2768 priores
774 2692 843 2752 inde
866 2711 887 2751 a
900 2687 949 2772 (ὁ)
964 2694 1073 2755 alicubi

62 2780 215 2841 abundant
237 2780 377 2841 disticho:
406 2781 566 2841 delendum
587 2782 729 2858 proposui
752 2780 767 2840 Ι
788 2794 814 2841 11
838 2784 880 2840 36
909 2781 965 2856 37,
993 2784 1074 2859 quod

61 2874 142 2929 certe
174 2887 405 2946 supervacuum,
435 2870 639 2945 importunum
666 2869 754 2946 adeo,
785 2872 930 2945 quantum
950 2871 1073 2946 ¹senti03

60 2957 137 3016 nihil
159 2960 260 3016 tamen
287 2959 362 3018 certi
387 2959 564 3034 plerumque
591 2957 624 3015 in
653 2958 708 3018 hoc
734 2977 851 3035 genere.
908 2961 1074 3033 sequuntur

61 3045 189 3122 paginae
222 3038 272 3125 (9)
305 3045 344 3103 ad
370 3041 441 3124 (15)
468 3046 612 3121 integrae.
666 3046 776 3121 pagina
803 3037 876 3125 (16)
904 3044 1014 3105 desinit
1040 3046 1073 3105 in

61 3133 235 3207 distichum,
266 3133 345 3208 quod
375 3132 531 3207 Heinsius,
564 3131 758 3207 Schraderua,
790 3133 842 3190 alii
869 3132 935 3189 iure
961 3132 1072 3207 impro-

60 3223 180 3282 barunt
234 3220 338 3295 quaeri
364 3223 479 3296 potest,
511 3239 584 3278 num
612 3221 783 3296 suppletum
810 3219 850 3278 ait
880 3237 934 3293 pro
967 3220 1073 3296 altero,

60 3310 140 3387 quod
163 3311 339 3384 evanuerat,
362 3327 401 3367 an
422 3327 441 3367 a
462 3307 578 3367 novicio
601 3307 816 3384 interpolatore
839 3306 996 3366 adiectum.
1047 3308 1074 3367 si

59 3400 91 3458 in
113 3397 268 3474 proximis,
296 3397 404 3473 quibus
432 3394 475 3455 de'
490 3396 682 3473 navigatione
705 3399 811 3473 poetae
835 3394 956 3470 dicitur,
983 3415 1073 3471 quam

58 3489 91 3546 in
113 3487 242 3557 Pontum
264 3487 364 3562 ipsum
382 3486 496 3546 nullam
514 3485 594 3560 fecit,
617 3484 792 3546 recentioris
812 3502 917 3544 manus
936 3484 1072 3543 fraudem

59 3575 205 3652 suspicari
227 3575 340 3651 liceret,
362 3575 460 3634 minus
483 3574 597 3653 negotii
620 3578 700 3635 esset
722 3575 754 3635 in
772 3572 960 3648 difficultate,
982 3592 1073 3649 quam
