2467 4042
289 242 317 313 i,
341 239 402 302 755
416 274 454 286 -
467 237 539 302 772.
578 240 620 312 11,
644 238 776 302 1-49.
986 237 1046 300 189

141 399 219 458 Arte
232 409 303 455 mea
319 400 411 470 capta
425 401 482 453 est.
506 399 570 453 arte
583 391 717 452 tenenda
730 407 799 452 mea
812 402 870 452 cst.

95 482 164 542 Nec
178 480 281 540 minor
293 485 343 539 est
359 478 470 550 virtus,
494 492 586 552 quam
602 490 766 552 quaerere,
790 482 878 552 parta
891 485 977 536 tuen.

143 566 242 626 Casus
259 564 342 623 inest
355 563 425 621 illic.
448 561 508 620 boc
522 560 580 621 erit
594 561 667 620 artis
684 576 774 636 opus.

56 662 88 712 15
99 650 190 711 Nunc
204 647 295 722 mibi,
318 645 488 722 siquando,
511 660 588 721 puer
602 652 633 705 et
647 644 811 721 cytherea,
831 645 940 713 favete,

141 734 229 794 Nunc
242 731 348 792 Erato.
371 745 443 791 natu
457 736 490 790 tu
504 744 616 789 nomen
632 729 745 789 amoris
759 727 866 788 habes.

97 818 213 892 Magna
228 831 323 892 paro,
347 829 427 889 quas
440 814 542 889 possit
555 817 652 874 Amor
665 827 823 873 remanere
840 829 894 888 per
909 820 998 881 artos,

139 903 268 974 Dicere,
291 906 353 958 tam
368 905 458 959 vasto
473 913 630 974 pervagus
645 897 720 959 orbe
736 912 820 972 puer.

98 986 135 1045 lit
148 984 228 1045 iovis
244 990 309 1056 est,
332 991 363 1043 et
375 982 469 1043 habet
481 981 636 1058 geminas,
659 981 771 1057 quibus
786 982 905 1053 avolat,
924 981 1004 1040 aias:

56 1081 91 1131 au
144 1069 279 1129 Difficile
298 1075 346 1128 est
359 1067 419 1127 iliis
433 1066 612 1142 inposuisse
625 1066 762 1126 modum.

101 1153 238 1229 Hospitis
253 1149 370 1227 effugio
387 1158 614 1227 praestruxerat
629 1151 731 1211 omnia
745 1149 861 1209 Minos=

140 1237 305 1298 Audacem
320 1236 423 1312 pinnis
436 1234 574 1311 repperit
587 1234 638 1294 ilie
651 1234 741 1294 viani.

99 1322 258 1381 Daedalus
275 1327 310 1380 ut
324 1318 436 1379 clausit
449 1326 633 1393 conceptum
647 1318 773 1379 crimine
788 1317 893 1377 matris

142 1404 405 1479 Semibovemque
418 1403 517 1464 virum
531 1401 770 1478 semivirumque
787 1400 908 1474 bovam,

57 1499 90 1550 ab
101 1488 162 1550 ‘Sit
175 1488 291 1549 modus
305 1487 398 1547 exitio
405 1492 426 1561 ,’
450 1487 526 1548 dixit
540 1486 721 1547 ‘iustissime
735 1485 852 1547 Minos:

140 1572 288 1648 Accipiat
300 1573 422 1632 cineres
435 1579 517 1632 terra
531 1578 659 1647 patema
673 1585 770 1632 meos.

98 1657 136 1718 iit
150 1657 299 1731 quoniam
314 1656 345 1715 in
360 1655 472 1732 patria,
492 1656 562 1717 ratis
577 1655 710 1730 agitatus
727 1654 849 1729 iniquis,

140 1742 257 1800 Vivere
272 1756 334 1799 uon
350 1739 451 1815 potui,
474 1740 515 1799 da
529 1739 603 1799 mibi
617 1753 715 1815 posse
729 1735 815 1798 mori.

99 1825 145 1885 Da
158 1825 293 1886 reditum
306 1839 421 1899 puero,
441 1824 526 1884 senis
543 1830 591 1884 est
604 1822 633 1884 si
647 1823 744 1898 mutia
757 1821 842 1883 vitis:

60 1917 93 1971 tt)
146 1908 179 1969 Si
193 1924 257 1968 uon
273 1908 322 1967 vis
338 1923 434 1983 puero
449 1922 591 1983 parcere,
612 1922 707 1982 parce
721 1908 811 1968 seui?

101 1994 226 2053 Dixerat
236 1993 326 2053 haec.
364 1990 428 2053 Sed
442 1999 473 2052 at
484 1992 563 2053 baec
578 1998 608 2052 et
622 1993 716 2053 multo
733 1994 821 2067 plura
833 1991 944 2052 licebat

138 2076 262 2137 meere.
284 2090 449 2151 regressus
463 2091 526 2136 uon
541 2076 635 2136 dabat
647 2076 699 2136 iiie
713 2076 789 2136 viro.

100 2162 186 2235 Quod
210 2161 302 2222 simul
318 2168 353 2221 ut
366 2159 479 2234 sensit,
500 2164 609 2236 bunc,
632 2175 728 2234 nuno,
751 2160 947 2231 oliaedate,’
971 2160 1043 2219 dixit

140 2245 316 2318 Materiam,
337 2259 399 2319 qua
414 2243 458 2304 sis
472 2243 669 2320 ingeniosus,
690 2244 797 2305 habes.

60 2339 91 2392 ab
100 2329 244 2391 Possidet
258 2335 289 2388 et
301 2336 416 2403 terras,
439 2335 469 2388 et
482 2329 624 2404 possidet
638 2343 775 2405 aequora
788 2328 904 2388 Minos:

139 2414 205 2474 Nec
217 2413 308 2473 teitus
322 2419 462 2485 nostrae,
485 2427 544 2473 noc
557 2420 641 2489 patet
654 2413 738 2473 unda
752 2414 851 2488 togae.

100 2498 206 2558 Restat
221 2498 279 2558 itar
292 2497 381 2557 caeli.
405 2497 491 2557 caelo
504 2497 722 2573 temptabimus
737 2498 791 2556 ire.

140 2581 188 2642 Da
202 2582 325 2642 veniam
339 2587 467 2656 coepto,
489 2581 604 2656 Iupiter
618 2583 694 2656 alte,
712 2597 797 2642 meo:

99 2667 163 2727 Non
180 2680 241 2739 ego
257 2665 398 2725 sidereas
412 2663 535 2726 adiecto
551 2673 676 2740 tangere
690 2666 799 2726 sedes=

62 2760 92 2813 to
141 2749 212 2825 Qua
224 2748 339 2824 ingiam
354 2748 525 2825 dominum,
546 2750 645 2824 uuila,
667 2749 726 2810 uisi
741 2751 814 2823 ista,
837 2748 887 2808 via
902 2759 957 2809 est.

99 2833 153 2895 Par
170 2833 272 2911 Styga
288 2832 379 2894 detur
391 2833 463 2907 iter,
485 2832 611 2912 Stygias
628 2833 854 2895 transnabimus
868 2833 978 2894 undas.

139 2917 210 2978 Sint
223 2917 296 2977 mihi
311 2925 440 2977 naturae
453 2918 520 2978 iura
533 2918 680 2980 novanda
694 2922 826 2979 meae...'

101 3002 256 3078 ingenium
276 3003 358 3061 mala
375 3017 472 3077 saepe
486 3009 621 3063 movent
655 3001 729 3076 Quis
744 3003 883 3063 crederet
896 3017 1040 3075 umquam

136 3087 251 3147 Aerias
265 3086 421 3146 hominem
435 3101 564 3162 carpere
579 3102 676 3162 possa
690 3086 780 3148 vias?

66 3182 93 3230 ta
103 3169 274 3245 Remigium
287 3171 448 3231 volucrum
462 3172 599 3246 disponit
611 3172 641 3230 in
658 3171 766 3232 ordine
779 3171 899 3247 pinnas.

137 3254 175 3314 Et
192 3254 262 3313 leve
276 3269 333 3330 per
347 3254 399 3314 tini
414 3254 538 3315 vincum
551 3255 645 3316 nectit
659 3271 748 3332 opuS,

101 3337 222 3413 luraque
236 3353 314 3413 pars
328 3339 408 3400 ceris
422 3339 621 3415 adstringitur
635 3340 706 3415 igne
721 3341 840 3413 solutis,

139 3421 321 3499 Finitusque
336 3439 436 3484 novae
451 3424 512 3484 iam
526 3424 616 3484 labor
629 3424 703 3486 artis
717 3433 791 3489 erat

100 3486 257 3566 Tractabat
271 3523 435 3584 ceramque
449 3524 526 3585 puer
539 3510 714 3586 pinnasque
721 3488 887 3577 'renidens
