2467 4042
177 230 319 292 .xvm1.
343 229 432 310 [xm]
454 229 645 292 acottrm
667 230 862 296 too-rto.
984 233 1040 298 tot

104 384 158 447 Hie
172 385 258 457 taeit,
282 391 317 445 ut
330 382 435 446 iaeees
449 390 480 444 et
494 383 539 443 sis
554 391 700 459 suspecta
714 384 840 446 Dianae.
869 368 875 378 ⁵

144 470 233 531 Hune
247 475 296 540 tu,
318 465 487 544 siceotae,
504 466 596 527 timeo
613 468 701 528 edire
713 475 811 530 vetes.

53 554 167 617 ttoiioo
179 553 314 614 iaciente
328 552 496 614 subieram
507 565 605 612 ateva
620 551 757 627 periente
774 552 863 613 vitae.

143 640 246 713 Atque
259 636 378 697 utinam
392 651 448 713 pro
463 643 509 710 te,
529 634 583 710 qui
596 642 704 697 movet
710 637 782 709 itta,
803 637 907 698 oadott

106 723 196 797 Quem
212 721 240 782 si
253 721 445 797 reppulerit,
466 735 539 793 neo,
564 732 656 794 quem
670 720 730 780 dee
744 721 881 795 dannot,
901 723 1020 791 amaria

143 806 181 866 Et
192 812 226 866 tu
241 803 404 877 continuo,
428 811 512 865 oerto
523 818 583 879 ego
598 804 705 864 salvem
719 819 783 867 ero,

106 890 182 950 Siste
194 895 325 963 metum,
347 888 446 965 virgo.
465 887 568 949 stabili
578 888 703 964 -potiera
716 889 822 960 solute,

57 983 99 1037 tto
143 973 203 1035 Fae
217 974 315 1034 modo
332 972 456 1049 polliciti
472 971 600 1033 eonem
612 973 728 1049 tempto
742 975 838 1034 oetas.

108 1058 168 1123 tion
181 1059 265 1119 bove
279 1063 413 1119 maetam
428 1056 573 1118 eoelestia
586 1056 712 1118 numina
726 1059 870 1132 gaudem

145 1142 223 1216 Sed,
247 1157 332 1218 quae
345 1141 532 1218 praestando
546 1147 596 1202 eet
608 1147 640 1201 et
654 1141 724 1202 sioe
736 1148 831 1212 teste,
851 1142 921 1203 tide.

109 1227 143 1288 Ut
156 1227 280 1289 valeant
293 1226 388 1301 aliae,
411 1225 524 1286 tetrum
539 1224 695 1301 potiuntur
707 1232 738 1286 et
750 1226 854 1301 ignes:

144 1308 213 1372 Fert
225 1309 297 1370 aliis
310 1310 428 1370 tristem
442 1322 541 1371 euoua
550 1325 678 1371 amarae
690 1324 792 1387 opem.
914 1354 917 1359 >

61 1393 146 1458 mitit
161 1408 242 1471 opos
258 1400 308 1454 eat
321 1393 399 1456 tetis.
420 1399 537 1455 tantum
550 1393 686 1470 periuria
699 1395 771 1469 vito,

142 1478 247 1555 ioque
261 1477 355 1538 simul
369 1492 463 1539 serva
474 1493 587 1552 meque
598 1479 767 1554 mumque
781 1478 883 1539 iidem.
896 1514 899 1519 -

107 1561 285 1624 Prooemtaa
298 1562 420 1622 veniam
435 1560 520 1622 debit
531 1562 706 1638 ignorantia
717 1563 837 1639 outpae.

143 1646 332 1708 Exciderant
343 1646 445 1707 animo
459 1646 587 1707 foedera
600 1647 681 1708 leota
693 1653 757 1709 tuo.

107 1730 267 1793 Admonita
281 1744 318 1791 eo
333 1730 429 1792 modo
442 1744 522 1790 voee
534 1745 618 1805 meo,
640 1731 735 1791 mode
750 1730 874 1793 casibus
888 1730 964 1802 istis,

16 1808 17 1893 j
62 1822 99 1878 itt
144 1816 244 1891 Quos,
265 1814 409 1889 quotiens
423 1820 555 1889 temptat
570 1814 692 1888 tallere,
716 1816 796 1877 ferre
809 1817 903 1876 soles.

106 1900 155 1962 iiie
170 1913 301 1976 quoque
314 1898 418 1959 vitetis
432 1898 465 1958 io
477 1905 566 1975 partu
579 1914 691 1974 nempe
703 1900 839 1976 rogabis,

16 1992 18 2045 f
142 1982 248 2047 iit-tibi
263 1982 409 2044 luciferae
423 1980 534 2043 offeret
547 1982 600 2043 iiia
610 1990 741 2044 manust

107 2068 215 2131 Audiet
227 2068 323 2140 haee,
343 2073 487 2143 repetens
502 2082 583 2142 quae
597 2068 660 2127 sint
672 2068 784 2129 audita.
806 2067 941 2143 requiret

143 2153 229 2229 ipsa,
251 2150 307 2212 tibi
321 2151 363 2211 de
377 2167 443 2226 quo
455 2151 588 2227 oooirge
602 2159 782 2228 perterreat.

66 2242 99 2296 tte
106 2235 260 2298 Promittes
273 2241 414 2295 votum...
427 2236 487 2296 eoit
498 2241 531 2296 te
546 2236 721 2311 promittere
734 2237 824 2296 falso.

142 2319 294 2381 iurabis...
310 2318 369 2380 aeit
380 2324 413 2381 to
427 2320 533 2380 tallere
546 2335 645 2395 poem
659 2319 748 2380 deoe

108 2403 166 2466 iton
181 2404 284 2480 agitur
297 2403 340 2464 do
352 2417 413 2463 me
433 2418 508 2464 oure
519 2404 647 2465 meliore
662 2403 780 2465 laboro.

142 2488 244 2550 Anxia
259 2494 332 2550 sont
344 2487 426 2548 vitae
442 2492 570 2564 peotora
581 2495 689 2550 nostra
702 2493 784 2549 tuoe.

109 2572 161 2634 dur
174 2573 269 2635 modo
283 2579 315 2632 te
329 2570 454 2633 dubiem
468 2571 573 2647 pavidi
589 2571 706 2632 flevere
719 2579 873 2648 pereites,

67 2662 101 2714 too
142 2658 273 2733 Ignaros
287 2656 400 2731 ooipoa
412 2670 493 2730 quoe
507 2656 584 2717 teoto
599 2671 673 2718 osee
687 2662 779 2717 toret

108 2739 139 2801 itt
152 2757 206 2802 eur
219 2741 384 2817 ignoremt
418 2739 506 2800 Matri
521 2739 593 2803 tieet
607 2740 712 2802 omnia
724 2757 840 2801 narres.

142 2824 187 2885 iiii
201 2831 271 2899 tua,
292 2823 450 2902 Cydippe,
472 2823 553 2885 taeta
565 2825 687 2886 ruboris
702 2823 825 2885 habent.

110 2907 213 2970 ordine
226 2909 279 2969 tao
290 2910 425 2982 referte,
446 2913 481 2969 ot
494 2908 539 2969 aie
553 2909 626 2970 mihi
640 2910 764 2986 cognita
776 2910 929 2986 primum,-

144 2990 239 3055 Soora
254 2992 450 3069 pharetratae
462 2991 537 3054 dum
551 2992 629 3055 iaois
646 2993 717 3071 ipsa
731 2993 819 3068 deae,

69 3074 138 3137 aut
149 3085 180 3139 te
193 3083 365 3153 oonepeota
379 3075 496 3152 subito,
517 3076 545 3138 si
559 3077 638 3140 iorte
653 3078 775 3153 notasti,

141 3160 318 3224 Restiterim
332 3159 405 3227 ttxis
419 3158 451 3222 in
465 3166 519 3222 tua
531 3162 668 3223 membra
681 3162 780 3239 genis,

110 3241 150 3318 it,
169 3252 199 3307 te
215 3245 289 3307 dum
304 3245 428 3306 nimium
442 3245 573 3321 mirem..
588 3253 663 3308 nota
677 3253 761 3307 eerte
775 3247 885 3308 suroris
900 3292 918 3304 ..
935 3256 941 3263 ’

141 3329 319 3392 Deciderint
331 3328 468 3391 hunrerie
482 3329 575 3407 pettia
589 3332 680 3407 tepea
693 3330 787 3393 meis:

111 3409 265 3475 Postmodo
280 3414 388 3475 nermo
405 3429 467 3490 qua
482 3414 609 3477 veniere
622 3415 759 3477 volubile
774 3415 899 3488 malum*

71 3494 104 3550 ¹1⁰
141 3497 242 3559 Verba
256 3499 362 3561 tereos
377 3498 478 3559 doctis
492 3499 645 3561 insidiosa
659 3500 756 3562 notis:
