2467 4042
439 234 495 304 xi,
514 240 655 290 arr-rra.
781 254 862 290 mr,
988 236 1052 300 219

58 415 100 467 eo
117 404 164 464 At
190 402 309 464 Silenus
331 400 437 463 abest.
465 399 642 462 titubantem
667 400 811 480 annisque
834 419 976 481 meroque

115 490 286 553 Ruricolae
309 507 416 570 cepere
439 488 594 570 Phryges,
616 491 808 567 vinctumque
832 493 950 550 coronis

114 579 169 641 Ad
194 578 298 659 regem
321 578 432 639 duxere
455 576 576 658 Midan,
600 578 648 638 cui
671 576 816 638 Thracius
840 576 977 658 Orpheus

117 668 218 746 Orgia
240 666 404 739 tradiderat
426 683 494 727 cum
519 664 662 745 Cecropio
685 663 848 746 Eumolpo.

151 758 187 818 ui
209 754 299 816 simul
321 755 440 834 agnovit
462 755 576 814 socium
599 755 797 832 comitemque
821 771 992 837 sacrorum,

60 856 100 907 es
153 845 261 924 ospitis
285 841 412 904 adventu
435 842 545 904 festum
567 841 723 922 genialiter
745 844 806 921 egit

116 933 186 994 Per
208 932 256 993 bis
280 934 411 1011 quinque
434 930 498 991 dies
521 938 553 991 ct
574 933 692 991 iunctas
715 930 819 992 ordine
842 940 963 993 noctes.

117 1019 247 1082 Etiam
270 1019 423 1081 stellarum
446 1018 573 1080 sublimo
596 1027 735 1098 coegerat
757 1036 862 1098 agmen

119 1109 249 1170 Lucifer
271 1107 470 1188 undecimus,
492 1106 590 1186 Lydos
613 1124 683 1168 curn
705 1106 800 1168 laetus
823 1110 854 1168 in
877 1126 964 1187 agros

118 1198 191 1259 Rex
213 1198 318 1278 veuit,
340 1205 372 1257 et
392 1195 493 1256 iuveni
516 1194 650 1257 Silenum
672 1195 771 1256 reddit
793 1195 928 1258 alumno.

46 1297 104 1349 too
118 1286 205 1348 lluic
227 1283 304 1346 deus
325 1283 447 1364 optandi
469 1289 609 1364 gratum,
632 1283 684 1344 sed
707 1283 836 1366 inutile,
859 1285 930 1346 lecit

119 1375 261 1436 dhrueris
285 1371 462 1453 arbitrium,
485 1371 618 1450 gaudens
641 1372 735 1433 altore
757 1378 897 1451 recepto.

120 1462 180 1524 llle
192 1509 202 1543 ,
225 1460 301 1522 male
323 1478 436 1535 usurus
458 1459 567 1541 donis,
590 1462 632 1521 ait
654 1455 751 1522 ‘effice
763 1508 773 1543 ,
796 1461 937 1540 quicquid

122 1551 262 1630 Corpore
285 1551 438 1628 contigero
450 1595 460 1630 ,
483 1548 596 1610 fulvum
619 1555 753 1610 vertatur
774 1550 806 1609 in
829 1544 964 1610 aurum!

122 1639 241 1700 Annuit
264 1639 395 1718 optatio,
417 1638 612 1715 nocituraque
636 1654 761 1698 munera
783 1636 870 1698 solvit

51 1725 241 1807 ruatber,
265 1733 295 1787 et
316 1724 465 1807 indoluit,
489 1725 569 1803 quod
590 1742 651 1786 non
673 1725 796 1786 meliora
818 1727 959 1806 petisset.

123 1816 238 1877 Laetus
261 1812 324 1874 abit
345 1813 512 1892 gaudetque
536 1812 612 1874 rnalo
635 1812 830 1894 Berecyntius
852 1813 960 1876 herosz

122 1902 317 1981 Pollicitique
340 1901 428 1962 fldem
451 1901 599 1981 tangendo
623 1902 737 1981 singula
760 1908 901 1982 temptat.

126 1990 258 2069 [Virque
282 1989 339 2050 sibi
363 1989 512 2071 credens,
535 2007 595 2050 non
618 1989 675 2050 alta
699 1990 804 2051 lronde
827 1988 986 2068 virentem]

124 2080 199 2140 llice
223 2078 353 2139 detraxit
375 2080 509 2156 virgam:
531 2080 613 2157 virga
636 2096 726 2139 aurea
749 2078 824 2139 lacta
848 2086 911 2139 est.
964 2092 987 2132 r.
1003 2090 1051 2132 dx-

56 2181 110 2233 tto
125 2167 220 2228 Tollit
241 2167 332 2227 humo
357 2183 482 2227 saxum:
505 2183 609 2227 saxum
633 2184 752 2245 quoque
774 2166 880 2246 palluit
901 2184 991 2228 auro.

127 2256 261 2335 Contigit
283 2263 315 2315 et
336 2253 490 2334 glaebam:
513 2262 653 2315 contactu
676 2254 777 2334 glaeba
799 2257 915 2335 potenti

126 2343 224 2405 Massa
247 2344 302 2404 lit.
330 2350 448 2404 arentes
471 2340 590 2403 Cereris
613 2340 764 2423 decerpsit
786 2345 908 2404 aristas:

126 2434 228 2493 Aurea
250 2433 357 2492 messis
380 2439 464 2491 erat.
493 2431 646 2511 demptum
669 2439 752 2492 tenet
774 2429 880 2491 arbore
902 2449 1041 2511 pomum:

127 2518 310 2600 Hesperidas
333 2519 459 2579 donasse
481 2527 591 2599 putes.
620 2521 645 2580 si
668 2517 804 2599 postibus
827 2517 894 2580 altis

59 2621 112 2673 111
129 2608 268 2669 Admovit
291 2608 421 2688 digitos,
442 2614 545 2687 postes
567 2607 684 2668 radiare
708 2607 863 2669 videntur.

128 2695 182 2758 llle
206 2698 296 2758 etiam
317 2694 438 2774 liquidis
460 2695 572 2775 palmas
595 2694 647 2757 ubi
670 2694 781 2756 laverat
803 2696 909 2778 undis,

128 2783 216 2847 Unda
238 2783 334 2845 tluens
356 2783 462 2863 palmis
485 2782 605 2845 Danaen
628 2782 749 2845 eludere
771 2793 891 2864 posset.

129 2871 185 2934 Vix
208 2890 277 2952 spes
299 2875 363 2951 ipse
386 2889 456 2933 suas
478 2873 576 2933 auimo
599 2874 699 2955 capit,
723 2889 813 2933 aurea
834 2874 949 2953 tingens

132 2960 259 3022 Omnia.
287 2959 428 3039 gaudenti
449 2978 567 3022 mensas
590 2978 719 3041 posuere
742 2963 872 3022 ministri

61 3062 116 3114 120
131 3048 307 3111 Exstructas
330 3047 455 3128 dapibus
477 3067 534 3109 nec
556 3056 651 3110 tostae
674 3049 769 3128 frugis
792 3059 931 3129 egentes:

130 3137 209 3199 'lum
232 3155 326 3218 vero,
349 3139 410 3197 sive
433 3136 482 3197 ille
505 3155 558 3198 sua
582 3135 715 3199 Cerealia
738 3137 843 3199 dextra

130 3226 255 3287 llunera
277 3226 463 3307 contigerat,
487 3224 618 3287 Cerealia
640 3226 717 3287 dona
739 3226 897 3306 rigebant3

133 3313 200 3375 Sive
223 3312 314 3393 dapes
337 3313 422 3376 avido
446 3313 611 3375 convellere
636 3314 725 3375 dente
747 3314 886 3394 parabat,

131 3400 284 3463 Lammina
306 3402 385 3463 fulva
407 3403 520 3483 dapes,
543 3401 660 3464 admoto
684 3403 795 3482 deute,
817 3399 971 3483 premebat

62 3502 118 3555 111
131 3489 293 3552 lliscuerat
313 3492 398 3571 puris
421 3499 574 3552 auctorem
596 3494 731 3553 muueris
754 3490 860 3553 undis:

131 3577 231 3640 Fusile
253 3597 309 3660 per
331 3581 425 3641 rictus
449 3597 555 3642 aurum
577 3579 694 3642 lluitare
717 3578 833 3641 videres
