2467 4042
307 184 430 252 186
680 203 864 242 ursus
1128 184 1481 241 METAMM.

478 353 595 416 Vos
642 356 819 417 etiam
844 401 864 436 ,
911 370 1147 433 quoque
1192 352 1307 414 hoc
1352 356 1547 416 animo
1592 355 1835 418 meliore
1881 357 2109 440 feratiS,

314 479 357 515 .·.
473 438 569 505 Me
617 460 852 524 quoque
899 442 1016 504 fata
1045 450 1320 550 ·1·.egunt
1376 462 1524 524 quae
1572 446 1626 506 si
1668 453 1900 508 mutare
1947 447 2203 529 valerem,

347 540 450 598 435
478 532 600 596 Nec
629 541 898 597 nostrum
944 535 1062 596 seri
1109 541 1425 596 curvarent
1467 532 1701 595 Aeacon
1744 537 1885 597 anni
1899 583 1919 618 ,

477 624 960 706 Perpetuumque
1007 626 1134 685 aevi
1177 622 1388 686 ssorem
1431 622 1912 686 Rhadamanthus
1956 623 2182 685 haberet

481 713 630 776 Cum
675 712 869 774 Minoe
917 731 1049 775 meo
1075 760 1096 796 ,
1143 716 1247 794 qui
1289 721 1536 795 propter
1581 732 1778 775 amara
1822 721 2090 775 senectae

476 801 747 864 Pondera
794 802 1163 885 despicitur,
1208 820 1321 864 nec
1368 821 1484 882 quo
1527 805 1697 883 prius
1742 802 1951 864 ordine
1994 794 2231 881 regnat?

478 889 647 952 Dicta
691 889 844 952 Iovis
889 909 1130 952 movere
1176 891 1365 973 deos3
1410 909 1522 953 nec
1568 893 1826 954 sustinet
1869 890 2059 973 ullm,

346 989 450 1041 440
480 978 628 1042 Cum
672 979 867 1041 videat
909 980 1100 1041 fessos
1146 979 1630 1042 Rhadamanthon
1676 988 1740 1042 et
1781 980 2015 1042 Aeacon
2059 981 2213 1040 annis

478 1067 555 1130 Et
598 1067 794 1129 Minoa
817 1116 837 1150 ‚
883 1070 1097 1148 queri.
1153 1071 1259 1147 qui
1282 1116 1302 1150 ‚
1348 1069 1490 1131 dum
1536 1069 1648 1131 suit
1690 1071 1924 1149 integer
1969 1070 2124 1149 aevi,

478 1157 804 1218 Terruerat
846 1174 1086 1236 magnas
1132 1158 1262 1237 ipso
1310 1176 1548 1238 quoque
1593 1159 1834 1220 nomine
1878 1164 2120 1240 gentes,

478 1245 647 1307 Tunc
693 1253 821 1306 erat
864 1245 1152 1307 invalidus
1177 1292 1196 1326 ‚
1242 1244 1690 1326 Deionidenque
1736 1248 2011 1308 iuventae

479 1333 716 1395 Robore
760 1333 1027 1396 Miletum
1071 1333 1434 1414 Phoeboque
1478 1343 1725 1415 parente
1771 1334 2099 1415 superbum

347 1433 450 1484 445
481 1422 840 1505 Pertimuit,
885 1423 1256 1502 credensque
1301 1426 1426 1485 suis
1471 1425 1783 1504 insurgere
1828 1426 2032 1504 regnis
2047 1471 2067 1505 ‚

478 1510 648 1573 Haud
692 1519 890 1573 tamen
936 1520 1028 1573 est
1071 1514 1279 1590 patriis
1325 1529 1530 1574 arcere
1573 1511 1889 1593 penatibus
1936 1529 2117 1573 ausus
2133 1557 2149 1573 .

482 1600 705 1680 Sponte
751 1600 908 1680 fugis
932 1648 952 1682 ‚
996 1599 1194 1661 Milete
1219 1647 1241 1683 ,
1286 1608 1388 1662 tua
1412 1649 1429 1682 ‚
1478 1599 1776 1680 celerique
1823 1601 2025 1662 carina

479 1688 736 1768 Aegaeas
781 1690 1011 1750 metiris
1057 1706 1239 1769 aquas
1264 1736 1283 1770 ‚
1330 1697 1393 1751 et
1434 1691 1497 1749 in
1540 1689 1717 1752 Aside
1763 1697 1925 1751 terra

479 1776 711 1838 Moenia
755 1779 1067 1839 constituis
1112 1779 1395 1859 positoris
1438 1775 1714 1840 habentia
1758 1795 1978 1838 nomen
1998 1825 2013 1840 .

344 1876 452 1928 450
479 1865 590 1927 Hic
636 1864 746 1927 tibi
771 1913 789 1947 ,
836 1865 976 1927 dum
1023 1869 1296 1944 sequitur
1340 1867 1567 1946 patriae
1615 1868 1954 1928 curvamina
1999 1868 2201 1946 ripae,

479 1954 626 2016 Filia
670 1952 970 2015 Maeandri
1014 1957 1232 2017 totiens
1278 1954 1583 2017 redeuntis
1631 1954 1841 2016 eodem

482 2043 727 2122 Cognita
776 2041 1004 2122 Cyanee
1029 2091 1049 2126 ,
1094 2045 1420 2123 praestanti
1466 2061 1717 2123 corpora
1761 2043 1949 2105 forma
1966 2090 1986 2123 ,

481 2128 724 2212 Byblida
769 2149 903 2194 cum
950 2130 1150 2193 Cauno
1175 2179 1195 2214 ,
1239 2130 1469 2210 prolem
1515 2139 1607 2192 est
1652 2133 1823 2193 enixa
1866 2130 2209 2210 gemellam.

481 2219 679 2302 Byblis
724 2221 786 2281 iu
834 2219 1099 2301 exemplo
1147 2228 1284 2301 est,
1328 2226 1399 2280 ut
1442 2227 1641 2281 ament
1686 2237 1968 2282 concessa
2012 2219 2279 2299 puellae.
2265 2238 2281 2254 ·

351 2322 453 2370 455
489 2309 681 2390 l÷3hlis
727 2307 1016 2388 Apollinei
1063 2314 1338 2389 correpta
1384 2307 1660 2389 cupidine
1705 2308 1907 2370 fratris

485 2402 613 2458 hon
660 2414 832 2459 soror
878 2405 947 2458 ut
991 2397 1281 2478 fratrem,
1328 2414 1439 2457 nec
1486 2415 1602 2476 qua
1647 2395 1941 2479 debebat,
1985 2398 2239 2459 amavit.

489 2486 585 2546 llla
630 2485 869 2565 quidem
912 2487 1103 2565 primo
1151 2485 1346 2547 nullos
1391 2485 1681 2565 intellegit
1723 2488 1927 2567 igneS,

485 2576 606 2634 hec
650 2591 897 2654 peccare
944 2581 1156 2656 putat,
1204 2573 1363 2654 quod
1408 2576 1645 2653 saepius
1690 2573 1890 2635 oscula
1934 2575 2181 2656 iungat,

489 2663 655 2734 Ψιιῡᾶ
703 2680 811 2723 sua
856 2662 1119 2724 fraterno
1168 2661 1499 2724 circumdet
1540 2660 1818 2723 bracchia
1862 2660 2048 2743 collo;

357 2766 453 2810 ιιιῑιιι
489 2751 866 2831 mendacique
914 2751 1014 2813 diu
1058 2753 1298 2831 pietatis
1344 2750 1565 2812 fallitur
1611 2750 1856 2812 umbra.

493 2840 774 2901 Paulatim
819 2839 1073 2900 declinat
1117 2857 1327 2900 amor:
1372 2841 1688 2918 visuraque
1735 2839 1981 2901 fratrem

489 2930 655 2990 tss‘ulta
700 2928 902 3009 venit,
949 2929 1316 3006 nimiumque
1362 2929 1528 3007 cupit
1571 2927 1829 2988 formosa
1873 2926 2098 2990 videri:

489 3018 561 3078 Ιίι
607 3018 777 3096 siqua
822 3024 914 3077 est
957 3016 1078 3076 illic
1123 3017 1440 3078 formosior
1469 3063 1489 3098 ,
1532 3015 1756 3077 invidet
1799 3015 1919 3077 illi.

493 3106 605 3166 fied
650 3104 913 3166 nondum
960 3105 1269 3166 manifesta
1316 3103 1430 3165 sibi
1475 3112 1570 3166 est
1592 3151 1610 3183 ,
1655 3103 2004 3184 nullumque
2060 3101 2175 3166 sub
2234 3103 2329 3165 illo

357 3206 457 3254 aas}
493 3198 627 3268 {gne
673 3193 814 3254 facit
860 3200 1106 3255 votum:
1150 3201 1559 3255 verumtamen
1606 3199 1836 3254 aestuat
1879 3195 2042 3254 intus
2064 3239 2080 3254 .

493 3286 606 3342 lam
653 3281 956 3343 dominum
1004 3281 1259 3362 appellat
1281 3329 1300 3363 ‚
1346 3283 1463 3342 iam
1515 3282 1754 3343 nomina
1810 3282 2116 3361 sanguinis
2173 3280 2331 3343 odit:

489 3369 727 3450 Byblida
774 3372 889 3431 iam
934 3369 1197 3451 mavult,
1245 3388 1419 3449 quarn
1466 3387 1532 3430 se
1576 3378 1748 3431 vocet
1791 3369 1891 3430 ille
1936 3386 2250 3432 sororem.

493 3462 639 3538 Spes
686 3467 882 3519 tamen
930 3457 1218 3519 obscenas
1268 3461 1461 3518 animo
1510 3458 1823 3520 demittere
1868 3476 1989 3518 non
2037 3467 2131 3519 est

489 3550 643 3606 Ausa
689 3563 797 3607 suo
844 3545 1090 3625 vigilans
1118 3592 1133 3607 .
1187 3545 1416 3627 placida
1463 3545 1724 3608 resoluta
1768 3547 1968 3626 quiete
