2467 4042
350 183 481 253 208
743 203 957 242 uma
1221 184 1549 240 METAMM
1565 227 1580 242 .

524 351 760 433 Perque
806 368 1019 413 novem
1061 358 1269 413 noctes
1314 368 1594 415 venerem
1638 361 1954 436 tactusque
2002 355 2217 419 viriles

394 450 499 504 436
526 440 596 504 ln
640 442 840 503 vetitis
883 447 1202 502 numerant
1227 486 1243 502 .
1300 439 1476 502 turha
1521 439 1844 504 Cenchreis
1889 446 1955 505 in
1999 444 2100 505 illa
2118 493 2139 526 ‚

524 529 706 610 Regis
751 529 920 591 adest
963 529 1220 590 coniunx
1245 575 1265 610 ,
1311 545 1641 610 arcanaque
1687 549 1857 593 sacra
1900 533 2301 612 frequentat.

527 617 685 698 Ergo
730 617 989 697 legitima
1033 634 1255 678 vacuus
1301 616 1445 679 dum
1489 619 1742 700 coniuge
1787 620 1982 683 lectus
1998 669 2019 704 ‚

526 706 710 768 Nacta
756 723 995 785 gravem
1038 706 1176 768 vino
1221 703 1498 786 Cinyram
1543 706 1695 769 male
1741 707 1948 771 sedula
1992 712 2209 772 nutrix
2226 757 2246 793 ,

524 794 775 857 Nomine
819 796 1069 857 mentito
1094 841 1114 877 ,
1158 811 1333 855 veros
1380 796 1622 875 exponit
1666 813 1899 859 amores
1914 845 1934 881 ,

393 895 500 948 440
525 882 605 946 Et
647 883 858 945 faciem
903 881 1103 944 laudat
1129 928 1144 944 .
1200 885 1487 962 quaesitis
1531 885 1779 964 virginis
1799 917 1804 922 ·
1824 886 1996 948 annis

527 967 713 1035 “Par’
748 973 833 1034 ait
867 966 985 1032 ‘est
1017 968 1290 1052 Myrrhae
1318 965 1383 1032 .”
1429 988 1608 1052 quam
1641 979 1958 1054 postquam
1995 974 2316 1039 adducam

2038 1066 2216 1126 iussa
2259 1075 2369 1126 est

526 1149 722 1231 thue
767 1147 1010 1211 domum
1054 1148 1233 1211 rediit
1256 1195 1277 1232 ‚
1324 1143 1561 1229 “gaude
1585 1196 1606 1233 ‚
1650 1145 1805 1213 mea'
1850 1150 2001 1214 dixit
2044 1147 2328 1216 ‘ultuma
2346 1174 2367 1216 ε
2385 1113 2404 1147 ’

525 1237 788 1302 Vicimus
817 1233 882 1300 .''
926 1237 1132 1315 infelix
1177 1254 1300 1299 non
1344 1245 1472 1300 toto
1516 1246 1762 1319 pectore
1808 1242 1993 1303 sentit

525 1326 836 1390 Laetitiam
879 1329 1046 1406 virgo
1071 1373 1091 1409 ,
1132 1343 1537 1407 praesagaque
1581 1335 1825 1408 pectora
1869 1337 2144 1391 maerent
2160 1377 2183 1412 ,

395 1425 499 1478 445
529 1415 647 1478 Sed
691 1423 891 1477 tamen
938 1423 1000 1476 et
1041 1414 1303 1497 gaudet:
1346 1421 1510 1477 tanta
1556 1423 1649 1477 est
1693 1416 1988 1479 discordia
2032 1420 2260 1480 mentis
2281 1466 2298 1480 .

527 1505 789 1585 Tempus
835 1511 966 1566 erat
988 1550 1008 1586 ‚
1053 1521 1173 1583 quo
1219 1510 1436 1565 cuncta
1482 1502 1703 1586 silent3
1746 1507 2024 1586 interque
2070 1505 2345 1570 Triones

526 1593 801 1656 Flexerat
844 1591 1084 1671 obliquo
1128 1591 1463 1672 plaustrum
1507 1599 1745 1654 temone
1790 1591 2010 1656 Bootes
2028 1641 2044 1656 .

528 1681 614 1744 Ad
660 1682 892 1744 facinus
937 1682 1098 1742 venit
1142 1679 1243 1742 illa
1287 1689 1464 1742 suum
1491 1727 1506 1742 .
1565 1681 1718 1761 fugit
1760 1699 1943 1744 aurea
1987 1681 2155 1745 caelo

527 1770 694 1833 Luna
719 1817 739 1853 ,
782 1777 995 1850 tegunt
1037 1770 1243 1849 nigrae
1286 1767 1574 1831 latitantia
1619 1766 1816 1831 sidera
1858 1769 2088 1833 nubes:

394 1871 500 1923 450
526 1860 654 1922 Nox
701 1867 865 1920 caret
909 1861 1046 1939 igne
1093 1875 1202 1919 suo
1230 1903 1247 1918 .
1300 1859 1532 1938 primus
1577 1859 1729 1938 tegis
1754 1906 1774 1941 ‚
1819 1857 1983 1921 Icaro
2008 1907 2031 1942 ,
2074 1859 2279 1923 vultus
2298 1909 2321 1943 ,

525 1948 904 2031 Erigoneque
948 1948 1048 2027 pio
1095 1953 1324 2008 sacrata
1367 1948 1632 2026 parentIs
1675 1964 1875 2008 amore
1894 1994 1910 2011 .

527 2037 648 2099 Ter
691 2035 862 2117 pedis
908 2036 1120 2096 offensi
1163 2037 1333 2115 signo
1381 2041 1475 2097 est
1517 2043 1791 2098 revocata
1813 2082 1834 2117 ‚
1877 2042 1974 2098 ter
2019 2053 2201 2098 omen

529 2126 838 2190 Funereus
883 2122 1042 2186 hubo
1087 2122 1249 2185 letali
1294 2125 1555 2184 carmine
1599 2123 1745 2185 fecit
1760 2170 1776 2185 .

529 2214 582 2278 lt
622 2220 822 2277 tamen
847 2260 868 2297 ‚
912 2220 974 2274 et
1016 2211 1298 2273 tenchrae
1327 2213 1605 2273 minuunt
1630 2230 1867 2293 noxque
1891 2220 2023 2275 atra
2047 2213 2379 2295 pudorem:

401 2318 501 2362 455
531 2303 914 2383 'Nutricisque
960 2317 1202 2363 manum
1245 2299 1408 2362 laeva
1452 2308 1662 2382 tenet,
1707 2300 1890 2363 altera
1926 2310 2091 2364 motu

533 2391 785 2455 Caecum
829 2393 947 2452 iter
992 2389 1258 2470 explorat
1285 2435 1299 2450 .
1354 2387 1595 2450 thalami
1637 2390 1754 2452 iam
1798 2388 2003 2452 limina
2048 2392 2272 2472 tangit,

533 2482 769 2560 Iamque
815 2480 975 2540 fores
1022 2480 1214 2559 aperit
1236 2524 1257 2558 ,
1300 2478 1417 2538 iam
1463 2476 1703 2539 ducitur
1746 2480 1909 2540 intus
1937 2525 1952 2540 .
2009 2487 2070 2542 at
2110 2479 2201 2540 illi

533 2568 760 2650 Poplite
807 2566 1090 2631 succiduo
1135 2583 1330 2646 genua
1371 2567 1739 2629 intremuere
1764 2615 1784 2649 ,
1829 2566 2100 2648 fugitque

533 2657 608 2720 Et
652 2656 815 2719 color
861 2664 923 2718 et
967 2657 1208 2736 sanguis
1231 2702 1252 2737 ‚
1296 2656 1649 2736 animusque
1692 2655 1982 2735 relinquit
2025 2664 2298 2719 euntem.

401 2762 505 2810 φῇς]
533 2747 784 2827 Quoque
811 2763 922 2807 suo
948 2746 1195 2826 propior
1221 2742 1434 2804 sceleri
1463 2751 1556 2805 est
1578 2789 1599 2826 ‚
1633 2745 1819 2824 magis
1857 2743 2103 2827 horret,
2138 2753 2204 2807 et
2246 2748 2369 2808 ausi

533 2836 802 2898 Paenitet
824 2881 844 2917 ,
891 2841 953 2895 et
994 2831 1173 2894 vellet
1215 2848 1337 2893 non
1383 2833 1620 2912 cognita
1664 2849 1840 2912 posse
1885 2835 2112 2895 reverti
2129 2880 2145 2895 .

537 2924 926 2986 Cunctantem
950 2921 1252 3002 ·longaeva
1297 2937 1476 2982 manu
1520 2919 1762 2982 deducit
1784 2968 1804 3001 ,
1849 2928 1913 2983 et
1957 2921 2076 2982 alto

537 3012 841 3074 Admotum
886 3009 1041 3073 lecto
1086 3027 1225 3072 cum
1272 3008 1536 3071 traderet
1558 3056 1578 3091 ‚
1624 3004 1873 3088 “accipe
1899 3003 1945 3091 ‚³
1990 3009 2139 3071 dixit

537 3098 677 3162 *ista
719 3108 822 3162 tua
868 3108 963 3160 est
986 3147 1005 3182 ,
1051 3093 1314 3179 Cinyra''
1359 3097 1688 3178 devotaque
1732 3115 1986 3177 corpora
2030 3099 2226 3161 iunxit
2241 3147 2255 3161 .

405 3202 509 3250 ψεῖ-ὓ
537 3190 764 3270 Accipit
810 3186 1066 3249 obsceno
1113 3188 1349 3267 genitor
1394 3203 1501 3247 sua
1544 3187 1773 3248 viscera
1817 3186 1975 3248 lecto
1989 3234 2012 3268 ,

533 3277 961 3358 virgineosque
1007 3283 1202 3337 metus
1247 3274 1443 3356 levat,
1487 3274 1878 3354 hortaturque
1925 3276 2267 3339 timentem.

533 3367 804 3428 Forsitan
850 3367 1058 3426 aetatis
1104 3381 1343 3444 quoque
1388 3364 1627 3425 nomine
1674 3357 1893 3424 “tilia’'
1938 3362 2124 3427 dixit:

537 3454 692 3516 Dixit
736 3461 798 3516 et
839 3453 937 3516 illa
983 3448 1200 3533 “pater
1222 3447 1293 3535 ‚”
1338 3450 1552 3513 sceleri
1595 3469 1674 3513 ne
1718 3453 1954 3512 nomina
2002 3452 2229 3515 desint.

533 3541 712 3604 Plena
755 3545 942 3622 patris
987 3540 1259 3602 thalamis
1304 3539 1539 3604 excedit
1560 3587 1581 3624 ,
1626 3547 1688 3602 ot
1728 3541 1908 3622 impia
1952 3540 2087 3602 diro
