2467 4042
1034 575 1800 670 EPISTULAE.

564 980 740 1072 Hanc
770 1018 876 1073 tua
901 1010 1210 1086 Penelope
1240 1011 1403 1071 lento
1433 1012 1539 1072 tibi
1570 1010 1771 1082 mittit,
1815 1008 2014 1071 Ulixe.

644 1097 738 1156 Nil
767 1094 913 1154 mihi
942 1095 1272 1155 rescribas,
1318 1102 1380 1155 at
1407 1102 1606 1156 tamen
1638 1094 1778 1170 ipse
1807 1093 1968 1152 veni.

564 1181 741 1240 Troia
770 1181 929 1239 iacet
957 1187 1152 1252 certe,
1196 1179 1427 1240 Danais
1466 1179 1673 1240 invisa
1695 1178 1940 1256 puellis.

648 1265 770 1323 Vix
799 1261 1076 1323 Priamus
1107 1263 1257 1322 tanti
1286 1270 1541 1339 totaque
1567 1263 1749 1323 Troia
1777 1262 1907 1323 fuit.

512 1364 536 1408 5
568 1348 612 1400 s}
644 1349 871 1409 utinam
900 1352 1026 1408 tum
1041 1393 1058 1422 ,
1100 1361 1239 1407 cum
1268 1347 1738 1409 Lacedaemona
1767 1349 1968 1407 classe
1998 1346 2269 1422 petebat,
2366 1394 2378 1400 -

652 1432 915 1492 Obrutus
948 1431 1181 1491 insanis
1210 1439 1383 1494 esset
1410 1430 1646 1492 adulter
1671 1430 1881 1505 aquis!

572 1520 695 1576 Non
727 1531 845 1590 ego
876 1514 1125 1575 deserto
1157 1515 1486 1576 iacuissem
1518 1515 1739 1591 frigida
1767 1516 1944 1585 lecte,

648 1601 779 1659 Non
814 1614 1107 1673 quererer
1132 1598 1348 1659 tardos
1381 1600 1470 1659 ire
1499 1601 1709 1659 relicta
1745 1598 1913 1658 dies:

568 1688 687 1744 Nec
717 1682 860 1742 mihi
893 1683 1209 1757 quaerenti
1240 1683 1579 1759 spatiosam
1610 1683 1820 1743 fallere
1845 1687 2086 1741 noctem

490 1784 544 1828 m
656 1770 981 1828 Lassasset
1009 1766 1230 1827 viduas
1260 1767 1532 1842 pendula
1559 1768 1682 1828 tela
1710 1781 1947 1825 manus.
2004 1832 2012 1838 ‚

568 1851 820 1924 Quando
853 1866 969 1926 ego
1002 1866 1125 1910 non
1154 1850 1326 1910 timui
1355 1851 1639 1925 graviora
1672 1850 1948 1926 pericula
1972 1850 2137 1911 veris
2154 1858 2184 1907 2

648 1939 771 1996 Res
802 1943 900 1995 est
930 1933 1172 1994 solliciti
1203 1937 1389 2010 plena
1420 1934 1654 1995 timoris
1688 1950 1880 1994 amor.

572 2024 628 2080 in
664 2027 722 2080 te
753 2018 1061 2095 fingebam
1089 2019 1396 2079 violentos
1423 2017 1616 2079 Troas
1645 2019 1858 2079 ituros.

648 2103 904 2162 Nomine
933 2104 991 2162 in
1025 2103 1330 2163 Hectoreo
1360 2101 1590 2177 pallida
1619 2118 1865 2178 semper
1893 2117 2078 2162 eram.

490 2200 544 2248 ιέι
572 2188 716 2248 Sive
748 2187 885 2263 quis
920 2185 1311 2248 Antilochum
1340 2186 1629 2246 narrabat
1655 2186 1733 2246 ab
1760 2186 2026 2247 Hectore
2057 2185 2307 2260 victum,

648 2270 1012 2332 Antilochus
1041 2269 1235 2330 nostri
1267 2285 1458 2330 causa
1485 2270 1722 2330 timoris
1755 2276 1916 2349 erat:

568 2356 737 2426 alive,
776 2354 1205 2416 Menoetiaden
1237 2354 1412 2414 falsis
1437 2352 1745 2415 cecidisse
1773 2349 1896 2414 sub
1922 2354 2125 2424 armis,

648 2438 893 2498 Flebam
925 2453 1228 2499 successu
1260 2454 1451 2512 posse
1480 2452 1690 2499 carere
1720 2436 1934 2498 dolosa

568 2523 874 2597 Sanguine
902 2523 1291 2597 Tlepolemus
1319 2522 1570 2600 Lyciam
1605 2523 1981 2598 tepefecerat
2007 2522 2274 2596 hastam,

484 2620 548 2668 un
654 2607 985 2681 Tlepolemi
1013 2607 1134 2666 leto
1166 2621 1313 2666 cura
1343 2612 1571 2665 novata
1598 2621 1737 2665 mea
1766 2612 1880 2665 est.

568 2690 871 2765 Denique,
920 2690 1201 2765 quisquis
1233 2697 1363 2749 erat
1391 2690 1610 2750 castris
1640 2689 1946 2764 iugulatus
1977 2690 2259 2765 AchiviS‚

652 2772 949 2849 Frigidius
981 2772 1178 2848 glacie
1205 2780 1423 2849 pectus
1455 2774 1716 2833 amantis
1744 2779 1896 2834 erat.

568 2858 690 2916 aad
724 2856 884 2917 bene
914 2856 1223 2917 consuluit
1252 2863 1424 2919 casto
1455 2857 1610 2918 deus
1642 2873 1882 2934 aequus
1913 2859 2125 2918 amori.

652 2943 852 3002 Versa
878 2942 1059 3001 estin
1093 2941 1335 3002 cineres
1365 2942 1603 3016 sospite
1626 2941 1807 3002 Troia
1835 2941 1986 3001 viro.

480 3036 544 3084 Ἓξ.
576 3025 838 3100 Argolici
864 3026 1104 3085 rediere
1127 3025 1346 3085 duces.
1391 3027 1603 3085 altaria
1633 3024 1893 3086 fumante

652 3108 898 3170 Ponitur
924 3110 1003 3169 ad
1034 3108 1269 3184 patrios
1296 3107 1561 3169 barbara
1587 3110 1823 3184 praeda
1852 3109 2028 3170 deos,

571 3196 752 3253 Grata
785 3193 990 3252 ferunt
1013 3191 1326 3271 nymphae
1353 3208 1468 3268 pro
1501 3192 1694 3253 salvis
1723 3192 1890 3254 dona
1916 3191 2181 3254 maritis=

652 3278 739 3336 Illi
768 3276 933 3336 victa
962 3276 1092 3337 suis
1121 3276 1341 3336 Troica
1374 3276 1499 3335 fata
1526 3284 1771 3338 canunt.

568 3360 859 3421 Mirantur
886 3360 1154 3436 iustique
1183 3375 1370 3421 senes
1398 3360 1802 3438 trepidaeque
1834 3361 2107 3437 puellae=

488 3456 552 3504 ὃς]
656 3444 965 3504 'Narrantis
997 3444 1268 3505 coniunx
1295 3443 1527 3519 pendet
1551 3443 1630 3504 ab
1659 3462 1768 3506 ore
1795 3445 1930 3505 viri.

576 3532 773 3601 :itque
799 3525 1021 3601 aliquis
1052 3526 1257 3602 posita
1282 3534 1581 3587 monstrat
1608 3529 1737 3587 sera
1765 3529 1997 3604 praelia
2029 3543 2271 3592 mensa.
