2467 4042
329 239 384 313 111,
400 235 434 315 7,
450 236 600 312 45-8,
615 236 667 300 35.

104 393 173 453 Neve
189 409 260 453 suae
273 400 404 469 possent
423 393 567 453 intactam
586 391 667 451 seire
682 391 855 468 ministrae,

135 478 263 538 Dedecus
278 477 338 538 hoo
354 483 476 552 sumpta
491 476 697 536 dissimulavit
710 492 805 552 aqua.

65 610 84 703 8
104 612 138 706 Et
150 645 307 722 quisquam‘
316 644 467 720 ingenuas
483 647 659 707 etiamnuno
673 646 803 722 suscipit
819 657 916 721 artes,

135 732 187 791 Aut
199 737 333 791 tenerum
349 730 439 790 dotes
454 744 579 790 carmen
596 729 712 791 habere
728 737 835 807 putati

103 814 236 890 Ingenium
253 814 408 891 quondam
424 815 523 878 fuerat
538 814 707 890 pretiosius
723 828 809 875 auro.

135 901 169 958 nt
180 914 254 959 nuno
270 898 413 959 barbaria
427 906 476 961 est
490 899 634 974 modis,
656 898 772 959 habere
788 899 872 960 nihil.

84 983 164 1046 tcum
175 983 294 1060 pulchre
312 983 457 1045 dominae
470 983 569 1044 nostri
582 983 728 1059 placuere
737 983 853 1058 iibeiii,

137 1067 191 1143 Quo
205 1068 285 1128 licuit
299 1068 401 1141 libris,
424 1085 487 1129 non
500 1068 572 1128 iicet
585 1067 631 1128 ire
647 1068 729 1128 mihi.
790 1087 792 1090 ⁴

103 1152 162 1213 Cum
178 1152 249 1213 bene
262 1152 413 1228 laudavit,
435 1153 561 1214 laudato
579 1152 672 1212 ianua
687 1152 794 1214 oiausu
810 1160 872 1214 este

135 1235 258 1312 Turpiter
273 1236 335 1297 hue
351 1237 423 1298 iiiuc
437 1237 618 1313 ingeniosos
633 1252 682 1297 eo.

39 1348 40 1409 p
102 1319 176 1394 ioue,
195 1335 301 1382 reeens
315 1321 404 1382 dives
419 1329 507 1398 parto
527 1338 583 1398 per
600 1321 729 1381 vulnera
743 1336 839 1382 oensu

39 1454 40 1475 2
77 1414 97 1466 tt
136 1404 293 1467 Praefertur
306 1406 398 1466 nobis
413 1406 565 1482 sangnine
579 1413 688 1481 pastus
704 1421 812 1481 eques.

39 1478 40 1541 i
102 1489 169 1550 iluna
185 1498 267 1566 potes
284 1491 427 1567 ampiecti
443 1490 628 1563 formonsis,
651 1489 729 1564 vita,
750 1491 896 1553 lacertist

131 1573 214 1635 Huius
228 1574 258 1634 in
274 1577 435 1652 amplexu,
458 1577 536 1650 vita,
558 1576 662 1636 iacere
678 1581 789 1652 potest

102 1654 125 1716 Si
137 1658 245 1735 reseis,
268 1666 360 1736 eaput
374 1659 435 1719 hoo
447 1661 568 1736 galeam
582 1665 708 1737 portare
722 1658 860 1721 solebam

130 1741 199 1804 Ense
212 1744 291 1805 latus
307 1744 458 1817 uinctum,
482 1744 569 1820 quod
587 1744 640 1804 tibi
655 1744 766 1816 servit,
790 1744 864 1805 enat.

39 1872 40 1891 2
78 1824 182 1887 itinera
194 1843 317 1902 manus,
341 1829 390 1889 oui
406 1844 485 1888 nune
501 1844 605 1890 serum
624 1830 703 1889 maie
719 1828 864 1890 convenit
878 1845 994 1905 aurum,

131 1909 209 1972 Souta
222 1912 297 1973 tulit
329 1912 468 1973 dextram
482 1920 590 1989 tange,
611 1920 737 1973 eruenta
752 1912 819 1974 init.

39 1992 40 2053 Ϊ
101 1992 148 2067 Qua
161 1997 244 2071 periit
258 1994 388 2072 uliquis,
413 2005 502 2073 potes
516 1997 597 2057 hano
614 1999 794 2073 contingere
810 1998 970 2062 dextram?

39 2074 40 2131 ἶ
129 2079 196 2154 Heu,
218 2081 270 2142 ubi
286 2080 430 2143 mottiues
447 2081 583 2157 pectoris
601 2078 653 2142 illa
670 2082 738 2142 tuit

40 2186 45 2229 t
101 2161 172 2224 ierne
183 2165 356 2238 cicatrices,
378 2165 490 2226 veteris
507 2167 636 2242 vestigia
651 2178 783 2242 pugnae.
880 2188 900 2225 ο

40 2232 41 2301 i
76 2252 96 2304 to
132 2247 294 2322 Quaesitum
311 2256 359 2311 est
372 2250 418 2310 ilii
430 2254 576 2328 corpore,
600 2250 863 2327 quioquidhuiret

100 2328 210 2394 Forsitan
223 2342 268 2411 et,
293 2333 437 2409 quotiens
454 2333 610 2396 hominem
630 2335 828 2411 iugulaverit,
851 2336 902 2397 iiie

128 2416 236 2480 inditet.
270 2418 330 2479 hoo
345 2420 448 2480 iussas
465 2419 582 2495 tangis,
605 2434 714 2496 avara,
738 2434 862 2494 mantis,

99 2497 135 2559 ille
146 2516 195 2577 ego
209 2502 368 2565 tonsarum
383 2516 479 2579 purus
494 2503 675 2580 Phoebique
687 2506 838 2566 sacerdos

126 2586 166 2645 Ad
177 2587 296 2664 rigidas
310 2595 400 2648 canto
418 2602 540 2648 namen
559 2588 651 2649 inune
669 2590 775 2651 forest

75 2663 200 2746 niune,
222 2672 274 2748 qui
290 2672 415 2748 sapitis,
440 2688 503 2734 non
520 2689 601 2748 quae
615 2688 674 2734 nos
691 2675 807 2736 seimus
823 2675 945 2749 inertes,

125 2750 176 2814 Sed
192 2757 328 2834 trepidas
343 2758 428 2817 unies
447 2763 477 2817 et
492 2758 558 2818 iera
573 2765 675 2818 castra
690 2758 796 2834 seqlsst

98 2831 188 2912 Proque
204 2841 287 2902 bono
307 2850 400 2901 versu
417 2841 546 2917 priunum
561 2843 705 2903 dedente
723 2845 827 2919 piium.

125 2919 178 2983 flou
193 2924 264 2998 tini,
287 2925 445 2997 sinaites,
469 2926 586 3002 possit,
609 2927 758 3002 Homero,
780 2928 856 2988 dari.

98 3000 203 3080 iuppiter
218 3009 394 3070 admonitus
412 3010 487 3071 nihii
504 3027 576 3072 esse
594 3012 855 3087 potentiusque,

75 3088 94 3139 ³⁰
128 3089 282 3170 Corruptae
297 3094 428 3170 pretium
446 3093 573 3171 virginis
588 3096 658 3172 ipse
673 3096 737 3157 ruit.

99 3167 151 3234 ium
162 3193 278 3240 meroes
293 3177 416 3253 aberat,
437 3179 533 3240 durus
550 3186 652 3255 pater,
673 3180 744 3257 ipsu
759 3196 886 3254 severo,

123 3258 211 3322 iterati
229 3270 354 3340 postes,
379 3264 479 3325 ierrea
493 3264 584 3324 turris
601 3273 675 3325 erat.

98 3336 140 3401 Sed
151 3354 310 3423 postquam
324 3348 450 3423 sapiens
466 3349 497 3409 in
513 3363 640 3409 munera
655 3352 741 3410 venit
757 3350 891 3423 adnitor,

123 3424 250 3493 Praebuit
263 3432 335 3508 ipsa
349 3431 437 3494 sinus
452 3440 481 3493 et
496 3433 572 3494 dare
586 3433 673 3493 iussa
688 3433 782 3494 deoru

77 3506 193 3575 tintcum
207 3532 307 3592 regna
322 3528 422 3579 senex
436 3518 515 3578 caeti
529 3516 683 3578 Saturnus
695 3515 841 3580 honera.
