2467 4042
176 245 243 314 262
371 264 465 304 mnu
591 246 769 305 nurum.

265 412 394 496 Erigor,
416 421 447 475 et
467 411 600 494 trepidos
623 416 703 475 cives
725 413 867 497 exhortor
887 415 920 476 in
941 413 1086 497 hostem,

199 512 252 565 rat
266 503 468 581 lmssamque
491 520 558 564 mea
578 503 720 563 virtudem
741 520 813 564 voce
835 521 966 584 repono.

265 591 412 671 Tempore
434 589 471 652 ab
493 589 551 651 hoc
563 637 573 672 ,
596 590 803 670 quodcumque
829 599 929 671 potest
954 592 1069 653 iecisse
1099 589 1193 653 rideri

264 679 395 740 Fortiter
416 679 496 760 iste,
518 695 618 741 meum
641 686 708 762 est,
731 681 783 759 qui
804 678 923 741 dantem
949 687 1034 760 terga
1061 680 1192 742 retraxi.

265 767 398 847 lienique
421 766 458 828 de
480 766 587 828 lianois
610 769 677 846 quis
699 775 730 829 te
751 766 885 829 laudatve
907 763 1048 848 pctitre?

266 858 303 918 ht
326 873 380 918 sua
401 853 530 935 Tydides
551 872 670 917 mecum
692 857 891 917 communicat
912 863 994 937 acta,

200 954 253 1008 tto
265 943 312 1006 lle
334 942 441 1026 probat
465 951 495 1005 et
517 945 598 1005 socio
622 960 740 1023 semper
762 942 884 1005 conlidit
905 942 1007 1005 Ulixe.

265 1031 321 1094 Est
342 1029 475 1113 aliquid,
497 1031 535 1092 de
558 1038 603 1094 tot
625 1030 782 1094 Graiorum
804 1030 923 1093 milibus
944 1048 1041 1093 unum

265 1120 290 1183 Α
311 1119 452 1182 Diomede
474 1118 555 1200 legi:
577 1136 634 1181 nec
656 1136 704 1181 me
727 1136 792 1181 sors
815 1122 860 1181 ire
881 1118 1021 1181 iubebot,

266 1207 316 1271 Sic
338 1217 437 1270 umen
459 1216 490 1269 et
512 1214 613 1288 spreto
636 1209 793 1287 noctisque
815 1207 969 1287 hostisque
991 1207 1115 1288 periclo

263 1296 377 1359 Ausum
399 1295 502 1358 eadem
514 1342 524 1378 ,
547 1312 623 1375 quae
645 1312 701 1357 nos
713 1342 723 1377 ,
744 1295 872 1376 Phrygia
898 1295 934 1357 de
961 1305 1054 1375 gente
1077 1296 1194 1358 Dolona

198 1394 251 1447 att
264 1384 429 1447 luterimo:
452 1401 512 1446 non
535 1391 603 1445 ante
627 1392 748 1465 tamen,
771 1402 858 1463 quam
882 1392 990 1446 eunom
1011 1388 1102 1466 coegi

263 1471 417 1555 Prodere,
440 1479 471 1534 et
492 1471 622 1554 edidici,
645 1471 716 1552 quid
738 1472 851 1552 perlida
872 1471 960 1534 'lroia
982 1483 1126 1553 pararet.

264 1560 370 1623 Omnia
397 1576 578 1644 cognoram,
600 1578 656 1623 nec
668 1607 678 1642 ,
701 1560 781 1641 quod
807 1560 1001 1643 specularer,
1024 1560 1176 1624 habebam
1182 1608 1192 1644 ,

264 1648 382 1711 Etiam
403 1651 549 1730 promissa
571 1656 706 1728 poteram
728 1665 798 1710 cum
819 1649 905 1711 laude
928 1651 1057 1712 reverti.

263 1736 349 1800 Haud
372 1745 531 1800 contentus
552 1755 589 1799 eo
611 1739 685 1817 petii
706 1738 834 1800 tentoria
856 1735 965 1819 lihesi,
1060 1790 1065 1797 ,

197 1836 250 1889 too
263 1826 357 1906 inque
380 1827 443 1888 suis
464 1827 564 1906 ipsum
586 1827 692 1888 castris
713 1827 897 1905 comitesque
919 1828 1054 1906 peremit

264 1914 361 1994 Atque
383 1916 425 1977 ito
447 1916 562 1994 captivo
584 1915 681 1976 vietor
701 1916 836 1993 votisque
858 1915 971 1994 potitus

263 2002 419 2082 ingredior
441 2020 533 2064 curru
555 2001 649 2064 laetos
670 2003 803 2063 imitante
826 2001 1010 2082 triumphos.

264 2090 356 2153 Cuius
378 2108 472 2171 equos
493 2093 625 2172 pretium
645 2107 701 2171 pro
723 2097 811 2152 nocte
833 2098 1010 2170 poposcerat
1031 2090 1150 2177 hostis,

263 2178 352 2240 Arma
374 2187 479 2260 negate
501 2178 597 2261 mihi,
620 2179 769 2257 fueritque
791 2176 948 2258 benignior
969 2179 1062 2242 hiari
1085 2173 1095 2194 '

197 2277 249 2328 tot
268 2265 346 2339 Quid
368 2266 450 2348 Lycii
473 2267 601 2329 referam
625 2266 803 2346 Sarpedonis
826 2268 942 2347 agmina
963 2268 1047 2329 ferro

262 2355 418 2418 bevastata
440 2352 537 2418 meo?
560 2372 630 2417 cnm
651 2354 745 2416 multo
767 2357 910 2435 sanguine
932 2355 997 2417 iudi

262 2443 419 2506 Coeranon
440 2443 589 2524 lphitiden
611 2450 643 2505 et
664 2442 857 2524 Alastoraque
879 2442 1114 2525 Chromiumque

263 2532 501 2611 Alcandrumque
528 2528 704 2611 biallumque
731 2529 941 2611 Noemonaque
963 2532 1185 2614 Prytaniuque,

262 2619 421 2700 Eritioque
444 2619 514 2682 dedi
535 2637 605 2682 cum
628 2618 870 2681 Chersidamante
892 2619 1015 2681 'lhoona

196 2707 301 2770 toob't
324 2707 510 2790 Charopem,
532 2708 660 2786 latisque
682 2706 839 2770 inmitibus
860 2706 1017 2778 Ennomon
1039 2716 1159 2791 actum,

263 2797 381 2878 Quique
401 2799 501 2860 minus
524 2795 658 2858 celebres
680 2804 782 2858 nostra
804 2795 862 2858 sub
884 2795 1040 2859 moenibus
1064 2796 1149 2859 urbis

262 2884 455 2948 Procubuere
477 2902 588 2947 manu.
615 2892 687 2946 suut
708 2891 739 2946 et
761 2884 834 2947 mihi
856 2883 978 2946 vrdncra
989 2932 1000 2966 ,
1024 2887 1122 2969 eires,

262 2973 330 3054 lpso
352 2973 477 3054 pulchra
498 2973 588 3035 loco:
609 2989 666 3034 nec
688 2974 770 3034 ranis
793 2972 906 3034 credite
928 2972 1044 3034 verbis.

262 3061 391 3141 Aspicito
414 3079 452 3123 en
465 3056 486 3123 i’
509 3069 681 3140 restemque
703 3077 792 3122 manu
815 3061 931 3123 diduxit
952 3068 983 3123 et
1004 3055 1091 3123 ‘hacc
1113 3070 1180 3124 sunt

196 3159 249 3211 toi
260 3149 387 3213 Pectora
409 3144 538 3230 sempcr’
562 3150 604 3211 ait
626 3145 744 3210 ‘restris
767 3151 897 3212 exercita
919 3148 1028 3212 rebus.

262 3238 300 3300 it
322 3237 364 3314 nil
386 3237 522 3318 inpendit
543 3254 599 3318 per
621 3245 666 3299 tot
687 3235 877 3299 Telamonius
899 3253 992 3299 annos

262 3324 420 3406 Sanguinis
442 3328 474 3387 in
497 3327 617 3405 socios,
639 3333 671 3386 et
692 3323 781 3387 babet
804 3326 868 3386 sine
890 3324 1014 3386 minere
1037 3344 1164 3407 corpus.

205 3404 212 3419 ⁰
259 3413 339 3485 Quid
362 3424 462 3477 tanum
483 3413 541 3476 hoc
563 3413 679 3495 refert,
702 3414 727 3474 si
750 3431 783 3475 se
804 3430 861 3493 pro
884 3412 977 3475 classe
999 3414 1123 3494 Pelasga

260 3502 349 3562 Arma
371 3502 476 3564 tulisse
499 3502 594 3563 refert
616 3509 720 3563 contra
742 3500 896 3581 Troasque
918 3499 1106 3582 levemque?

194 3598 246 3650 tro
260 3586 493 3672 Confiteorque,
515 3588 606 3652 tulit:
628 3606 726 3670 neque
750 3591 830 3651 enim
852 3588 1006 3651 benefacta
1029 3590 1155 3671 malique
