2467 4042
165 223 209 289 62
335 242 451 281 meones
575 223 754 280 ΜΕΤΑΜΜ.

252 389 291 453 Et
311 392 438 472 patriam
450 437 459 473 ,
482 391 633 469 morisque
656 392 724 452 novi
747 409 802 453 cur
824 409 909 453 sacra
931 389 1151 472 frequentes?

252 479 305 541 ille
327 487 408 541 metu
430 496 541 540 uacuus
560 474 680 540 ‘nomen
703 476 787 540 mihi'
810 479 886 541 dixit
907 476 1066 563 ‘Acoetes,

252 568 351 630 Patria
372 567 505 629 Maeonia
527 574 595 648 est3
617 566 721 629 humili
744 566 781 629 de
804 568 890 648 plebe
913 578 1073 650 parentes.

253 655 319 718 Non
340 655 413 717 mihi
436 674 510 735 quee
533 655 602 717 duri
624 655 779 739 colerent,
800 665 907 739 pater,
930 675 998 719 arra
1019 660 1165 741 iuvenci,

187 755 239 806 eet
253 745 449 825 lanigerosve
471 761 599 826 greges,
622 761 682 806 non
705 744 764 806 olla
786 755 920 807 mmeuta
942 746 1083 825 reliquit.

253 833 370 913 Pauper
392 834 507 912 etipse
531 833 588 893 luit
599 843 619 914 ,”
631 832 751 912 linoque
775 831 889 895 solebat
910 841 941 896 et
963 832 1059 896 hemis

253 922 419 1003 Decipere,
441 927 472 982 et
494 920 605 982 calamo
629 920 768 983 salientes
791 921 901 984 ducere
923 925 1041 1002 pisces.

253 1011 309 1072 dre
331 1009 374 1071 illi
396 1026 450 1071 sua
473 1027 581 1070 census
604 1016 690 1070 erat.
718 1027 787 1071 cum
809 1010 941 1072 traderet
963 1019 1079 1092 ortem,

254 1095 386 1178 “decipe
408 1116 482 1178 ques
504 1096 621 1180 habeo,
644 1095 735 1159 studii
757 1116 914 1161 successor
937 1107 968 1161 et
990 1095 1116 1180 beres,'

188 1200 239 1251 teo
253 1188 334 1249 Dixit
356 1181 440 1267 ‘opes
454 1180 486 1248 .”
513 1188 703 1266 moriensque
726 1185 800 1247 mihi
822 1186 895 1249 mnu
916 1186 967 1249 ille
989 1188 1137 1271 reliquit,

253 1276 376 1337 Praeter
388 1292 480 1354 aquas
494 1321 501 1336 .
524 1292 619 1336 unum
631 1274 688 1336 hoc
701 1292 823 1355 possum
838 1274 984 1356 appellare
998 1284 1180 1357 paternum.

252 1364 320 1425 Mox
343 1381 421 1445 eqo,
444 1382 481 1425 ne
504 1362 636 1443 scopulis
657 1362 812 1425 haererem
835 1380 954 1443 semper
975 1365 1007 1424 in
1030 1364 1150 1447 isdem,

253 1450 387 1513 Addidici
409 1453 542 1531 regimen
565 1450 669 1512 dextra
691 1450 862 1513 moderante
885 1453 1004 1514 carinae

253 1540 410 1622 Flectere,
433 1547 464 1601 et
486 1539 605 1602 Oleniae
629 1540 713 1601 sidus
734 1539 860 1620 pluviale
883 1539 1019 1620 Capellae

188 1643 239 1694 teo
253 1629 461 1710 Taygetenque
484 1626 657 1709 llyadasque
681 1628 776 1689 oculis
798 1627 968 1707 Arctonque
991 1631 1091 1690 notavi

253 1717 474 1796 Ventorumque
497 1716 600 1778 domos
623 1725 654 1779 et
675 1725 780 1796 portus
802 1715 952 1798 puppibus
974 1725 1078 1797 aptos.

253 1807 342 1869 Forte
364 1814 470 1886 petens
492 1803 585 1867 Delon
609 1803 687 1866 Ciae‘
700 1804 816 1866 telluris
839 1804 875 1866 ad
897 1822 965 1866 oras

253 1895 414 1976 Applicor,
436 1901 467 1955 et
489 1893 602 1955 dextris
625 1892 757 1954 adducor
777 1892 864 1955 litora
887 1896 995 1975 remis,

253 1984 356 2064 Ooque
378 1982 457 2044 leues
480 1981 572 2044 saltus
594 1980 730 2061 udaeque
753 1982 887 2043 inmittor
909 1981 1057 2063 harenae,

188 2086 240 2136 too
254 2074 319 2134 Nox
341 2070 394 2132 ubi
417 2078 591 2150 consumpta
614 2077 682 2132 est.
710 2087 816 2131 aurora
839 2068 1000 2131 rubescere
1023 2073 1123 2151 primo

254 2160 420 2240 Coeperat:
443 2176 576 2241 exurge,
598 2158 761 2238 laticesque
783 2158 894 2219 inferre
917 2166 1055 2220 recentes

253 2249 426 2328 Admoneo,
448 2254 643 2326 monstroque
665 2248 764 2328 viem,
787 2264 862 2325 quae
890 2245 980 2308 ducat
1001 2246 1038 2309 ad
1063 2248 1173 2309 undas.

253 2338 343 2419 lpse,
365 2334 436 2416 quid
459 2353 531 2397 aura
553 2335 627 2397 mibi
648 2335 763 2397 tumulo
785 2336 939 2415 promittat
960 2333 997 2396 ab
1020 2334 1100 2419 alto,

253 2426 429 2506 Prospicio,
452 2426 636 2504 comitesque
658 2440 754 2506 voco,
776 2431 940 2503 repetoque
963 2426 1112 2485 carinam.

188 2526 239 2577 eoo
255 2510 427 2575 “Adsumus
449 2530 488 2574 en
501 2507 533 2574 l’'
556 2514 654 2591 inquit
676 2513 824 2577 sociorum
846 2513 961 2591 primus
984 2510 1143 2596 Opheltes,

253 2601 351 2683 thue
373 2609 458 2682 putat
470 2648 479 2683 ,
501 2600 640 2681 praedam
664 2599 782 2662 deserto
805 2608 911 2662 nactus
934 2603 965 2661 in
987 2618 1079 2682 agro,
1118 2607 1125 2618 “

254 2690 392 2770 Virginea
414 2707 541 2769 puerum
564 2687 647 2751 ducit
669 2706 723 2769 per
744 2688 831 2749 litera
854 2689 965 2750 lorma.

254 2779 305 2842 llle
328 2796 411 2841 mero
434 2795 596 2857 somnoque
620 2778 717 2857 gravis
739 2775 868 2838 titubare
889 2776 1024 2859 videtur,

254 2867 366 2947 Vixque
390 2868 496 2948 sequi.
524 2874 627 2946 specto
650 2865 764 2928 cultum
785 2865 950 2945 faciemque
972 2865 1168 2948 gradumqu03

188 2969 241 3019 eto
254 2956 302 3019 Nil
323 2954 365 3016 lbi
390 2955 468 3034 quod
492 2954 573 3016 credi
596 2961 698 3034 posset
721 2952 868 3035 mortale,
889 2951 1040 3015 ridebam.

254 3043 293 3106 Et
314 3044 396 3106 sensi
418 3051 450 3105 et
467 3042 528 3107 dixi
550 3045 639 3104 sociis
663 3037 768 3122 “quod
790 3058 901 3103 numen
924 3044 955 3104 in
973 3044 1031 3104 isto

255 3132 386 3214 Corpore
409 3134 470 3214 sit,
492 3130 618 3193 dubito:
641 3130 693 3192 scd
717 3147 842 3209 corpore
865 3147 975 3191 numen
989 3132 1020 3192 in
1038 3132 1097 3193 isto
1109 3140 1166 3193 est.

255 3221 397 3301 Quisquis
420 3238 475 3302 ee,
497 3238 515 3281 o
538 3219 658 3300 faveas,
681 3220 850 3297 nostrisque
873 3216 1024 3279 laboribus
1048 3220 1138 3282 adsis:

254 3309 308 3371 llio
330 3326 449 3390 quoque
472 3308 525 3370 des
547 3309 662 3369 reniam
676 3301 708 3366 .”
736 3301 814 3386 “pro
838 3304 923 3367 nobis
936 3308 1020 3368 mitte
1033 3304 1165 3388 precari”

189 3408 241 3458 eit
255 3396 355 3475 Dictys
378 3397 441 3475 ait,
463 3413 523 3475 quo
545 3393 610 3456 uou'
628 3394 703 3456 alius
726 3392 927 3455 conscendere
950 3412 1081 3456 summas

255 3482 345 3543 Ocior
367 3489 542 3562 antemnae,
563 3499 734 3563 prensoque
752 3480 878 3544 rudente
901 3481 1012 3543 relabi.

255 3567 318 3628 lloc
341 3566 452 3649 Libys,
474 3569 531 3630 hoc
553 3568 668 3649 ilevus,
690 3587 797 3648 prorae
820 3568 934 3649 tutela,
956 3570 1134 3651 Melanthus,
