2467 4042
168 201 229 266 166
336 220 483 256 munes
580 199 761 255 uuum.

252 366 338 439 Quod
361 368 438 446 gerit
459 365 531 447 illa,
553 365 650 426 dooez
672 382 850 445 quamquam
872 382 934 427 non
951 384 1012 427 una
1029 360 1209 426 videtur)

252 456 355 516 Amnis
377 453 499 516 adhaec
523 448 595 515 ‘non
609 447 666 516 est'
683 455 782 533 inquit
805 450 896 534 ‘quod
909 456 1036 515 cernitis
1045 501 1058 536 ,
1076 470 1205 514 unum.

253 543 392 621 Quinque
414 544 514 604 lacent
535 549 656 605 terrae:
677 543 808 622 spatium
829 543 1004 604 diserimm
1025 541 1139 604 fallit.

253 630 378 709 Quoque
400 632 500 692 minus
522 638 641 710 spretae
664 630 775 692 lactum
797 633 907 692 mirere
930 630 1066 713 Dianae,

187 717 360 781 neoNaides
382 718 438 780 hae
460 719 600 799 inerant,
624 735 700 798 quae
723 736 792 780 oum
815 719 861 780 bis
883 720 1019 798 quinque
1061 732 1089 774 r.
1108 730 1201 774 onix·

961 824 1119 869 ruvenoos

252 896 432 958 llaetassent
453 898 594 975 nisuque
617 895 691 958 deos
712 895 750 956 ad
772 913 857 957 saera
877 905 1084 978 vocassent,¹

252 984 435 1046 Inmemores
457 987 553 1047 nostri
575 985 667 1046 festas
690 982 801 1046 duxere
825 983 968 1047 choreas.

252 1072 406 1153 intumui,
424 1079 612 1152 quantusque
634 1072 738 1153 feror,
761 1090 830 1134 oum
851 1071 1001 1151 plurimus
1020 1090 1192 1152 nmquam,

255 1160 368 1223 Tantus
392 1178 495 1241 eram,
517 1163 690 1240 pariterque
713 1162 819 1221 animis
841 1161 970 1221 inmarais
993 1170 1026 1221 et
1046 1161 1149 1222 undis

187 1251 276 1310 08οΑ
300 1247 382 1310 silvis
405 1249 493 1310 silvas
516 1257 547 1310 et
569 1248 606 1308 ab
629 1250 707 1310 arvis
730 1244 800 1309 arra
821 1247 951 1330 revulsi,

253 1336 387 1416 Cumque
408 1335 475 1398 looo
488 1336 655 1417 nymphas,
676 1354 825 1399 memores
842 1343 908 1397 tum
921 1335 1052 1415 deniqne
1068 1340 1188 1418 nostri,

252 1425 287 1487 ln
310 1425 385 1487 treta
407 1424 561 1504 provolvi.
588 1425 698 1487 fluetus
720 1431 883 1504 nosterque
905 1427 1060 1503 marisque

254 1513 430 1576 Continuam
452 1512 569 1575 diduxit
590 1513 738 1595 humum,
760 1521 921 1596 partesque
943 1512 1070 1573 resolvit

252 1601 287 1662 ln
309 1602 457 1682 totidem,
479 1600 585 1663 mediis
608 1609 683 1681 quot
705 1602 805 1663 cernis
827 1599 994 1662 Echinadas
1017 1600 1130 1663 undis.

187 1701 240 1752 590
253 1689 293 1751 Ut
310 1698 410 1751 tamen
431 1692 496 1769 ipse
518 1689 623 1770 vides,
645 1689 752 1770 procul
772 1707 811 1751 en
832 1688 940 1768 procul
965 1706 1027 1749 una
1051 1692 1181 1750 reeessit

253 1777 354 1839 insula
365 1826 376 1859 ,
398 1786 481 1857 grata
503 1778 599 1858 mihi3
621 1777 790 1839 Perimelen
811 1779 909 1838 navita
931 1775 1020 1838 dicit.

252 1865 330 1927 Huio
352 1884 407 1945 ego
429 1868 597 1945 virgineum
619 1865 744 1928 dilectae
766 1882 875 1926 nomen
898 1864 1012 1926 ademi.

254 1954 340 2026 Quod
354 1962 440 2035 pater
453 1953 652 2035 Hippodamas
666 1971 754 2034 aegre
776 1953 866 2034 tulit,
889 1955 980 2032 inque
994 1954 1175 2033 protundum

252 2043 389 2123 Propulit
411 2061 428 2103 e
451 2042 574 2122 scopulo
596 2044 748 2123 periturae
771 2059 897 2122 oorpora
914 2049 1015 2102 natae.

253 2131 387 2212 Excepi,
409 2137 589 2211 nantemque
611 2131 713 2192 ferens
735 2124 778 2190 “o
800 2132 934 2209 proxima
955 2129 1058 2191 mundi

188 2232 239 2281 000
253 2220 355 2298 Regna
376 2215 477 2298 vagae'
500 2218 562 2280 dixi
584 2213 700 2281 ‘sortite
723 2218 892 2279 tridentifer
913 2216 1029 2298 undae,

187 2320 237 2370 001
252 2308 344 2369 Adfer
366 2325 475 2388 opem,
497 2324 695 2388 mersaeque,
717 2324 847 2387 precor,
868 2306 987 2367 feritate
1007 2314 1127 2386 paterna

253 2394 317 2476 lta,
339 2394 499 2477 Neptune,
521 2394 643 2476 looum3
665 2394 713 2456 vel
735 2396 775 2456 sit
794 2393 879 2456 loeus
900 2396 987 2474 ipsa,
1009 2392 1108 2456 licebit
1116 2391 1146 2456 .''

187 2496 238 2547 0οο
253 2482 330 2545 Dum
352 2483 481 2564 loquor,
503 2482 637 2564 amplexa
659 2491 707 2544 est
728 2490 812 2545 artus
833 2500 909 2544 nora
935 2489 1017 2543 terra
1037 2491 1166 2545 mantes

188 2584 240 2635 oto
254 2571 293 2633 Ei
313 2574 411 2652 gravis
433 2573 561 2633 increvit
581 2573 704 2633 mutatis
725 2570 823 2633 insula
844 2566 1015 2632 membris?
1058 2584 1079 2625 a.
1093 2595 1163 2626 m.

297 2660 400 2721 Amatis
422 2659 459 2721 ab
481 2660 528 2721 his
550 2661 665 2721 tacuit.
693 2659 805 2721 laetum
826 2657 960 2720 mirabile
984 2667 1103 2721 onnotm

255 2749 406 2810 Moverat.
434 2748 541 2810 irridet
562 2746 743 2828 eredentes,
765 2754 859 2827 utque
882 2745 1007 2809 deorum

254 2836 379 2917 Spretor
402 2845 467 2898 erat
489 2838 657 2916 mentisque
680 2836 764 2897 ferox
786 2835 888 2897 Ixione
911 2842 1016 2916 natus,

254 2920 348 2986 ‘Ficta
375 2926 493 3006 refers,
521 2927 706 3004 nimiumque
733 2932 843 3004 putas,
865 2922 1015 3005 Acheloe,
1035 2932 1158 3004 potenioe

187 3025 239 3075 010
253 3013 328 3075 Esse
352 3012 424 3074 deos
436 3009 458 3094 ,’
481 3012 556 3075 dixit
578 3009 616 3073 ‘si
638 3013 710 3074 dant
732 3012 925 3091 adimuntque
947 3007 1080 3091 figurae?

253 3100 432 3182 Obstipuere
455 3118 582 3182 omnes,
603 3118 661 3163 neo
682 3100 751 3162 talia
773 3099 852 3162 diota
873 3098 1052 3181 probarunt3

252 3191 328 3252 Ante
352 3207 515 3270 omnesque
537 3187 651 3271 Lelex,
673 3190 771 3251 animo
794 3196 930 3250 maturus
952 3197 984 3250 et
1004 3207 1086 3269 aero,

254 3278 304 3339 Sir
326 3280 389 3340 ait:
413 3272 559 3340 ‘inmensa
582 3285 629 3340 est
650 3278 800 3357 finemque
822 3279 955 3357 potentia
978 3277 1048 3338 caeli

251 3366 319 3428 Non
332 3365 444 3448 habet,
467 3374 498 3428 et
511 3365 654 3446 quioquid
668 3367 770 3446 superi
783 3364 904 3426 voluere
917 3412 927 3447 ,
943 3374 1088 3444 peractum
1100 3378 1153 3428 est.

185 3467 239 3519 tao
254 3454 379 3534 Quoque
402 3457 502 3516 minus
523 3453 665 3535 dubites,
687 3453 767 3515 tiliae
790 3455 975 3517 contermina
997 3472 1114 3534 quereus

253 3541 384 3605 Collibus
406 3550 454 3604 est
475 3542 634 3624 Phrygiis,
656 3541 772 3604 modico
795 3540 978 3604 eucumdata
999 3560 1093 3607 muro:
