2467 4042
174 213 238 279 184
585 213 633 263 nx
652 212 772 264 rouro

308 377 528 458 suppositoque
552 393 671 455 gravem
694 377 805 437 vertice
827 384 927 455 portat
950 396 1086 457 aquam

263 467 329 528 Non
353 466 401 527 hic
424 466 589 545 pampineis
613 466 750 525 amicitur
773 464 885 526 vitibus
907 465 1027 548 nlmns,

307 554 391 616 Nulla
415 561 554 634 premunt
577 570 676 614 mmos
699 552 831 632 pondere
855 571 942 633 poma
964 573 1040 618 sno.

215 657 248 706 tt
263 643 372 704 Tristia
396 642 544 702 deformes
567 643 688 721 pariunt
711 640 858 702 absinthia
880 645 996 724 campi,
1145 663 1201 712 (ron

307 730 459 810 Terraque
483 729 519 790 de
544 731 645 791 fructu
669 747 756 808 quam
780 731 819 791 sit
842 748 962 811 amara,
985 731 1104 795 docet.

262 819 310 881 Nil
333 821 424 899 igitur
447 826 509 880 tota
531 818 620 879 Ponti
643 820 764 897 regione
787 820 920 899 sinistri,

307 906 394 978 Quod
418 923 483 966 mea
506 906 648 968 sedulitas
671 908 790 967 mittere
813 916 937 988 posset,
959 917 1043 969 erat.

263 996 367 1058 Clausa
392 1003 490 1056 tamen
514 996 581 1055 misi
604 994 742 1073 Scythica
764 993 819 1055 tibi
843 995 901 1056 tela
923 996 1091 1075 pharetra:

214 1097 248 1148 20
307 1083 399 1146 Hoste
422 1100 530 1162 precor
553 1083 625 1144 tiant
647 1082 696 1143 illa
719 1090 843 1144 cruenta
865 1092 935 1145 tuo.

262 1172 324 1235 ilos
349 1170 438 1233 habet
463 1171 537 1233 haec
563 1170 711 1252 calamos,
733 1170 789 1232 hos
813 1171 887 1234 haee
911 1172 1002 1234 habet
1027 1192 1087 1235 ora

812 1258 945 1323 libellos.

307 1348 387 1410 Haec
411 1350 489 1427 viget
511 1350 542 1409 in
566 1350 700 1429 nostris,
723 1347 870 1428 Maxime,
894 1348 977 1411 Musa
1000 1349 1101 1412 loeis!

263 1438 345 1510 Quae
365 1454 542 1517 quamquam
561 1438 678 1498 misisse
701 1436 793 1516 podet
804 1483 813 1517 ,
836 1439 905 1515 quia
923 1455 1014 1517 parra
1033 1439 1198 1521 videntur,

307 1525 352 1587 To
377 1533 475 1587 tamen
498 1525 593 1607 haec,
618 1542 751 1605 quaeso,
773 1526 896 1586 consule
920 1527 1010 1586 missa
1033 1525 1131 1590 boni.

617 1717 731 1791 VIIII.

263 1878 348 1950 Quod
372 1880 411 1940 sit
433 1880 464 1939 in
486 1876 533 1938 his
558 1877 660 1938 eadem
684 1880 853 1958 sententia,
877 1876 990 1958 Brute,
1014 1845 1154 1965 noctiis,

308 1966 443 2029 Carmina
466 1967 567 2027 neseio
592 1984 681 2046 quem
705 1984 828 2046 carpere
852 1975 954 2028 nostra
978 1968 1100 2032 reiers:

262 2055 309 2118 Nil
333 2056 461 2116 nisime
485 2063 565 2116 terra
589 2055 671 2116 iruar
695 2063 728 2115 ut
750 2056 890 2134 propiore
914 2072 1038 2137 rogare,

306 2142 345 2204 Et
368 2161 456 2222 quam
481 2144 536 2203 sim
560 2143 653 2204 denso
677 2145 793 2204 cinctus
816 2142 852 2204 ab
875 2142 983 2223 hoste,
1007 2144 1115 2224 loqui.

234 2231 308 2294 oOl
333 2249 421 2311 quam
445 2230 482 2292 de
505 2230 606 2292 multis
629 2232 734 2292 vitium
758 2231 987 2309 reprehenditur
1011 2236 1132 2299 unum!

307 2319 370 2382 iioe
393 2326 496 2400 peccat
520 2318 615 2380 solum
639 2321 666 2380 si
688 2337 753 2380 mea
775 2317 883 2401 Musa,
905 2319 981 2381 bene
1005 2330 1072 2384 est.

263 2408 329 2490 ipse
354 2426 407 2488 ego
431 2405 575 2470 librorum
598 2407 683 2468 video
708 2406 814 2468 delicta
837 2424 990 2489 meorum,

308 2497 382 2560 Cum
406 2515 459 2558 sua
481 2495 548 2576 plus
572 2499 651 2558 iusto
675 2497 804 2557 carmina
828 2499 954 2575 quisque
977 2496 1111 2576 probet.

265 2584 390 2665 [Auctor
413 2603 487 2665 opus
511 2584 632 2646 laudat.
674 2586 716 2645 sic
739 2584 863 2645 forsitan
887 2584 994 2664 Agrius
1018 2585 1096 2650 olim

216 2687 249 2737 to
309 2674 467 2736 Thersiten
490 2674 564 2734 iaeie
588 2673 697 2735 dixerit
719 2689 785 2734 esse
807 2672 903 2734 bona.

264 2761 410 2825 iudicium
432 2772 531 2824 tamen
554 2761 603 2823 hio
626 2769 761 2823 nostrum
785 2778 844 2822 non
868 2762 978 2842 decipit
1000 2780 1113 2842 error:

307 2850 391 2932 Nec,
415 2849 558 2930 quidquid
581 2852 693 2931 genui,
720 2851 857 2929 protinus
879 2850 952 2911 illud
976 2851 1077 2929 amo.]

265 2939 325 3002 Cur
347 2941 461 3021 igitur,
484 2941 511 2999 si
534 2956 580 2999 me
604 2939 689 3000 video
713 2938 909 3020 delinquere,
932 2956 1075 3022 peccem,
1138 2960 1196 3007 nou

308 3027 347 3089 Et
369 3029 464 3107 patiar
487 3028 599 3106 scripto
624 3029 736 3089 crimen
758 3029 876 3105 inesse,
899 3023 1011 3107 rogas?

217 3129 250 3179 to
264 3115 330 3178 Non
354 3116 456 3177 eadem
480 3117 555 3176 ratio
579 3123 626 3177 est
637 3164 646 3197 ,
670 3117 780 3176 sentire
805 3122 835 3175 et
858 3115 977 3176 demere
1000 3117 1151 3183 morbos.

309 3205 421 3267 Sensus
444 3206 523 3265 inest
546 3207 663 3265 cunetis
676 3251 685 3284 ,
709 3203 822 3264 tollitur
846 3211 909 3265 arte
932 3203 1057 3268 maium.

266 3294 359 3374 Saepe
383 3292 500 3372 aliquod
524 3292 648 3353 verbum
671 3293 795 3371 cupiens
818 3300 933 3354 mutare
955 3291 1086 3376 reliqui,

308 3380 454 3442 iudicium
477 3382 555 3442 vires
579 3380 804 3457 destituuntque
827 3396 944 3442 meum.

265 3467 359 3546 Saepe
378 3470 506 3547 piget-
525 3467 595 3546 quid
615 3470 693 3528 enlm
713 3467 845 3528 dubitem
865 3467 919 3529 tibi
936 3485 1005 3530 vera
1023 3470 1197 3538 fateri?-

217 3565 250 3613 ro
310 3553 466 3632 Corrigere
491 3563 520 3615 et
542 3555 622 3632 longi
646 3554 725 3615 ferre
748 3552 858 3616 laboris
881 3574 975 3619 onus.
