2467 4042
454 283 528 348 [0
1261 281 1669 343 AMORUM

612 435 894 512 Denique
925 433 978 495 si
1008 433 1220 495 tumidi
1250 434 1364 495 ritu
1392 437 1675 495 torrentis
1707 436 1963 512 agebar,

698 519 1020 596 Caecaque
1056 534 1153 579 me
1184 519 1478 595 praedam
1508 520 1736 580 fecerat
1763 521 1854 580 ira
1882 539 2089 595 suam,

533 614 593 667 45
616 605 829 664 Nonne
859 603 1008 665 satis
1039 604 1239 664 ruerat
1267 603 1514 664 timidae
1542 604 1910 666 inclamasse
1936 607 2208 681 puellae,

695 689 820 748 Nec
857 688 1106 749 nimium
1138 687 1366 763 rigidas
1398 688 1739 750 intonuisse
1768 690 2008 750 minas?

608 775 735 836 Aut
763 772 1028 834 tunicam
1060 788 1300 833 summa
1329 772 1637 833 deducere
1667 773 1921 850 turpiter
1950 790 2058 834 ora

692 857 794 918 Ad
826 857 1132 916 mediam?
1172 856 1380 916 media
1408 873 1566 916 zona
1594 857 1834 919 tulisset
1864 873 2064 934 opem.

610 945 691 1002 At
719 957 882 1002 nunc
913 940 1206 1012 sustinui,
1252 942 1443 1016 raptis
1478 957 1513 1001 a
1542 942 1739 1003 fronte
1773 942 2043 1018 capilliS,

527 1035 597 1089 50
699 1026 959 1086 Ferreus
991 1025 1291 1100 ingenuas
1322 1041 1525 1101 ungue
1553 1033 1768 1087 notare
1798 1042 2010 1102 genaS.

612 1111 864 1172 Adstitit
892 1110 994 1169 illa
1022 1126 1233 1169 amens
1266 1110 1405 1170 albo
1436 1116 1497 1170 et
1519 1110 1653 1170 sine
1684 1111 1983 1186 sanguine
2017 1112 2216 1189 vultu,

695 1195 1040 1255 Caeduntur
1068 1193 1261 1254 Pariis
1294 1193 1500 1268 qualia
1526 1211 1679 1254 saxa
1708 1194 1886 1271 iugis.

611 1279 924 1340 Exanimis
955 1285 1124 1339 artus
1154 1284 1215 1337 et
1244 1279 1518 1339 membra
1544 1280 1863 1340 trementia
1891 1279 2049 1354 vidi,

697 1364 773 1425 Ut
802 1380 938 1425 cum
971 1363 1271 1439 populeas
1306 1363 1552 1424 ventilat
1582 1379 1730 1424 aura
1758 1379 2001 1425 comasz

526 1458 593 1511 ὁὸ
618 1448 695 1510 Ut
724 1448 843 1508 leni
873 1446 1150 1524 zephyro
1182 1447 1427 1522 gracilis
1459 1448 1730 1508 vibratur
1763 1448 2031 1523 arunde,

597 1592 607 1604 ,
699 1532 1028 1593 Summave
1053 1548 1192 1592 cum
1221 1531 1431 1608 tepido
1460 1530 1775 1608 stringitur
1802 1532 1968 1593 unda
1996 1539 2165 1594 note.

613 1615 1099 1693 Suspensaeque
1131 1616 1235 1675 diu
1275 1617 1561 1677 lacrimae
1588 1615 1828 1677 fluxere
1856 1633 1969 1692 per
1998 1632 2138 1692 ora,

699 1701 968 1777 Qualiter
998 1706 1236 1760 umecta
1272 1701 1351 1760 de
1380 1700 1520 1760 nive
1551 1707 1753 1761 manat
1785 1717 1965 1777 aqua.

607 1787 774 1847 Tunc
804 1802 920 1862 ego
952 1801 1050 1846 me
1082 1785 1340 1861 primum
1371 1787 1549 1861 coepi
1581 1785 1807 1846 sentire
1842 1792 2182 1846 nocentem.

524 1879 593 1934 60
701 1870 965 1946 Sanguis
998 1876 1129 1931 erat
1155 1870 1472 1943 lacrimae,
1508 1886 1661 1945 quas
1693 1868 1878 1930 dabat
1905 1870 2036 1943 illa,
2082 1886 2282 1930 meus.

607 1957 725 2016 Ter
751 1963 951 2016 tamen
984 1960 1123 2015 ante
1154 1953 1349 2030 pedes
1382 1955 1549 2015 volui
1578 1954 1985 2030 procumbere
2016 1955 2319 2030 supplex=
2454 1987 2456 1998 ·

692 2041 810 2101 Ter
838 2039 1194 2100 formidatas
1224 2037 1493 2115 reppulit
1522 2038 1626 2098 illa
1654 2054 1888 2099 manuS.
2397 2040 2404 2049 “

608 2125 688 2185 At
717 2133 778 2184 tu
808 2139 883 2184 ne
916 2123 1187 2185 dubita...
1218 2124 1449 2184 minuet
1477 2123 1747 2183 vindicta
1777 2122 2115 2183 dolorem...
2416 2123 2455 2171 ³1

691 2207 972 2268 Protinus
1003 2207 1062 2267 in
1097 2208 1301 2267 voltus
1332 2207 1637 2283 unguibus
1668 2208 1757 2267 ire
1785 2222 1980 2267 meos.
2397 2208 2455 2260 ει

525 2301 591 2356 65
616 2292 740 2353 Nec
772 2292 999 2353 nostris
1032 2291 1262 2366 oculiS,
1307 2308 1421 2352 nec
1452 2292 1678 2353 nostris
1711 2306 1898 2367 parce
1929 2290 2202 2368 capillis:
2396 2280 2455 2345 liei.

694 2376 1033 2452 Quamlibet
1060 2374 1333 2436 infirmas
1364 2376 1613 2437 adiuvet
1640 2374 1731 2437 ira
1760 2391 1997 2436 manus.
2399 2383 2452 2434 ez

609 2461 776 2522 Neve
805 2461 924 2521 mci
953 2459 1206 2522 sceleris
1237 2466 1359 2521 tam
1389 2460 1582 2520 tristia
1610 2460 1788 2535 signa
1817 2459 2164 2536 supersint,
2412 2471 2453 2520 ‘et

691 2545 858 2606 Pone
890 2545 1335 2621 recompositas
1366 2544 1429 2605 in
1465 2545 1725 2605 statione
1755 2559 1987 2605 comas.
2393 2555 2440 2687 Ξ

499 2678 554 2776 8
611 2677 733 2775 Est
764 2715 1062 2790 quaedam
1081 2758 1160 2788 ‚...
1193 2713 1565 2789 quicumque
1593 2712 1759 2774 volet
1788 2724 2170 2788 cognoscere
2200 2652 2453 2813 Ῑθηαιῐξὲ

694 2798 952 2859 Audiat!
1015 2799 1124 2859 Est
1154 2798 1484 2875 quaedam,
1530 2797 1777 2858 nomine
1803 2796 1876 2857 Di
1884 2813 2065 2873 psaS,
2112 2809 2277 2860 anus
2393 2808 2451 2870 aaz

610 2881 703 2942 Ex
732 2898 801 2943 re
840 2897 1061 2944 nomen
1089 2882 1294 2944 habet.
1352 2881 1507 2958 nigri
1536 2898 1659 2942 non
1686 2881 1791 2941 illa
1816 2889 2132 2957 parentem
2387 2888 2451 2958 ‘tha

693 2966 1036 3028 Memnonis
1067 2967 1127 3027 in
1159 2965 1359 3028 roseis
1397 2964 1607 3028 sobria
1634 2966 1787 3027 vidit
1813 2965 2013 3042 equis.
2393 2982 2448 3043 sm

547 3060 581 3114 5
609 3052 716 3113 llla
748 3067 958 3128 magas
990 3059 1152 3112 artes
1181 3053 1517 3126 Aeaeaque
1549 3050 1818 3111 carmina
1845 3051 2045 3127 novit,
2393 3070 2449 3129 sl.

693 3137 886 3212 Inque
915 3143 1101 3213 caput
1128 3133 1395 3210 liquidas
1425 3141 1553 3195 arte
1583 3142 1864 3195 recurvat
1891 3151 2109 3211 aquas.
2272 3171 2281 3178 —
2392 3156 2448 3217 zos

612 3220 739 3281 Scit
768 3219 955 3294 bene,
1000 3220 1148 3295 quid
1180 3235 1462 3295 gramen,
1510 3220 1659 3295 quid
1692 3225 1853 3280 torto
1885 3219 2131 3282 concita
2160 3219 2449 3306 thomann

696 3304 886 3391 Licin,
931 3304 1081 3381 quid
1113 3305 1313 3365 valeat
1343 3304 1509 3365 virus
1541 3299 2070 3380 amantis‘e‘fft'iaet‘
2089 3314 2118 3329 “·
2193 3306 2322 3323 ’“’“““
2373 3300 2447 3410 ’Ἣ

607 3388 755 3452 Cum
787 3386 1007 3479 volt-rit,
1039 3396 1165 3451 toto
1194 3389 1606 3465 glomerantur
1634 3388 1842 3449 nubila
1872 3389 2079 3450 caelo:
2376 3404 2447 3480 ide]

524 3480 589 3537 ιο
698 3474 844 3554 Cum
876 3472 1095 3548 voluit,
1144 3490 1300 3550 puro
1333 3474 1520 3549 vulget
1547 3473 1607 3533 in
1639 3473 1789 3534 orbe
1820 3473 1975 3534 dies.
2375 3503 2433 3560 215,

615 3543 1185 3663 Sanguinef'slqua
1219 3558 1408 3631 fides,
1446 3555 1749 3618 stellantia
1781 3557 1990 3617 sidera
2017 3558 2169 3621 vidi.
2377 3523 2447 3671 ἧς

2377 3669 2445 3741 teme
