2467 4042
453 201 538 270 VIII,
558 207 715 258 tao-clo.
781 221 961 259 scrs1crsrrsou
1029 203 1089 266 171

173 368 319 431 Vaticinor
341 369 496 450 moriens,
518 370 614 430 nostri
637 368 745 430 solacia
766 368 820 431 leti
829 363 861 430 .”

173 457 367 536 Persequitur
390 455 488 517 scelus
510 455 560 518 ille
583 475 694 519 suum:
716 455 919 536 labefactaque
942 456 1061 519 tandem

66 557 154 609 ‘1⁶15
173 545 281 608 lctibus
304 546 471 606 innumeris
493 543 679 625 adductaque
701 544 823 607 iimihus
845 545 934 607 arbor

172 633 290 696 Corruit
311 640 345 694 ct
366 633 489 694 mrdtam
510 636 672 713 prostravit
693 632 826 714 pondere
848 634 968 696 silvam.

169 723 318 784 Attonitae
341 720 467 801 dryades
490 721 597 783 damno
620 739 836 802 nemorumque
859 739 991 804 suoque,

170 810 280 872 Omnes
303 826 483 892 gamariae,
507 809 648 871 Cererem
671 828 740 872 cum
762 809 896 872 restibus
919 812 991 872 atris

167 899 336 961 Haerentes
359 898 470 960 adeunt
491 916 676 978 poenamque
698 897 923 978 Erysichthonis
946 907 1047 960 orant.

79 999 156 1050 '180
168 988 281 1048 Annuit
303 985 374 1068 bis,
397 988 563 1066 capitisque
586 989 634 1048 sui
655 986 855 1067 pulcherrima
878 995 961 1049 motu

168 1075 330 1137 Concussit
352 1074 480 1156 maridis
504 1082 643 1136 oneratos
666 1074 815 1136 messibus
838 1093 943 1155 agros:

166 1158 349 1240 Moliturque
371 1181 467 1244 genus
489 1181 603 1243 poenae
625 1162 816 1246 miserabile,
839 1165 865 1225 si
887 1181 947 1225 non

166 1251 219 1312 llle
242 1252 308 1311 suis
330 1258 412 1314 esset
433 1250 507 1313 nulli
529 1251 706 1313 miserabilis
729 1253 820 1335 actis,

166 1339 316 1401 Pestilera
337 1340 469 1402 lacerare
491 1339 602 1401 Fame.
631 1357 706 1419 quae
730 1341 868 1419 quatinus
889 1341 948 1419 ipsi

92 1439 153 1491 'sao
167 1426 237 1489 Non
260 1426 395 1490 adeunda
417 1428 490 1489 deae
513 1437 560 1490 est
583 1459 625 1472 -—
649 1446 746 1508 neque
770 1430 849 1490 enim
872 1427 1070 1506 Cereremque

914 1514 1092 1594 Famemque

166 1605 241 1667 Fata
264 1608 345 1668 coire
367 1607 471 1667 sinunt
494 1637 536 1649 -
558 1607 692 1666 montani
714 1606 844 1666 numinis
867 1620 958 1666 unam

167 1693 292 1756 Talibus
315 1701 463 1772 agrestem
485 1693 642 1771 compellat
660 1692 767 1754 oreada
789 1691 895 1754 dictis:

169 1777 250 1843 “Est
271 1783 356 1843 locus
378 1783 521 1842 extremis
545 1779 683 1860 Scythiae
705 1780 835 1860 glacialis
858 1783 889 1841 in
912 1782 974 1842 urle
986 1828 996 1863 ,

169 1869 271 1931 Triste
286 1870 405 1950 solum,
428 1869 537 1930 sterilis
550 1916 560 1951 ,
582 1871 647 1930 sine
661 1869 747 1948 fruge
759 1916 769 1951 ‚
789 1871 853 1930 sine
867 1867 974 1930 arbore
987 1868 1093 1949 tellus3

99 1970 153 2021 teo
167 1958 277 2037 Frigus
299 1960 381 2019 iners
402 1956 464 2019 illic
485 1956 620 2018 habitant
640 1956 796 2037 Pallorque
820 1956 1005 2037 Tremorque

167 2045 208 2107 Et
230 2048 330 2107 ieiuna
351 2044 478 2106 Fames.
506 2063 541 2106 ea
563 2063 596 2106 se
617 2047 650 2106 in
672 2044 845 2124 praecordia
867 2045 976 2107 condat

169 2134 314 2213 Sacrilegi
336 2133 481 2196 scelerata
491 2181 501 2216 ‚
523 2132 616 2195 iube:
639 2150 695 2194 nec
718 2135 804 2214 copia
825 2151 928 2196 rerum

168 2221 275 2284 Vincat
296 2240 385 2304 eam,
407 2229 588 2302 superetque
610 2239 693 2282 meas
715 2224 877 2284 certamine
899 2224 995 2282 vires.

167 2310 250 2372 llere
272 2312 336 2372 viae
358 2312 488 2390 spatium
509 2317 539 2371 te
562 2316 696 2391 terreat,
719 2312 820 2389 accipe
843 2328 969 2391 currus,

99 2411 154 2462 tas
168 2400 303 2480 Accipe,
326 2416 402 2478 quos
423 2399 517 2459 irenis
540 2397 599 2459 alte
621 2397 800 2478 moderere,
823 2393 992 2460 dracones”

168 2487 209 2549 Et
231 2486 335 2548 dedit.
362 2485 412 2548 illa
433 2485 501 2547 dato
525 2485 666 2548 subrecta
687 2504 742 2566 per
764 2492 833 2547 adra
856 2504 948 2547 curru

167 2575 294 2637 Devenit
314 2577 346 2636 in
370 2573 541 2656 Scythiam,
562 2574 711 2654 rigidique
733 2576 887 2636 cacumine
909 2577 1036 2656 montis,

169 2663 323 2725 Caucason
345 2662 514 2745 appellant,
536 2671 711 2742 serpentum
734 2662 808 2723 colla
829 2662 952 2725 levavit:
1150 2661 1152 2666 ’

168 2751 400 2831 Quaesitamque
422 2750 543 2812 Famem
564 2750 697 2831 lapidoso
720 2750 795 2812 vidit
815 2753 847 2812 in
870 2769 941 2831 agro

96 2853 155 2904 000
168 2838 326 2918 Unguibus
349 2848 380 2901 et
401 2857 484 2900 raras
507 2839 665 2901 vellentem
687 2838 827 2901 dentibus
849 2839 975 2901 herbas.

167 2927 274 2989 Hirtius
297 2935 363 2989 erat
384 2929 499 3010 crinis,
521 2946 591 2990 cava
613 2927 747 3010 lumina,
769 2927 864 3007 pallor
886 2931 918 2988 in
941 2946 1012 3008 ore,

167 3015 265 3076 Labra
286 3018 392 3077 incana
415 3018 496 3096 situ,
519 3015 641 3078 scabrae
664 3015 802 3096 rubigine
825 3016 943 3097 lauces,
970 3077 982 3098 ,

168 3103 251 3166 Dura
272 3106 374 3186 cutis,
395 3122 451 3184 per
474 3121 562 3183 wem
585 3107 714 3185 spectari
736 3107 850 3166 viscera
872 3112 1012 3185 possent:

168 3190 245 3254 Ossa
267 3191 323 3255 sub
346 3195 479 3255 incurris
501 3191 641 3254 extabant
663 3192 745 3254 arida
767 3191 894 3275 lumbis,

98 3279 290 3345 socientur
313 3289 378 3343 crat
402 3299 459 3361 pro
486 3290 590 3343 ventre
617 3281 724 3363 locus3
747 3298 938 3361 genuumque
961 3278 1092 3343 tumebat

97 3380 153 3433 808
168 3367 282 3451 Orbis,
304 3377 337 3431 ct
358 3370 508 3431 inmodico
530 3368 690 3450 prodibant
711 3368 818 3431 tubere
840 3367 909 3430 tali.

168 3455 251 3519 Hauc
264 3457 371 3539 procul
383 3467 419 3520 ut
430 3457 504 3520 vidit
511 3506 521 3540 ,
534 3490 577 3502 -
591 3476 690 3538 neque
703 3460 784 3520 enim
797 3464 845 3518 est
857 3457 999 3520 accedere
1012 3459 1092 3519 iuxta

167 3546 248 3607 Ausa
270 3576 313 3591 -
336 3546 432 3608 refert
453 3546 588 3609 mandata
611 3545 706 3609 deae:
728 3544 909 3628 paulumque
931 3554 1062 3625 morata,
