2467 4042
193 212 259 277 214
347 232 509 268 mronns
607 210 784 267 METAM'M.

281 377 486 460 Hippomenen
509 379 567 442 adii
579 427 588 460 ,
612 380 781 461 docuique,
804 381 871 459 quis
893 398 968 441 usus
989 382 1021 441 lu
1048 380 1130 442 illis.
1231 448 1232 459 .

282 468 372 548 Signa
394 466 482 530 tubae
505 469 670 551 dederant,
692 487 761 529 curn
784 487 902 530 carcere
925 487 1044 549 pronus
1070 479 1196 548 uterque

281 556 417 637 Emicat,
439 566 471 618 et
493 575 638 619 summam
660 555 750 618 celeri
772 557 847 637 pede
870 556 943 618 libat
964 557 1135 619 harenam.
1231 628 1232 631 Ἴ

281 644 372 706 Posse
395 653 484 725 putes
505 645 573 706 illos
596 648 676 707 sicco
699 646 776 706 heta
798 645 903 707 radere
926 665 1037 728 passu,

215 744 267 794 666
281 731 320 794 Et
342 736 451 813 segetis
474 752 565 796 canae
587 742 700 795 stantes
722 752 900 813 percurrere
924 737 1052 796 aristas.

281 821 420 883 Adiciunt
443 825 555 884 animos
578 825 678 884 iuveni
702 821 870 902 clamorque
893 823 1059 905 favorque,
1231 894 1232 897 Ἴ

281 909 436 991 Verbaque
455 911 606 973 dicentum
625 905 759 991 ωιιιιιιο,
778 929 857 972 nuno
875 910 1055 972 incumbere
1077 921 1208 991 tempus,

280 998 488 1083 Hippomene,
509 997 659 1080 properat
682 1017 763 1060 nuno
785 998 898 1060 viribus
921 1008 1009 1061 utere
1031 1002 1131 1061 totis.

280 1087 361 1149 Pelle
383 1106 519 1170 moram,
541 1090 643 1149 vinces
657 1081 702 1149 :’''
726 1086 849 1149 dubium
861 1136 871 1169 ,
893 1087 1068 1167 Megareius
1093 1089 1182 1148 heros

213 1188 267 1239 666
280 1175 434 1258 Gaudeat,
457 1195 494 1238 an
515 1178 598 1256 uirgo
621 1177 715 1256 magis
736 1175 784 1236 his
808 1175 971 1237 Schoeneia
996 1177 1109 1238 dictis.

281 1264 306 1326 0
330 1267 489 1347 quotiens,
512 1282 580 1327 cnm
603 1267 661 1326 iam
683 1274 786 1345 posset
807 1267 958 1346 transire,
981 1274 1104 1326 morata
1129 1273 1189 1344 est,

282 1352 495 1433 spectatosque
519 1353 570 1415 diu
592 1353 691 1414 vultus
714 1355 804 1413 inrita
827 1351 969 1432 reliquit!

280 1440 429 1505 Ariduse
451 1442 528 1503 lasso
551 1441 687 1503 veniebat
710 1441 857 1502 anhelitus
875 1460 945 1523 ore,

280 1529 417 1609 Metaque
440 1538 505 1591 erat
527 1530 635 1611 louge.
664 1537 728 1590 turn
751 1528 878 1609 denique
902 1530 939 1592 de
962 1528 1066 1591 trihus
1091 1548 1183 1591 unum

214 1629 267 1678 666
280 1617 403 1679 Fetibus
426 1618 559 1679 arboreis
581 1618 681 1699 proles
702 1616 850 1696 Neptunia
873 1620 970 1679 misit.

281 1705 433 1786 Obstipuit
454 1711 560 1787 virgo,
582 1706 728 1784 nitidique
751 1706 890 1787 cupidine
913 1708 994 1786 pornl

280 1793 414 1857 Destinat
436 1813 565 1875 cursus,
588 1812 754 1874 aurumque
777 1793 903 1856 volubile
927 1794 1023 1856 tollit:

279 1881 428 1944 Praeterit
450 1883 672 1964 Hippomenes:
694 1890 837 1945 resonant
859 1884 1029 1962 spectacula
1053 1884 1178 1964 plausu.

279 1971 332 2033 llla
354 1990 467 2033 moram
490 1972 581 2033 celeri
603 1978 776 2050 cessataque
799 1980 932 2051 tempora
956 1990 1050 2033 eursu

214 2072 267 2124 tto
281 2059 428 2142 corrigit,
451 2070 539 2140 atque
558 2062 668 2121 iterum
686 2063 825 2121 invenem
847 2069 916 2141 post
936 2067 1020 2138 terga
1046 2060 1198 2139 relinquit.

279 2148 318 2210 Et
339 2167 446 2210 rursus
468 2151 549 2228 pomi
570 2150 650 2210 iaetu
673 2157 822 2210 remorata
844 2148 984 2228 secundi,

280 2237 480 2317 Consequitur
503 2240 668 2316 transitque
691 2239 809 2298 virum.
836 2255 906 2317 pars
928 2237 1032 2298 ultima
1058 2254 1166 2299 cursus

280 2326 436 2388 Restabat.
460 2321 588 2387 “‘nune’
602 2327 701 2405 inquit
714 2321 813 2406 ‘ades,
831 2324 886 2387 dea
899 2327 1034 2387 muneris
1050 2335 1155 2388 auctor
1161 2319 1199 2387 1”'

279 2414 373 2494 lnque
395 2414 472 2477 latus
495 2416 613 2496 campi,
636 2432 696 2493 quo
719 2413 833 2475 tardius
854 2414 904 2475 illa
926 2414 1063 2497 rediret,

213 2514 266 2565 676
281 2504 354 2565 lecit
377 2503 413 2564 ab
436 2502 555 2582 obliquo
578 2501 705 2564 nitidum
729 2501 904 2564 iuvenaliter
927 2521 1052 2565 aurum.

280 2593 325 2653 dn
347 2600 464 2672 peteret
475 2639 486 2674 ,
508 2593 591 2671 virgo
613 2593 676 2651 visa
700 2599 746 2651 est
768 2590 926 2652 dubitaret
948 2593 1035 2670 coegi

280 2680 418 2761 Tollere,
441 2689 472 2742 et
494 2680 588 2741 adieci
611 2678 727 2740 sublato
749 2679 880 2759 pondera
903 2679 997 2760 malo,

280 2770 462 2849 lmpediiqne
485 2771 586 2830 onemo
608 2770 721 2848 pariter
745 2770 887 2847 gravitate
909 2785 1070 2847 moraque.

280 2858 359 2918 Neve
382 2875 467 2919 meus
491 2875 588 2918 sermo
612 2874 704 2918 cursu
728 2857 767 2917 sit
787 2855 900 2917 tardior
921 2859 1005 2938 ipso,

212 2959 266 3010 660
281 2947 445 3008 Praeterita
469 2956 515 3006 est
537 2949 643 3025 virgo:
665 2944 749 3005 duxit
771 2962 825 3005 sua
846 2948 976 3024 praemia
998 2947 1111 3008 vietor.

280 3035 434 3115 Dignane,
457 3037 507 3095 cui
530 3041 629 3113 grates
653 3042 775 3114 ageret,
798 3036 847 3094 cui
870 3035 946 3094 turis
968 3033 1113 3095 honorem

279 3123 407 3205 Ferret,
429 3122 546 3203 hdoni,
570 3118 644 3183 lui?
669 3140 723 3182 nec
746 3128 844 3201 grates
867 3123 1012 3183 inmemor
1035 3126 1113 3205 egit,

279 3212 341 3274 Nec
363 3210 436 3273 mihi
458 3220 526 3272 tura
549 3210 652 3271 dedit.
680 3209 808 3270 suhitam
831 3218 988 3271 convertor
1010 3213 1040 3271 iu
1066 3214 1153 3271 ham:

280 3300 519 3380 Contemptuque
543 3299 669 3379 dolens,
692 3316 729 3359 ne
753 3301 809 3359 sim
832 3299 998 3379 spernenda
1020 3300 1145 3378 tuturis,

212 3400 265 3452 666
280 3387 421 3470 Exemplo
445 3407 556 3469 caveo,
578 3405 687 3466 meque
709 3389 773 3467 ipsa
797 3386 938 3448 exhortor
959 3391 991 3448 in
1014 3388 1130 3447 ambos.

279 3477 423 3557 Templa,
445 3477 535 3539 derum
558 3475 644 3537 llatri
668 3493 741 3554 quae
765 3476 914 3555 quondam
937 3476 1164 3536 clarus-Echion

278 3563 402 3624 Fecerat
424 3582 461 3625 ex
483 3575 573 3645 voto,
597 3566 762 3625 nemorosis
785 3564 883 3625 abdita
906 3563 1002 3644 silvis,
