2467 4042
993 185 1050 246 v11

48 357 212 440 scripturam
234 359 356 422 Heinsii
378 358 525 421 revocari
562 358 606 419 ita
628 357 708 418 enim
735 356 846 434 legisse
869 354 981 416 Seneca
1003 356 1046 416 vi-

5 515 7 518 ,
48 449 132 528 detur,
152 451 202 528 qui
224 449 301 510 Nat.
317 468 365 525 qn.
383 449 467 509 1128
493 449 527 509 3:
550 446 617 515 toto,
639 450 673 508 at
693 446 737 506 ita
758 446 863 513 dham,
885 447 945 506 ictu
962 448 989 504 et
1006 447 1046 504 to·

48 541 99 599 terr
115 538 226 614 plebem
248 539 341 598 dcccl
362 537 521 612 dissipante
543 553 615 611 opas
639 538 692 603 est,
715 537 748 594 ct
768 535 880 594 sectus
903 537 1045 607 moneat,

46 627 128 700 pedib
144 629 274 695 deditior,
299 643 365 686 cam
385 628 472 686 tonat.
504 624 583 685 idem
602 626 705 684 autem
723 640 799 699 quae
819 621 941 699 scripsit
958 621 1044 681 initio

46 726 163 776 exxvr
186 715 223 776 de
248 713 369 791 origine
390 712 546 790 imbrium,
572 712 661 772 valde
685 710 807 770 dubiam
834 710 909 770 mihi
930 709 1046 771 iaciunt

47 804 254 882 antedonem,
274 820 368 880 quam
385 822 414 862 v.
428 804 492 863 269
517 801 595 879 dedi,
617 810 760 861 menum
778 801 878 867 clodi,
896 799 1046 875 explicant

48 890 108 950 iilud
134 892 214 970 hiere,
247 891 332 969 quod
358 890 391 951 in
416 890 543 967 vulgata
570 889 721 965 scripture
747 888 827 948 male
854 906 902 947 me
929 887 1045 947 habuit

48 979 122 1041 uelim
143 979 239 1042 deleri
263 979 469 1041 coniecturam
492 978 664 1055 ceteroquin
687 976 784 1038 solitis
808 976 925 1036 scribes
946 976 979 1035 hd
1002 994 1047 1035 er·

48 1067 147 1130 roribus
169 1070 248 1130 eatis
273 1067 430 1128 munirem
533 1061 599 1127 405
623 1077 690 1127 sun
713 1077 775 1125 nur
797 1075 863 1125 usu
886 1075 935 1124 nn
958 1076 1046 1124 runn-

47 1166 127 1218 loaa
146 1167 301 1219 coltffls
316 1187 359 1198 —
374 1166 498 1216 smms.
533 1166 599 1215 last*
623 1155 687 1215 sine
708 1153 796 1213 libris
818 1153 931 1213 inserui
951 1171 986 1214 eo
1004 1153 1046 1213 lo-

46 1260 86 1322 cs,
111 1264 165 1322 qno
188 1248 239 1306 eat
261 1246 297 1305 in
318 1262 409 1306 versu
432 1244 587 1304 11111195.
623 1244 744 1318 poterat
767 1242 873 1302 abesse
894 1243 951 1301 hoc
973 1242 1046 1318 loco,

48 1331 80 1409 si,
102 1336 135 1394 ut
158 1335 191 1393 in
218 1334 274 1393 illo
303 1333 353 1393 vel
375 1333 513 1408 111178,
536 1345 584 1392 xv
601 1333 673 1408 170,
700 1329 814 1390 nudum
840 1330 1047 1407 praedicatum

47 1423 125 1481 esset:
151 1422 203 1482 sed
229 1423 371 1483 iunctum
398 1423 446 1481 est
472 1420 574 1482 dativo
601 1419 771 1497 possessivo
798 1421 907 1494 tipicis,¹
934 1419 972 1479 ab
996 1420 1047 1478 ad·

47 1507 139 1570 tectius
160 1512 317 1571 simillima
337 1526 398 1570 non
420 1508 482 1587 hie,
509 1509 562 1570 sed
589 1508 713 1569 medetur
738 1506 858 1584 pendet.
895 1525 986 1584 quam
1008 1508 1046 1567 ob

49 1613 101 1656 rem
115 1616 253 1659 rasuram
277 1598 310 1658 in
327 1597 359 1656 ll
377 1601 492 1672 cept...
515 1615 576 1657 non
594 1595 733 1673 suppleri
751 1595 901 1673 scriptura
919 1596 1047 1655 aliorum

49 1683 189 1765 librorum,
222 1704 319 1764 quam
349 1703 456 1747 manus
484 1684 613 1746 secunda
639 1685 671 1744 in
697 1685 784 1744 illum
811 1684 928 1761 intulit,
960 1702 1047 1744 eraso

51 1772 155 1854 reticet,
173 1776 256 1852 quod
269 1774 379 1835 laviori
393 1792 485 1849 opera
498 1774 610 1851 corrigi
623 1792 684 1835 non
696 1775 807 1850 posset
861 1767 928 1832 470
947 1770 1046 1843 Quot>

52 1870 152 1943 tecm,
177 1874 358 1924 namuri
385 1874 460 1924 lesit
502 1867 640 1924 cardum
668 1867 709 1923 est
736 1861 809 1921 libri
836 1879 947 1922 omnes.
984 1878 1047 1923 eor-

53 1949 129 2010 rectio
150 1953 262 2012 certior
285 1952 416 2012 fortasse
438 1949 605 2012 Heinsiana
627 1963 651 2011 v
666 1952 718 2027 80,
740 1950 794 2010 ubi
815 1949 848 2009 ld
880 1955 1048 2028 ..omnwtd

52 2035 111 2097 oiim
130 2039 191 2101 sins
213 2040 309 2101 dubio
332 2040 483 2101 bemnsoio.
518 2041 665 2117 perpetuo
692 2039 741 2098 hic
764 2037 862 2098 scriba
884 2038 994 2115 ineptit
1015 2040 1049 2099 in

5 2187 7 2202 .
53 2122 187 2189 eiiciendae
209 2132 267 2190 ant
290 2127 476 2188 detrahenda
501 2146 538 2188 ea
564 2128 676 2189 littera.
713 2127 805 2187 etiam
826 2129 932 2188 11799
957 2130 1048 2188 et1v

56 2214 108 2273 llo
130 2215 210 2277 dedit
242 2218 365 2292 amotis,
391 2233 466 2278 amo.
506 2215 663 2293 vulgatam
694 2233 754 2276 non
784 2217 889 2275 tuetur
915 2227 968 2275 vn
983 2217 1046 2276 673

54 2299 170 2383 audace,
192 2309 279 2368 metue
295 2306 355 2381 fuit
370 2322 463 2367 corea
481 2308 594 2381 cusp&
617 2307 651 2364 at
673 2302 912 2365 emendationem
935 2317 958 2364 v
974 2305 1048 2381 984,

57 2385 172 2466 Propert.
189 2395 288 2455 11112
316 2396 334 2454 9
353 2392 465 2469 Haupt.
546 2386 622 2471 545,
639 2386 704 2454 547
723 2392 823 2468 recepi
836 2410 912 2469 quaa
930 2391 962 2451 in
979 2412 1048 2470 pro·

56 2475 138 2539 etesi
166 2481 338 2559 posthabui
383 2500 444 2544 non
471 2485 519 2543 est
545 2481 701 2559 probabile
729 2481 827 2540 solum
848 2480 983 2541 Peneum
1004 2482 1048 2541 in·

59 2570 176 2629 coetum
196 2571 331 2634 uoluisse
354 2573 484 2649 poetam
507 2588 526 2630 a
547 2573 635 2647 petre
657 2569 751 2629 filiam
772 2571 922 2630 mutatam
944 2569 1047 2630 luisse.
1089 2569 1093 2579 '

58 2648 189 2718 Tellurem
210 2662 267 2720 aut
288 2658 466 2719 crediderim
489 2658 678 2736 desumptam
696 2677 733 2718 ex
750 2657 858 2719 Aesch.
873 2657 1048 2718 Promethei

60 2756 98 2801 us.
109 2743 164 2806 tit
187 2747 251 2809 581
272 2747 321 2824 Η.,
334 2766 425 2824 quam
437 2747 573 2807 fabulam
586 2747 731 2824 relegisse
746 2765 815 2807 eum
829 2748 950 2823 oportet
965 2743 1047 2807 ante-

59 2844 133 2902 quam
151 2853 271 2897 versum
293 2835 402 2895 abhinc
424 2835 605 2916 vigesimum
627 2835 842 2913 conscriberet,
869 2837 924 2895 aut
945 2853 983 2895 ex
1004 2835 1048 2894 fa

59 2910 118 2978 buis
135 2919 331 3003 Antiochens‚
359 2942 450 3001 qurum
476 2924 569 2985 hahet
590 2923 716 2985 Nonnus
739 2924 827 2984 Dium
849 2924 1047 2984 xxxl11214

61 2992 174 3089 (humo,
198 3012 299 3073 Aetne
320 3031 350 3089 p.
368 3005 437 3093 43).
570 3007 636 3073 640
658 3023 785 3074 succus
808 3022 977 3084 rovaoun
1000 3023 1047 3071 un

61 3098 235 3161 eousrrxrr
268 3112 307 3161 na
335 3111 435 3161 unna
465 3098 618 3163 consur.
664 3104 747 3177 ripas
779 3099 859 3161 libri
902 3100 1049 3161 tuendum

63 3194 124 3261 scor,
143 3190 217 3264 quod
238 3207 326 3250 nemo
348 3190 477 3265 probare
500 3208 600 3252 susus.
636 3192 726 3251 rietus
744 3193 775 3251 et
793 3204 903 3250 cornua
920 3187 1049 3250 redeunt

62 3282 100 3328 vu.
116 3274 172 3336 140
194 3278 271 3339 7412
294 3279 385 3339 rietes
407 3279 486 3340 bonis
508 3281 556 3339 est
578 3278 659 3354 apud
681 3277 812 3337 Plinium
833 3275 906 3338 Nat
929 3277 958 3335 h.
981 3289 1048 3336 vm

65 3354 109 3417 ts:
126 3364 214 3429 estse
236 3369 263 3428 et
283 3382 395 3428 cornua
411 3368 486 3432 cidit
500 3369 533 3429 to
549 3368 631 3428 undo
649 3368 741 3427 etiam
758 3365 895 3426 Actaeon
917 3366 1047 3425 111200.

62 3450 186 3518 mantum
207 3454 347 3517 secedere
369 3456 495 3532 putatur
518 3454 676 3517 tenerioris
696 3455 820 3517 affectus
840 3471 877 3514 ex
894 3453 1051 3528 anaphora

64 3532 182 3615 ussus
204 3560 269 3625 scr,
290 3545 411 3606 tautum
433 3543 550 3622 deperit
572 3563 608 3605 ex
630 3543 812 3606 narrationis
830 3541 964 3620 partium
981 3557 1050 3601 eon·
