2467 4042
279 207 356 261 VI

278 375 452 432 terna
505 371 841 448 minimum,
906 392 963 448 p.
1023 375 1141 432 121
1202 392 1435 434 novem.
1541 372 1930 434 revincuntur
1991 391 2063 432 ea
2124 373 2301 433 facile

280 460 478 521 omnia
547 459 770 520 saeculi
832 479 920 519 x11
981 461 1177 537 libris,
1244 461 1370 537 qui,
1446 459 1602 538 quod
1672 478 1779 520 nec
1854 460 2005 520 alias
2076 479 2298 537 rarum,

279 548 548 625 plerique
612 566 732 608 non
784 548 1051 626 vulgaris
1109 552 1248 608 sunt
1303 549 1637 623 commatiS,
1700 566 1809 608 nec
1862 549 1957 608 sui
2010 552 2300 625 temporis

282 636 521 712 quidem
565 636 769 696 naevis
816 636 1241 696 deformantur.
1351 655 1562 696 versus
1605 636 1827 712 integri
1872 639 1982 696 aut
2024 636 2297 713 disticha,

282 743 436 800 quae
489 725 554 783 in
598 724 793 784 Fastis
839 724 1216 800 repudiandi,
1274 727 1380 785 aut
1433 727 1574 784 sunt
1626 724 2031 800 antiquiorum
2076 743 2296 801 appen-

280 812 457 888 dices,
504 814 572 870 ut
608 813 672 871 II
711 814 856 888 202,
902 816 1010 872 aut
1043 815 1174 889 ipsa
1217 814 1398 889 paulo
1436 816 1577 872 sunt
1613 812 1966 888 antiquiora,
2014 816 2083 873 ut
2118 831 2296 889 quae·

282 899 419 959 dam
465 900 605 959 libri
650 899 754 958 VI.
863 900 1013 959 nihil
1059 902 1132 960 de
1177 901 1283 961 illo
1328 919 1545 978 genere
1588 900 2092 976 interpolationis,
2148 919 2298 977 quae

283 988 535 1049 saeculis
590 1007 678 1047 111
731 991 794 1047 et
847 1007 912 1046 XI
965 990 1328 1065 importuna,
1386 988 1738 1064 deliberata,
1793 989 2070 1063 pervicax
2128 1007 2296 1065 gras-

285 1079 419 1136 sata
473 1078 590 1152 est,
639 1076 998 1154 scholarum,
1056 1080 1126 1136 ut
1178 1077 1440 1152 videtur,
1486 1077 1693 1137 usibus
1742 1076 1955 1136 affinis.
2062 1079 2299 1136 mutan·

281 1167 385 1224 tur
432 1182 583 1240 quae
613 1165 954 1240 scrupulum
991 1165 1329 1240 iniciebant‚
1374 1168 1445 1225 ut
1481 1166 1621 1225 Met.
1658 1164 1775 1222 VII
1814 1166 1939 1225 636
1972 1163 2122 1223 VIII
2152 1167 2299 1241 237,

283 1253 628 1311 inseruntur
680 1271 891 1313 versus
950 1254 1462 1330 interpretationis
1522 1255 1628 1312 aut
1672 1252 2047 1313 exercitionis
2102 1271 2298 1328 causa,

282 1358 430 1417 quos
475 1340 696 1400 ibidem
723 1341 859 1417 plus
905 1342 1119 1418 viginti
1165 1342 1378 1401 codicis
1407 1342 1468 1399 M
1496 1340 1839 1402 testimonio
1867 1341 2091 1416 expuli3
2137 1342 2295 1416 peri·

281 1429 531 1504 phrases
569 1448 846 1489 versuum
885 1431 1272 1505 pauculorum
1310 1429 1555 1489 mirifice
1593 1431 1937 1488 excrescunt
1964 1428 2114 1487 VIII
2147 1431 2294 1502 596,

286 1519 432 1592 655,
483 1520 627 1579 696.
716 1517 930 1578 leviter
965 1518 1111 1578 haec
1145 1519 1498 1594 praevalent
1532 1518 1592 1576 in
1630 1516 1920 1593 pericopis
1957 1517 2300 1575 fabularum

284 1605 502 1664 scholis
538 1605 853 1682 aptiorum,
893 1605 996 1666 sed
1032 1610 1161 1666 toto
1189 1624 1432 1682 corpore
1459 1605 1867 1666 inveniuntur:
1903 1605 2080 1680 putes
2124 1605 2300 1680 prod-

285 1694 404 1752 isse
459 1712 489 1751 e
545 1711 752 1752 museo
806 1694 1027 1754 veteris
1083 1694 1334 1754 alicuius
1389 1695 1724 1753 scholarum
1776 1692 2041 1768 patroni,
2106 1692 2299 1768 qualis

282 1780 387 1840 ine
433 1781 906 1858 Erchenbaldus,
963 1782 1066 1858 qui
1118 1813 1191 1825 -
1246 1784 1509 1842 ecclesiae
1552 1783 1799 1841 Inclitus
1844 1783 2079 1855 antistes
2125 1782 2303 1840 libros

273 1871 596 1944 perleyerat
658 1887 875 1946 omnes,
939 1870 1108 1930 Inter
1166 1888 1308 1944 quos
1364 1873 1541 1930 istum
1600 1901 1676 1912 —
1734 1869 1985 1929 libellum
2040 1867 2304 1928 Correxit

275 1975 387 2032 per
422 1975 482 2017 se
517 1954 761 2017 studiosi
797 1960 1077 2032 doqmatis
1113 1963 1254 2034 arte,
1291 1959 1477 2018 Falsa
1513 1963 1676 2017 catus
1710 1958 1922 2017 radens
1959 1961 2012 2016 et
2045 1974 2303 2031 conyrua

285 2048 547 2106 sensibus
609 2047 840 2107 addens.
951 2046 1055 2105 ille
1127 2045 1367 2122 quidem
1430 2045 1665 2105 saeculo
1729 2044 1955 2104 decimo
2020 2048 2299 2103 exeunte:

286 2133 390 2193 sed
443 2136 645 2192 tamen
697 2134 772 2193 ab
827 2133 1137 2193 undecimo
1196 2134 1687 2209 interpolationes
1742 2132 1987 2191 Pindari
2033 2132 2302 2191 Thebani

286 2223 655 2297 aliorumque
699 2226 1044 2297 poematum
1087 2222 1282 2298 repeti
1326 2221 1517 2298 video,
1564 2223 1693 2297 ipse
1739 2220 1923 2280 codex
1958 2220 2141 2279 Laut.
2178 2221 2296 2278 Me-

283 2315 426 2370 tam.
473 2310 574 2368 vix
617 2309 936 2386 recentior3
981 2312 1142 2371 certe
1179 2310 1535 2369 Ursinianus
1571 2309 1907 2385 Fastorum,
1954 2309 2059 2384 qui
2094 2309 2303 2368 eadem

285 2397 588 2475 farragine
644 2398 1023 2473 scholastica,
1078 2399 1257 2474 paulo
1313 2417 1494 2474 quam
1545 2397 1608 2458 in
1652 2396 1832 2456 Laur.
1891 2400 1953 2455 et
1998 2397 2123 2456 Erf.
2170 2414 2308 2465 cru·⁴

286 2487 476 2561 diore‚
531 2488 807 2562 oppletus
863 2489 978 2561 est,
1035 2486 1277 2546 ineunte
1333 2504 1482 2546 saec.
1527 2498 1602 2545 XI
1659 2487 1914 2560 scriptus
1967 2484 2300 2543 videbatur.

286 2575 473 2634 hahet
521 2575 741 2646 primus
793 2573 1084 2635 distichon
1128 2593 1199 2634 ea
1245 2576 1442 2634 aetate
1489 2574 1737 2650 dignum
1774 2572 1861 2630 VI
1894 2574 2017 2632 739
2071 2574 2200 2632 740
2239 2576 2304 2631 et
2377 2579 2394 2584 ‘

288 2666 409 2722 tria.
457 2662 537 2718 Ἦ
577 2670 697 2722 ΞΠ]
749 2662 825 2722 ad
871 2665 1025 2739 276,
1074 2681 1225 2739 quae
1272 2662 1476 2740 magni
1520 2662 1836 2721 interforet
1882 2659 2045 2735 sciri,
2091 2663 2300 2735 potue·

292 2758 485 2806 mutne-
565 2757 705 2806 [uun.
769 2751 1052 2827 temporis
1126 2752 1202 2810 ab
1276 2751 1514 2810 homine
1586 2749 1757 2810 docto
1822 2747 2208 2807 Benedictino
2269 2768 2301 2807 e

292 2842 601 2894 Lenaei-uis]
661 2838 941 2916 ufmfingi3
998 2839 1049 2898 si
1102 2840 1457 2915 potuerunt,
1520 2857 1629 2899 nec
1683 2837 1803 2897 alia
1857 2836 2176 2896 Fastorum
2240 2839 2303 2896 et

292 2930 669 2986 PnJHt.i,r,:tsl·111]]
725 2926 793 2986 ud
843 2945 994 2987 saec.
1041 2947 1106 2987 vx
1151 2928 1365 2986 referri
1409 2945 1649 2986 necesse
1693 2925 1893 2986 fuerit.

473 3018 699 3074 Eufflnali
745 3030 785 3074 x
834 3015 1122 3075 habemus
1169 3015 1392 3075 librum
1436 3015 1830 3075 Petavianum
1868 3014 2186 3073 Fastorum
2223 3017 2301 3089 et,

292 3114 577 3178 quantum
629 3113 797 3178 puta,
851 3103 1372 3180 Hamburgensem
1416 3103 1825 3179 Ponticorum,
1871 3103 2092 3180 quippe
2137 3102 2301 3161 cuius

292 3198 585 3270 serisfflura
645 3197 817 3266 plane
862 3210 997 3252 cum
1042 3192 1281 3253 Horatii
1325 3190 1763 3253 Orellianorum
1809 3209 1926 3251 uno
1973 3190 2301 3264 conveniat,

288 3302 393 3338 nez]
445 3302 477 3338 a
525 3282 805 3338 Thasium
853 3280 1224 3356 epithalamii
1273 3279 1495 3340 Catulli
1546 3279 1663 3339 nisi
1718 3278 2068 3354 spatiosiore
2120 3280 2302 3354 paulo

292 3370 633 3426 litteratura
709 3369 972 3431 dissedit.
1091 3368 1406 3428 Petaviani
1477 3372 1540 3429 et
1601 3366 2078 3444 Hamburgensis
2139 3385 2302 3425 men-

292 3458 497 3514 slei-um
561 3458 713 3514 sthi-111
769 3476 957 3534 genus
1013 3460 1132 3533 est,
1187 3456 1499 3517 Petaviani
1543 3455 1864 3532 crebriora3
1920 3454 2303 3530 interpolatio

292 3546 625 3618 reatin-viana
665 3566 841 3618 spiam
880 3544 1072 3605 dicere
1109 3547 1308 3621 velim,
1344 3547 1512 3604 nulla
1546 3545 1608 3603 in
1643 3543 1932 3603 insubidis
1967 3543 2109 3620 illis,
2155 3560 2304 3619 quas
