2467 4042
175 245 219 309 90
346 263 458 301 renerus
587 241 767 300 Mutamus

263 410 423 490 Postquam
446 406 631 470 exhalantem
654 407 710 471 suh
733 408 840 471 acerbo
863 410 985 473 vulnere
1009 413 1102 473 vitam

263 497 432 580 Deploravit
454 497 566 578 Athin,
588 515 664 577 quos
686 497 735 558 ille
758 497 927 560 tetenderat
949 517 1036 560 arcus

262 587 375 667 Arripit
397 593 428 648 et
450 581 578 647 ‘mecum
601 584 656 647 tihi
678 587 739 646 sint
761 588 922 649 certamina
930 582 952 669 ,'
975 589 1051 649 dixit

214 685 248 736 eo
264 670 336 736 ‘Nec
358 674 479 754 longum
501 676 588 753 pueri
611 674 671 734 lato
693 673 864 757 laetabere,
886 693 945 755 quo
968 676 1036 755 plus

263 762 413 844 invidiae,
436 780 525 841 quam
551 761 646 823 landis
668 761 760 823 habes
774 757 794 823 .'
820 762 894 824 haec
922 766 1021 825 omnia
1051 765 1189 827 nondum

262 851 402 931 Dixerat,
425 852 547 912 emicuit
570 868 661 912 nervo
682 850 867 930 penetrabile
890 851 1000 934 telum,

262 938 449 1018 vitatumque
472 946 571 999 tarmn
594 940 714 1000 sinuosa
737 949 819 1000 veste
841 940 999 1020 pependit.

262 1026 358 1089 Vertit
379 1030 410 1088 io
432 1027 512 1087 hunc
534 1026 648 1107 harpen
670 1035 832 1106 spectatam
855 1028 944 1089 caede
966 1028 1114 1090 Medusae

215 1129 249 1179 to
262 1115 501 1197 Acrisioniades,
523 1114 672 1194 adigitque
695 1118 727 1176 in
748 1123 875 1195 pectus.
903 1125 933 1177 at
954 1116 1004 1177 illc

261 1205 323 1267 lam
344 1206 498 1286 monens,
521 1203 614 1264 ecuhs
638 1202 694 1264 sub
717 1212 804 1264 nocte
828 1203 996 1265 natantibus
1020 1213 1109 1287 atra,

262 1292 478 1373 circumspexit
500 1291 611 1372 atho,
634 1309 725 1370 seque
748 1292 902 1353 acclinavit
923 1294 955 1353 in
977 1291 1081 1375 illum,

261 1380 301 1442 Et
322 1379 390 1441 tulit
412 1380 448 1441 ad
470 1398 572 1441 manes
594 1383 712 1440 iunctae
736 1380 843 1442 solacia
864 1383 985 1442 mortis.

262 1468 340 1530 Ecce
364 1467 522 1548 Syenites,
544 1470 663 1548 genitus
685 1467 836 1550 lletione,
857 1467 991 1530 Phorbas

215 1568 248 1618 tc
262 1556 301 1618 Et
322 1555 411 1637 Libys
433 1556 647 1637 Amphimedon
659 1603 669 1636 ,
692 1555 768 1617 avidi
791 1558 976 1618 committere
998 1576 1156 1641 pugnam,

262 1644 433 1726 Sanguine,
456 1663 515 1724 quo
537 1644 595 1706 late
618 1643 706 1705 tellus
729 1644 892 1706 madefacta
914 1645 1051 1728 tepebat,

262 1733 459 1794 Conciderant
482 1733 577 1812 lapsi.
605 1732 798 1823 surgentibus
821 1732 936 1795 obstitit
958 1737 1057 1818 ensis,

260 1822 390 1884 Alterius
414 1824 526 1901 casile,
548 1820 650 1899 iugulo
672 1819 850 1882 Phorbantis
872 1821 1015 1883 adactus.

262 1913 299 1971 ht
321 1927 380 1970 non
403 1909 562 1970 Actoriden
585 1907 732 1990 Erylum,
756 1911 804 1970 cui
826 1909 885 1970 lata
906 1908 1043 1990 bipennis

212 2012 247 2060 eo
261 1998 366 2059 Telum
388 2005 474 2079 erat,
496 1997 612 2059 hamato
634 1996 764 2058 Perseus
786 1999 861 2078 petit
883 2015 954 2059 ense
966 2046 976 2080 ,
998 1999 1052 2060 sed
1076 1998 1146 2062 altis

260 2086 417 2148 Extantem
439 2087 531 2165 signis
554 2103 733 2165 murraeque
756 2085 941 2167 inpendere
964 2104 1061 2148 massa

261 2175 413 2254 lugentem
437 2173 571 2235 manibus
594 2172 671 2234 tollit
694 2182 809 2235 cratera
831 2173 964 2254 duabus,

261 2263 428 2343 lniligitque
451 2265 537 2324 viro.
564 2261 687 2323 rutilum
709 2263 802 2323 vomit
823 2261 872 2323 ille
894 2280 1033 2323 cruorem

259 2350 299 2412 Et
320 2353 479 2431 resupinus
502 2351 626 2412 humum
643 2348 821 2411 moribundo
843 2351 953 2411 vertice
975 2350 1092 2430 pulsat.

212 2450 247 2501 et
260 2438 334 2500 lnde
357 2438 530 2500 Semiramio
553 2437 768 2518 Polydaemona
791 2439 934 2518 sauguine
958 2448 1075 2501 eretum

260 2527 493 2607 Caucasiumque
516 2525 626 2587 Abarin
650 2525 943 2606 Sperchionidenque
966 2524 1111 2607 Lycetum

260 2616 472 2696 lntonsumquc
495 2633 594 2676 comas
617 2613 750 2676 Helicem
772 2614 978 2694 Phlegyanque
1003 2613 1180 2696 Clytumque

260 2703 396 2786 Sternit,
419 2714 450 2765 et
472 2712 625 2765 extructos
646 2704 827 2764 morientum
850 2701 942 2763 calcat
964 2721 1105 2766 acervos.

259 2791 320 2853 Nec
337 2791 469 2853 Phineus
491 2810 581 2853 ausus
605 2808 785 2852 concurrere
809 2792 973 2852 comminus
995 2791 1093 2875 hosti,

212 2893 246 2942 eo
260 2881 415 2959 lntorquet
436 2880 588 2941 iaculum:
611 2879 690 2958 quod
713 2878 819 2941 detulit
842 2897 927 2940 error
948 2881 980 2940 in
1002 2878 1094 2962 ldau,

259 2967 419 3048 Expertem
442 2969 553 3030 frustra
575 2966 645 3028 belli
667 2976 697 3028 et
720 2974 825 3028 neutra
848 2985 928 3028 arma
950 2977 1106 3031 secutum.

261 3055 313 3117 llle
335 3064 423 3118 tuens
447 3057 540 3118 oculis
562 3058 697 3116 inmitem
719 3054 831 3116 Phinea
853 3057 945 3116 torris

261 3141 517 3223 ‘Quandoquidem
539 3146 571 3205 in
593 3138 706 3224 partes'
729 3145 768 3204 ait
792 3138 982 3220 ‘abstrahor,
1005 3148 1132 3229 accipe,

1047 3233 1162 3296 Phineu

260 3320 355 3393 Quem
369 3323 467 3383 iecisti
480 3321 596 3383 hostem
604 3369 613 3403 ,
632 3338 783 3401 pensaque
797 3319 854 3381 hee
867 3318 989 3382 vulnere
1003 3319 1125 3384 vulnus’
1140 3282 1178 3369 ·-'

213 3422 247 3469 as
264 3409 382 3489 [amque
405 3412 587 3471 remissurus
609 3417 738 3470 tractum
761 3407 798 3468 de
822 3425 947 3487 corpore
970 3408 1065 3471 telum

260 3497 408 3575 Sanguine
432 3497 563 3559 delectos
587 3496 695 3557 cecidit
717 3495 863 3575 collapsus
885 3498 917 3557 in
939 3504 1041 3559 artus.

259 3583 336 3644 Tum
363 3602 480 3664 quoque
505 3583 676 3664 Cephenum
698 3592 767 3664 post
794 3601 894 3662 regem
920 3587 1035 3664 primus
1060 3585 1179 3651 Hodites
