2467 4042
456 237 478 291 L
498 240 647 291 att-458.
950 234 955 243 ’
987 236 1056 301 225

178 402 262 463 Sicut
284 410 349 463 erat
370 401 438 465 lusu
462 402 539 461 fessa
551 449 561 481 ‚
584 404 696 481 quievit
718 402 826 463 humo.

64 501 118 552 4113
133 489 235 569 Surgit
258 507 381 570 amans,
404 491 589 569 animamque
612 496 718 550 teneus
742 493 864 568 vestigia
887 490 991 551 furtim

178 579 328 658 Suspenso
353 577 453 657 digitis
475 578 535 638 lert
558 580 703 638 taciturna
727 576 837 656 gradu.

133 665 172 727 Ut
195 668 292 746 tetigit
314 668 416 727 niveae
439 672 554 726 secreta
578 664 687 726 cubilia
709 664 872 747 nymphae,

176 755 244 832 lpsa
266 756 313 814 sui
335 753 422 815 ssatus
445 771 483 814 ne
507 762 594 814 sonet
615 771 709 833 aura,
732 763 832 815 cavet.

133 841 170 904 Et
193 846 251 902 iam
273 842 398 903 finitima
420 859 529 920 corpus
552 840 678 901 librabat
699 844 730 902 in
753 840 863 903 herba:

65 942 119 992 430
178 929 229 990 1113
252 938 350 991 tamen
374 928 459 991 multi
482 928 567 1007 plena
590 931 707 1008 soporis
730 938 810 992 erat.
840 971 843 976 «

133 1017 269 1100 Gaudet,
293 1026 323 1078 et
345 1036 362 1078 a
384 1016 510 1096 pedibus
534 1024 629 1078 tracto
653 1016 795 1079 velamine
819 1025 884 1079 3313
1001 1020 1002 1024 ’

175 1106 219 1166 Ad
242 1124 295 1168 sua
318 1106 397 1168 felici
420 1114 559 1184 coeperat
581 1107 626 1166 ire
650 1108 713 1167 via.

132 1194 209 1256 liceo
233 1193 344 1256 rudens
367 1211 457 1255 rauco
481 1193 574 1254 Sileni
597 1202 699 1256 vector
722 1193 829 1255 asellus

176 1283 403 1361 Intempestivos
426 1280 518 1342 edidit
540 1298 593 1342 ore
616 1299 723 1343 sonos.

64 1381 119 1431 433
133 1370 249 1429 Territa
272 1370 427 1448 consurgit
449 1369 600 1448 nymphe,
623 1368 817 1448 manibusque
840 1367 981 1449 Priapum

176 1456 274 1517 Reicit
286 1502 296 1537 ‚
319 1466 349 1517 et
371 1457 488 1535 fugiens
511 1458 641 1517 concitat
662 1474 749 1520 omne
771 1474 895 1518 nemus.

132 1545 170 1605 tt
193 1544 268 1605 deus
280 1590 290 1623 ,
313 1542 442 1604 obscena
465 1545 588 1603 nimium
612 1562 731 1623 quoque
753 1551 838 1623 parte
860 1552 999 1625 paratus,

177 1630 323 1693 Omnibus
345 1630 381 1692 ad
405 1631 492 1692 lunae
516 1631 626 1692 lumina
649 1634 729 1692 risus
752 1641 832 1693 erat.

133 1720 228 1781 113313
252 1719 334 1780 dedit
356 1737 467 1799 poenas
490 1726 593 1780 auctor
617 1719 773 1780 clamoris:
805 1719 930 1782 ethaeo
954 1729 1001 1782 331

64 1820 118 1870 413
176 1807 414 1887 Hellespontiaco
437 1809 554 1869 victima
576 1817 659 1887 grata
682 1807 755 1869 deo.

132 1895 261 1957 Intactae
285 1897 408 1957 fueratis
431 1911 521 1976 aves,
545 1895 653 1957 solacia
675 1898 773 1976 ruris,

163 1975 338 2060 *Adsuetum
362 1984 443 2045 silvis
465 1986 687 2063 innocuumque
710 2002 821 2064 genus,

133 2073 214 2145 Quae
238 2074 335 2134 1331113
358 2072 466 2153 nidos,
490 2090 565 2151 quae
587 2072 696 2152 plumis
720 2090 774 2132 333
796 2071 918 2154 fovetis,

176 2160 215 2222 Et
238 2160 322 2222 taciti
340 2160 442 2221 dulces
465 2160 553 2222 editis
576 2178 628 2221 ore
652 2160 772 2221 modos.

65 2260 118 2311 443
135 2248 193 2310 Sed
216 2248 337 2309 3111313
360 2251 461 2309 iuvant
473 2295 483 2330 ‚
505 2251 575 2328 quia
597 2248 714 2327 linguae
738 2250 850 2310 crimen
874 2246 1010 2329 habetis,

175 2336 270 2415 ilique
294 2343 401 2416 putant
423 2344 538 2397 mentes
560 2354 612 2397 vos
636 2339 752 2416 aperire
775 2354 861 2399 suas.

131 2424 194 2485 Nec
216 2435 315 2485 1333333
337 2424 394 2484 1333
417 2422 542 2487 lalsum:
573 2442 665 2505 nam,
688 2424 734 2485 dis
757 2433 790 2485 ut
812 2427 946 2504 proxima

681 2530 833 2593 quaeque,

176 2600 261 2662 Nunc
284 2603 374 2680 pinna
397 2618 482 2661 veras
494 2647 504 2682 ‚
528 2618 607 2662 nuno
631 2599 707 2661 datis
730 2618 782 2661 ore
804 2608 907 2662 notas.

132 2689 208 2751 'luta
231 2688 282 2750 diu
305 2688 459 2750 volucrum
481 2688 581 2769 proles
604 2697 669 2750 tum
692 2687 819 2768 denique
843 2706 927 2750 caesa
950 2697 1016 2770 est,

64 2789 118 2841 433
177 2777 378 2858 iuveruntque
402 2776 474 2838 deos
497 2777 604 2841 indicis
628 2784 694 2838 exta
717 2779 780 2838 sui.

131 2865 210 2946 Ergo
234 2884 321 2946 saepe
345 2883 399 2927 333
423 2868 553 2928 coniunx
575 2865 701 2927 abducta
723 2868 829 2927 marito

176 2954 280 3016 Uritur
303 2954 401 3015 ldaliis
424 2953 489 3015 alba
511 2954 648 3016 columba
671 2955 761 3016 locis.

116 3041 193 3103 ,Nec
216 3041 337 3103 defensa
359 3044 461 3106 iuvant
484 3042 647 3121 Capitolia,
672 3060 729 3121 quo
752 3044 853 3103 minus
877 3058 964 3102 anser

177 3128 233 3189 Det
254 3132 339 3189 iecur
360 3129 393 3189 iu
415 3129 537 3208 lances,
560 3129 662 3189 1333131
684 3128 785 3210 lauta,
809 3137 892 3190 tuas.

65 3229 118 3279 133
132 3215 225 3278 Nocte
249 3216 321 3277 deae
343 3215 431 3278 Nocti
453 3218 593 3277 cristatus
616 3214 751 3276 caeditur
774 3215 852 3295 ales,

177 3304 263 3376 Quod
286 3303 418 3382 tepidum
443 3302 521 3382 vigili
544 3310 686 3383 provocet
708 3321 760 3364 333
784 3304 879 3364 diem.

132 3393 248 3455 interea
271 3392 397 3472 Delphin
420 3392 533 3453 clarum
555 3410 646 3471 super
669 3407 798 3471 aequora
821 3390 904 3453 sidus

176 3480 324 3563 Tollitur,
348 3490 378 3542 et
400 3482 504 3563 patriis
528 3482 623 3542 exerit
646 3498 698 3541 ora
721 3478 817 3541 vadis.

96 3682 178 3725 orn).
204 3684 249 3723 m.
686 3717 689 3722 ,
860 3672 891 3722 lb
