2467 4042
321 225 365 297 ll,
385 222 441 295 12,
460 222 500 284 19
514 259 557 271 -
572 222 628 296 14,
648 222 699 284 35.
979 222 1022 282 37

105 375 131 436 Si
144 383 233 437 tamen
248 377 278 436 in
293 382 377 436 tanto
394 377 441 435 las
460 382 508 436 est
521 373 682 436 monuisse
696 376 818 450 timore,

137 461 192 522 llac
205 461 256 521 tibi
270 461 310 521 sit
323 476 428 536 pugna
443 460 621 520 dimicuisse
636 460 712 523 satis

50 589 87 682 Μ
105 591 173 697 (laid
185 629 265 689 iuvat
279 630 419 688 inmunes
435 627 506 686 belli
522 643 647 695 cessare
663 629 796 703 puellas,

138 712 191 773 llec
205 715 267 773 iera
282 713 413 788 peltatas
429 712 550 786 agmina
565 712 645 772 velie
659 712 764 787 sequi,

106 794 132 855 Si
143 797 202 856 sine
215 805 309 859 marte
324 796 389 856 suis
406 796 560 871 patiuntur
574 797 704 856 uulnera
717 796 802 865 telis,

138 880 169 939 llt
181 896 285 942 caecas
301 887 420 940 armant
434 881 465 940 in
480 896 537 940 sua
552 881 614 941 iata
629 887 758 941 manus?

86 963 174 1037 torae
187 965 279 1041 prima
294 965 422 1025 instituit
436 971 560 1025 teneras
576 966 751 1025 convellere
766 966 862 1039 letus,

137 1048 232 1111 Militia
244 1051 343 1110 iuerat
358 1050 450 1123 digna
465 1049 565 1125 perire
580 1065 647 1109 sua.

107 1130 222 1205 Scilicet,
241 1141 274 1194 ut
289 1141 393 1192 careat
407 1149 551 1207 rugarum
565 1132 694 1193 erimine
709 1138 830 1204 venter,

140 1216 281 1278 Sternetur
295 1232 419 1293 pugnae
435 1216 530 1276 tristis
547 1232 643 1277 arena
658 1223 751 1277 tuae?
848 1266 851 1270 .

108 1299 133 1359 Si
144 1318 203 1362 mas
217 1302 348 1377 antiquis
368 1302 537 1377 placuisset
551 1301 698 1362 matribus
714 1301 811 1375 idem,

81 1393 102 1444 tt
141 1385 212 1446 Gens
225 1386 380 1447 hominum
395 1386 469 1445 vitio
485 1386 662 1461 deperitura
677 1386 747 1449 luit:

109 1468 206 1543 Quique
219 1471 325 1551 iterum
340 1471 459 1530 iaceret.
468 1470 592 1546 generis
608 1469 777 1546 primordia
791 1468 887 1531 nostri

139 1552 168 1612 ln
180 1570 271 1615 vacuo
286 1554 408 1631 lapides
425 1555 514 1629 orbe,
539 1554 696 1630 parandus
712 1561 785 1614 erat.

109 1634 166 1707 Quis
177 1637 279 1699 Priami
294 1639 440 1715 fregisset
454 1654 548 1714 opes,
572 1640 599 1698 si
612 1651 724 1699 numen
739 1654 887 1715 aquarum

139 1721 210 1782 iusta
221 1731 398 1784 recusasset
411 1724 552 1799 pondera
567 1720 786 1783 ferre'Thmist

80 1803 152 1863 tillia
164 1806 187 1865 si
197 1809 307 1868 tumido
323 1808 464 1883 gemines
480 1807 511 1866 in
527 1812 632 1867 ventre
648 1815 806 1884 necasset,

141 1888 257 1953 Casurus
273 1893 417 1952 dominae
432 1891 574 1952 conditor
589 1891 682 1952 Urbis
697 1898 771 1952 erat.
813 1890 816 1896 '
840 1937 848 1951 .

110 1970 135 2030 Si
146 1975 238 2036 Venus
252 1978 379 2037 Aenean
394 1976 524 2052 gravida
540 1983 721 2037 temerasset
736 1977 765 2036 in
781 1979 867 2041 alvo.

142 2056 309 2121 Caesaribus
326 2062 419 2121 tellus
434 2060 512 2120 orba
526 2061 627 2121 lutura
643 2061 707 2121 luit.

108 2136 143 2199 Tu
155 2159 281 2219 qunque,
305 2160 375 2205 cum
390 2160 504 2220 posses
518 2145 606 2204 nasci
622 2146 794 2220 formonsa,
816 2143 970 2220 perisses,

31 2216 32 2309 l
81 2229 104 2280 tt
143 2224 332 2304 Temptasset,
357 2230 441 2304 quod
459 2235 504 2303 tu,
524 2229 550 2288 si
567 2234 617 2289 tua
633 2235 730 2289 mater
745 2245 835 2305 opus.

110 2307 166 2381 lpse
178 2326 244 2388 ega,
266 2329 336 2374 eum
352 2314 461 2374 luerim
476 2311 586 2374 melius
601 2313 757 2389 periturus
773 2314 920 2386 amando,

31 2430 32 2479 t
142 2393 281 2456 Vidissem
299 2399 401 2459 nullos
415 2405 513 2458 matre
527 2405 658 2458 necante
673 2398 750 2458 dies.
978 2472 981 2476 ι

31 2510 32 2553 3
112 2473 173 2547 Quid
186 2481 301 2555 plenam
316 2483 442 2542 fraudas
457 2483 550 2542 vitem
566 2482 778 2543 crescentibus
792 2483 877 2557 uvis,

31 2558 32 2603 l
144 2559 280 2640 Pomaque
296 2566 414 2627 crudeli
428 2567 518 2626 vellis
534 2567 648 2627 acerba
661 2574 775 2651 manui

82 2640 208 2718 ttSponte
221 2649 314 2713 lluant
328 2659 448 2711 matura
465 2667 531 2712 sua.
562 2651 630 2711 sine
645 2666 787 2712 creseere
801 2657 886 2711 natas

144 2728 188 2791 Est
199 2736 323 2808 pretium
338 2751 454 2812 parvae
468 2751 531 2796 non
547 2737 617 2795 leve
631 2735 696 2796 vita
710 2752 825 2796 morae,

113 2809 201 2875 Vestra
213 2820 283 2893 quid
295 2818 432 2880 'effoditis
448 2819 595 2881 subiectis
610 2819 734 2881 viscera
748 2820 832 2895 telis,

144 2897 174 2957 tt
186 2904 312 2964 nendum
328 2905 407 2964 natis
425 2904 491 2964 dira
505 2920 628 2965 venena
643 2904 744 2965 datis?

113 2976 232 3046 Colchida
244 3004 421 3064 respersam
437 3005 604 3064 puerorum
619 2990 769 3064 sanguine
786 2990 925 3064 culpant,

31 3102 32 3105 =
83 3065 107 3119 3⁰
143 3065 221 3144 Aque
234 3088 290 3134 sua
306 3089 431 3134 caesum
446 3079 542 3133 matre
558 3079 727 3149 queruntur
740 3074 820 3152 Ityn.
883 3072 887 3075 *

112 3143 222 3228 Utraque
235 3173 330 3218 saeva
345 3174 469 3233 parens.
495 3158 553 3219 sed
565 3158 703 3219 tristibus
718 3166 849 3234 utraque
864 3159 968 3219 causis

31 3294 32 3311 i
131 3234 248 3329 'lactura
262 3243 340 3304 socii
355 3242 515 3318 sanguinis
530 3243 594 3303 ulta
609 3242 719 3304 virum.

31 3374 32 3403 Ξ
111 3314 199 3396 licite,
221 3326 287 3401 quis
302 3327 436 3401 Tereus,
459 3327 529 3402 quis
546 3343 604 3388 vos
620 3327 721 3388 inritet
734 3327 805 3389 laso

139 3400 235 3482 Figere
248 3411 379 3472 sollicita
393 3427 527 3487 corpora
541 3418 647 3472 vestra
659 3419 773 3471 manui
900 3406 908 3417 '

31 3556 32 3569 χ
84 3480 162 3547 ³⁶an
175 3507 270 3569 nequa
284 3495 314 3555 in
329 3496 483 3556 Armeniis
500 3496 592 3572 tigres
609 3497 712 3557 lacere
727 3494 867 3556 latebris=
