2467 4042
176 206 242 272 254
585 208 779 261 rasrouuu

309 373 416 434 Sectus
438 371 561 433 brumum
585 375 648 434 rivo
671 372 738 434 lene
762 375 893 434 sonantis
917 393 1034 454 aquae.

199 473 250 525 705
264 461 326 523 illic
350 461 528 541 Tarquinius
553 462 687 522 mandata
710 462 830 522 latentia
854 464 913 523 nati

310 552 446 629 Accipit,
470 559 500 611 et
524 553 603 629 virga
627 550 686 610 lilla
710 567 823 610 summa
848 552 949 613 metit.

264 639 393 700 Nuntios
417 647 450 699 ut
472 637 582 717 rediit,
604 637 788 717 decussaque
812 638 870 698 lilia
894 637 984 720 dixit,

307 727 400 788 Filius
423 721 568 805 ‘agnosco
591 729 671 786 iussa
694 721 843 805 parentis'
867 730 925 788 ait.

263 815 324 877 Neo
348 834 452 894 mora,
475 815 660 895 principibus
684 817 777 875 caesis
800 834 837 876 ex
860 815 934 877 orbe
959 816 1103 901 Gabino,

199 917 250 966 710
308 903 480 965 Traduntur
502 904 629 964 ducibus
652 905 766 963 moenia
790 903 876 964 nuda'
892 906 973 967 suis.

264 991 363 1071 Ecce,
387 993 469 1052 nelas
493 994 580 1069 uisu,
604 993 709 1052 mediis
732 992 873 1052 altaribus
897 997 1003 1071 anguis

308 1080 398 1159 Exit,
422 1089 452 1140 et
475 1082 613 1141 extinctis
637 1080 754 1159 ignibus
778 1090 844 1141 exta
868 1084 961 1159 rapit.

263 1168 436 1231 consulitur
458 1168 618 1230 Phoebus.
660 1187 726 1229 sors
749 1178 795 1229 est
817 1171 857 1229 ita
880 1169 1020 1251 reddita,
1049 1167 1164 1236 ‘matri

308 1258 365 1328 Qui
388 1257 504 1318 dederit
525 1260 666 1337 princeps
689 1257 811 1338 osenla,
835 1259 928 1318 victor
952 1260 1010 1320 erit
1024 1254 1048 1321 .'

198 1357 249 1408 ⁷15
264 1344 371 1406 Oscula
395 1347 520 1425 quisque
544 1364 614 1407 suae
638 1348 725 1407 matri
748 1356 903 1426 properata
927 1346 1089 1429 tulerunt,

306 1433 371 1494 Non
396 1435 544 1495 intellecto
568 1434 687 1495 credula
711 1433 798 1495 turba
822 1435 894 1496 deo.

262 1522 374 1583 Brutus
397 1534 461 1584 erat
483 1522 566 1583 stulti
589 1526 707 1602 sapiens
730 1524 881 1604 imitator,
904 1533 938 1585 ut
961 1536 1048 1586 esset

307 1611 403 1671 Tutus
427 1611 463 1671 ab
487 1611 623 1691 insidiis,
647 1612 710 1672 dire
735 1609 892 1691 Superbe,
915 1613 993 1674 tuis.

263 1697 314 1759 ille
337 1702 437 1759 iacens
459 1718 573 1779 pronus
595 1702 682 1760 matri
706 1698 787 1760 dedit
810 1698 910 1760 oscula
931 1699 1069 1782 Terrae,

198 1799 248 1850 720
305 1787 444 1849 Creditus
467 1789 578 1848 nitense
602 1787 798 1867 procubuisse
821 1787 912 1868 pede,

263 1875 397 1954 Cingitur
420 1879 532 1937 interea
557 1875 696 1936 Romanis
719 1877 813 1937 Ardea
835 1878 946 1956 signis,

308 1964 346 2025 Et
368 1968 479 2044 patitur
502 1964 596 2025 lentas
619 1964 773 2025 obsidione
796 1982 909 2026 moras.

262 2052 338 2113 lium
362 2062 465 2134 vacat,
489 2062 519 2114 et
542 2061 679 2114 metuunt
701 2053 802 2114 hostes
825 2054 1010 2114 committere
1037 2074 1168 2140 pugnam

308 2141 433 2203 illiditur
456 2146 486 2203 in
510 2144 638 2220 castris,
661 2144 720 2202 otia
744 2142 827 2202 miles
851 2144 926 2221 agit.

197 2240 248 2291 725
263 2230 443 2309 Tarquinius
464 2232 580 2291 iuvenis
603 2233 700 2290 socios
724 2228 906 2309 dapibusque
930 2246 1080 2312 meroque

306 2321 442 2398 Accipit.
484 2338 518 2378 ex
542 2318 601 2378 illis
625 2335 694 2397 rege
718 2328 835 2380 oreatus
859 2322 916 2379 ait:

263 2403 353 2469 ‘lium
378 2426 433 2468 nos
456 2406 584 2468 ditfirttis
606 2409 691 2486 pigro
715 2415 798 2467 tenet
819 2406 914 2468 Ardea
938 2405 1040 2488 bello,

306 2497 367 2557 Nec
390 2499 461 2557 sinit
484 2495 519 2556 ad
543 2498 655 2575 patrios
677 2513 757 2556 arma
781 2497 894 2557 reterre
917 2494 1007 2573 deos,

262 2584 376 2664 Ecquid
399 2588 430 2645 in
454 2586 551 2645 officio
574 2594 659 2667 torus
682 2591 728 2644 est
751 2581 898 2645 socialis?
930 2592 959 2644 et
983 2586 1097 2664 ecquid

197 2687 247 2737 730
307 2674 488 2752 Coniugibus
512 2675 622 2733 nostris
645 2681 747 2733 mortua
771 2691 842 2735 77777
865 2667 1011 2733 sumtis?'

262 2763 394 2841 Quisque
418 2780 501 2822 suam
524 2762 645 2823 laudat.
688 2761 793 2822 studiis
816 2763 975 2822 certamina
1001 2775 1162 2845 crescunt,

305 2851 343 2912 Et
367 2852 482 2911 terrent
506 2851 596 2910 uudto
621 2851 779 2929 linguaque
802 2869 913 2929 corque
936 2867 1038 2911 mero.

262 2940 385 3020 Surgit,
409 2941 457 3000 cui
481 2940 602 3000 dederat
626 2939 738 2999 clarium
761 2937 881 2999 Collatia
905 2955 1033 2999 nomen:

307 3026 387 3089 ‘Non
412 3046 486 3106 opus
509 3037 556 3088 est
579 3027 677 3087 verbis
690 3076 699 3108 ,
722 3026 835 3089 credite
857 3026 946 3088 rebus
961 3020 984 3087 t’
1010 3027 1072 3089 ait.

197 3129 248 3180 735
262 3113 342 3179 ‘Nox
366 3125 524 3197 superest.
567 3116 704 3177 tollamur
728 3118 835 3195 equis,
860 3114 1029 3194 Urbemque

809 3199 976 3283 petamusl’

306 3295 387 3356 Dicta
410 3293 549 3374 placent,
573 3294 665 3355 irenis
688 3294 882 3373 inpediuntur
904 3294 988 3370 equi.

261 3383 629 3444 Pertulerant'donrinos.
671 3383 777 3460 regalia
802 3384 937 3461 protinus
959 3378 1001 3439 illl

305 3471 394 3530 Tecta
418 3480 546 3547 petunt:
578 3479 678 3530 custos
701 3472 732 3529 iu
756 3471 819 3530 lore
843 3469 941 3529 utullus
964 3476 1047 3530 erat:

263 3557 337 3616 ”cce
363 3575 457 3616 nurus
480 3560 558 3634 regis
583 3559 656 3616 lusis
679 3575 733 3635 per
757 3556 829 3617 colla
853 3558 970 3618 coronis

1176 2105 1183 2137 l
