2467 4042
653 418 715 490 XL

269 578 333 640 Hoc
354 577 410 639 ubi
422 623 431 658 ‚
454 576 553 656 Rufe,
575 575 661 636 brevi
682 584 876 656 properatum
899 584 1033 656 tempore
1057 580 1152 640 mittit

313 666 414 747 Naso,
435 683 542 745 parum
565 665 678 725 faustae
702 665 839 724 conditor
863 664 966 744 Artis,
989 684 1085 743 opus:

270 755 330 835 Ut,
354 771 530 832 quamquam
553 751 640 831 longe
664 760 726 812 toto
750 771 854 813 sumus
877 751 949 812 orbe
972 755 1101 835 remoti,

315 841 398 903 Scire
421 850 521 901 tamen
543 843 640 920 possis
663 859 718 900 nos
741 842 911 901 meminisse
934 842 996 901 tui.

240 930 404 990 bNominis
427 937 494 989 ante
518 931 578 988 mei
599 930 720 988 venient
742 927 849 988 oblivia
872 927 976 1008 nobis,

315 1018 440 1078 Pectore
464 1035 552 1096 quam
575 1018 670 1096 piatas
693 1018 733 1077 sit
755 1026 805 1077 tua
828 1016 913 1096 pulsa
936 1034 1021 1075 meo.

270 1105 311 1166 Et
331 1107 416 1185 prius
438 1104 514 1165 banc
538 1107 665 1165 animam
687 1122 795 1165 vacuas
817 1104 976 1164 reddemus
998 1105 1031 1163 in
1055 1121 1166 1186 auras,

316 1193 411 1264 Quam
433 1194 483 1253 bat
506 1194 606 1252 meriti
628 1195 722 1271 gratia
744 1210 818 1252 vana
841 1194 903 1253 tui.

271 1280 387 1341 Grande
415 1298 488 1341 voco
515 1280 652 1342 lacrimas
680 1281 820 1341 meritum
832 1326 842 1360 ,
870 1279 978 1358 quibus
1006 1297 1059 1339 ora

819 1368 952 1448 rigabas,
1156 1384 1199 1434 σι)

226 1470 259 1518 10
317 1457 391 1517 Cum
414 1475 480 1517 mea
502 1464 643 1517 concreto
667 1457 746 1516 sicca
769 1455 871 1516 dolore
894 1456 1007 1516 forent.

272 1545 388 1605 Grande
412 1562 485 1605 voco
508 1547 648 1604 meritum
672 1551 800 1604 maestae
824 1543 931 1604 solacia
954 1545 1082 1623 mentis,

316 1631 391 1693 Cum
413 1634 525 1712 pariter
547 1631 634 1692 nobis
657 1631 705 1691 illa
729 1631 843 1710 tibique
866 1632 969 1691 dares.

273 1719 385 1800 Sponte
409 1720 528 1799 quidem
551 1738 605 1799 per
629 1738 721 1799 seque
744 1738 809 1779 mea
832 1728 879 1780 est
900 1717 1057 1779 laudabilis
1081 1738 1179 1783 uxor:

317 1808 477 1869 Admonitu
501 1808 606 1868 melior
629 1808 783 1868 attamen
806 1806 855 1867 illa
877 1815 947 1867 tuo.

227 1909 259 1958 15
274 1897 406 1975 Namque
430 1896 510 1976 quod
532 1894 708 1956 Hermiones
732 1895 834 1956 Castor
857 1896 915 1955 suit
927 1942 936 1975 ,
959 1893 1070 1955 Hector
1097 1895 1180 1978 iuli,

318 1984 381 2045 Hoc
404 2002 458 2064 ego
481 1992 511 2045 te
534 1984 629 2043 laetor
652 1984 786 2062 coniugis
810 2001 876 2043 esse
899 2000 998 2043 meae.

275 2073 356 2144 Quae
371 2091 440 2154 ‚ne
464 2071 615 2132 dissimilis
637 2069 693 2131 tibi
716 2073 755 2131 sit
777 2070 946 2152 probitate,
968 2068 1105 2151 laborat,

319 2160 417 2240 Seque
440 2162 485 2221 tui
507 2162 566 2221 vita
589 2161 741 2238 sanguinis
764 2178 829 2219 esse
852 2157 974 2240 probat.

275 2248 353 2327 Ergo
378 2249 457 2328 quod
481 2248 578 2308 fuerat
601 2247 729 2308 stimulis
753 2247 866 2308 iactura
890 2249 953 2307 sine
976 2244 1064 2327 ullis,

227 2350 262 2398 20
320 2336 441 2397 Plenius
464 2344 616 2397 auctorem
639 2344 670 2395 te
693 2353 812 2415 quoque
835 2343 941 2395 nancta
963 2334 1051 2394 iacit.
1094 2376 1111 2397 .

275 2426 351 2486 Acer
374 2433 404 2485 et
426 2423 462 2484 ad
485 2424 597 2504 palmae
621 2441 675 2503 per
698 2441 730 2483 se
754 2441 899 2484 cursurus
921 2423 1069 2502 bonores,

320 2511 353 2572 Si
375 2521 474 2572 tamen
497 2512 649 2592 horteris,
672 2511 779 2572 fortius
801 2511 857 2572 ibit
880 2529 991 2590 equus.

276 2599 380 2680 Adde,
403 2600 482 2680 quod
507 2599 637 2660 absentis
661 2618 732 2660 cura
755 2599 890 2660 mandata
912 2597 992 2659 fideli

320 2688 443 2748 Perficis
455 2734 465 2768 ‚
488 2696 518 2749 et
541 2687 656 2749 nullum
678 2688 757 2748 ferre
780 2690 910 2767 gravaris
934 2705 1025 2747 onus.

230 2789 263 2838 25
278 2774 321 2837 0!
348 2775 479 2836 referant
502 2785 623 2857 grates,
647 2777 786 2855 quoniam
809 2794 869 2836 non
893 2792 1051 2856 possumus
1073 2778 1160 2858 ipsi,

322 2862 357 2923 Di
379 2862 455 2925 tibi.
497 2866 549 2941 qui
571 2864 704 2925 referent
715 2910 725 2944 ‚
749 2867 774 2925 si
796 2866 844 2943 pia
866 2866 943 2924 sacta
965 2861 1084 2924 vident.

278 2951 469 3030 Sufficiatque
493 2951 544 3012 diu
568 2970 677 3032 corpus
700 2970 818 3031 quoque
842 2951 973 3012 moribus
995 2953 1084 3032 istis,

322 3039 445 3101 Maxima
469 3037 603 3101 Fundani
627 3040 741 3121 gloria,
764 3039 862 3121 Ruso,
886 3040 958 3101 soli.
