2467 4042
436 252 472 303 11.
491 262 526 305 ιιι
540 250 642 303 1-111.
661 252 729 302 132.

394 520 533 604 LIBER
560 518 769 603 TERTIUS.

569 710 597 782 I.

169 855 287 933 Aequor
309 852 424 913 lasonic
447 852 596 932 pulsatum
620 852 731 930 remige
754 852 901 931 primum,
1044 862 1088 915 ιιι)

214 942 355 1021 Quaeque
379 959 435 1001 uec
457 941 543 1001 hoste
567 940 631 1000 lero
654 958 710 1000 nec
733 941 800 1000 nire
813 986 823 1020 ,
846 947 948 1019 terra,
971 954 1070 1018 cares,

169 1029 292 1108 Ecquod
316 1029 374 1089 erit
396 1037 538 1109 tempus,
566 1046 625 1106 quc
648 1045 700 1087 vos
728 1045 782 1105 ego
805 1026 882 1088 Naso
906 1025 1089 1109 relinquam,

213 1115 247 1179 ln
270 1119 370 1177 miuus
392 1116 495 1176 hostili
517 1119 618 1176 iussus
642 1113 745 1175 abesse
767 1111 860 1176 luco?

139 1205 216 1267 alu
239 1206 312 1264 mihi
334 1203 470 1265 barbaria
493 1202 651 1264 vivendum
674 1220 792 1282 semper
814 1204 846 1263 in
868 1205 943 1283 ista,

212 1293 305 1372 Inque
329 1292 483 1353 Tomitana
506 1291 617 1353 condar
640 1298 758 1371 oportet
779 1287 897 1352 humc‘?

170 1380 245 1440 Pace
269 1389 342 1459 tua,
365 1382 392 1440 si
414 1399 471 1459 pax
493 1379 552 1439 ulla
576 1386 622 1439 est
645 1388 717 1459 tua,
740 1378 863 1439 Pontica
886 1378 991 1460 tellus,

213 1467 372 1528 Finitimus
394 1466 497 1545 rapido
522 1485 609 1546 quam
633 1469 703 1527 terit
724 1466 819 1527 hostis
842 1485 939 1547 equ03

170 1555 246 1616 Pace
269 1563 320 1615 tua
343 1554 452 1615 dixisse
476 1554 585 1615 velim:
622 1563 655 1615 ιιι
677 1555 805 1634 pessima
828 1554 903 1614 duro

124 1655 157 1704 ιο
215 1643 287 1703 Pars
311 1661 343 1703 es
365 1645 397 1703 iu
420 1642 508 1703 exilio
520 1688 530 1722 ,
553 1651 587 1703 ιιι
610 1642 685 1702 mala
709 1653 811 1702 nostra
833 1660 956 1721 gravas.

173 1730 218 1791 Tu
242 1748 340 1809 neque
363 1749 415 1791 ver
439 1732 531 1790 sentis
555 1732 686 1791 cinctum
709 1730 834 1790 lloreute
857 1747 984 1810 corona,

217 1819 262 1881 Τιι
285 1836 382 1897 neque
405 1836 572 1879 messorum
595 1836 721 1898 corpora
743 1818 822 1878 nuda
845 1817 945 1899 vides,

170 1906 232 1967 Nec
256 1906 311 1966 tibi
333 1910 503 1986 pampineas
527 1914 689 1968 autumnus
711 1908 838 1986 porrigit
860 1924 949 1967 uras:

215 1994 328 2056 Cuncta
352 1994 403 2055 sed
426 1994 608 2056 inmodicum
632 2003 765 2074 tempora
788 1995 882 2072 frigus
905 1993 1031 2055 habent.

124 2093 156 2143 ιιι
171 2084 216 2144 Τιι
240 2083 332 2162 glacie
356 2083 432 2144 freta
454 2086 552 2144 vincta
574 2091 682 2163 tenes,
705 2085 789 2142 etin
813 2100 941 2161 aequore
963 2084 1054 2162 piscis

214 2170 351 2231 luclusus
373 2178 453 2232 tecta
476 2189 563 2251 saepe
587 2174 698 2231 natavit
720 2188 810 2248 aqua.

170 2258 231 2320 Nec
254 2258 308 2319 tibi
331 2266 402 2319 sunt
424 2260 522 2319 sontes
535 2307 544 2340 ,
567 2258 662 2320 laticis
686 2260 745 2318 nisi
765 2276 859 2338 paene
883 2260 1007 2339 marini,

215 2346 274 2417 Qui
295 2355 384 2426 pctus
408 2346 531 2408 dubium
555 2350 640 2408 sistat
663 2345 759 2407 alatne
782 2349 878 2407 sitim.

171 2434 269 2515 Rara,
292 2453 390 2514 neque
412 2435 485 2496 haec
509 2435 602 2515 felix,
625 2437 656 2496 iu
680 2435 791 2513 apertis
814 2436 925 2495 eminet
946 2436 1024 2495 arvis

122 2534 157 2584 20
215 2522 334 2604 Arbor,
358 2525 440 2584 etin
464 2531 544 2584 terra
567 2530 613 2583 est
636 2522 728 2583 altera
751 2522 846 2583 forma
868 2525 975 2583 maris.

170 2609 236 2671 Non
261 2613 321 2671 avis
344 2610 516 2690 chlcquitur
540 2613 610 2684 [nisi
633 2610 717 2672 silvis.
738 2613 822 2689 siqua
844 2613 967 2673 remotis

215 2700 385 2778 Aequoreas
407 2717 498 2760 rauco
522 2707 643 2778 gutture
666 2707 749 2779 potat
771 2698 894 2779 aquas]

171 2785 279 2848 'l'ristIa
301 2806 357 2867 per
379 2806 487 2849 vacuos
510 2788 635 2848 horrent
657 2787 804 2849 absinthia
827 2806 964 2869 campos,
1045 2799 1089 2852 (tt)

215 2874 459 2955 Convenieusque
483 2894 538 2937 suc
561 2879 668 2938 messis
691 2895 789 2937 amara
811 2875 894 2939 lcco.

122 2973 156 3023 ιιι
170 2962 251 3024 tude
275 2972 395 3043 metus,
418 2972 448 3023 et
471 2964 550 3042 quod
572 2983 677 3027 murus
699 2965 836 3044 pulsatur
859 2964 896 3026 ab
918 2963 1022 3044 hoste,

215 3049 378 3129 Tinctaque
402 3051 554 3111 mortifera
577 3051 645 3112 tabe
669 3056 773 3131 sagitta
796 3053 913 3131 madet;

171 3136 258 3208 Quod
280 3138 386 3215 procul
403 3137 477 3197 haec
499 3140 581 3215 regio
601 3146 647 3198 est
669 3146 699 3199 et
722 3138 758 3199 ab
777 3141 858 3198 omui
881 3139 964 3199 deria
983 3157 1089 3220 cursu,

215 3224 277 3285 Nec
300 3225 375 3303 pede
399 3243 458 3303 quc
483 3227 639 3304 quisquam
662 3243 718 3286 nec
741 3234 913 3290 ratetutus
937 3233 1000 3287 eat.

170 3311 236 3373 Non
259 3315 351 3391 igitur
373 3315 504 3393 mirum,
529 3313 618 3372 linem
641 3312 854 3391 quaerentibus
876 3314 984 3375 horum

121 3413 157 3464 30
216 3400 315 3461 Altera
338 3404 364 3462 si
386 3400 473 3462 nobis
496 3418 592 3479 usque
615 3408 737 3481 rugatur
760 3401 886 3464 humus.

170 3490 212 3550 'le
236 3491 328 3568 magis
351 3498 398 3551 est
421 3492 529 3550 mirum
552 3506 612 3550 nun
635 3489 692 3551 hoc
716 3491 876 3571 evincere,
898 3493 1045 3572 coniunx,

214 3577 308 3657 lnqua
331 3581 405 3641 meis
427 3578 564 3640 lacrimas
585 3596 675 3659 posse
697 3588 800 3641 tenere
824 3579 924 3642 malis.
