2467 4042
196 213 261 278 254
374 230 501 267 amno
612 211 791 267 nutante

327 377 408 440 llaec
429 386 588 459 postquam
609 375 692 439 dalei
713 377 834 439 Neleius
857 379 951 440 edidit
972 398 1044 461 ore,

285 468 310 528 h
332 485 471 528 sermone
493 468 575 529 senis
595 468 725 546 repetito
747 485 873 528 munere
894 467 1004 529 Bacchi

284 555 449 617 surrexere
471 557 568 635 toris3
590 572 650 615 nox
672 563 720 615 est
741 555 809 616 data
831 565 931 618 cetera
952 575 1077 620 somno.

217 655 270 706 tto
327 643 367 705 tt
388 643 462 705 deus
485 660 648 723 aequoreas
671 646 724 722 qui
745 644 869 724 cuspide
889 653 1040 725 temperat
1062 645 1173 728 undas,

283 731 318 793 ln
340 731 493 793 volucrem
515 749 625 811 corpus
647 733 711 792 nati
731 731 949 795 Phaethontida
971 752 1093 796 versum

282 819 382 882 Mente
405 819 486 882 dolet
507 822 626 900 patria3
648 837 828 900 saevumque
849 840 978 900 perosus
1000 822 1147 883 Achillem

283 908 414 971 Exercet
434 926 584 969 memores
605 908 675 988 plus
697 926 787 988 (pram
808 909 936 971 civiliter
958 912 1037 971 iras.

283 996 405 1077 lamque
428 997 491 1058 lere
514 1003 610 1057 tracto
634 995 693 1058 duo
716 1015 771 1076 per
794 1000 999 1077 quinquennia
1020 998 1102 1059 bello

218 1095 270 1148 080
285 1085 406 1147 Talibus
427 1087 580 1146 intonsum
603 1084 760 1165 compellat
782 1084 936 1148 Sminthea
957 1086 1067 1150 dictis:

285 1170 322 1235 ‘0
345 1174 418 1237 mihi
440 1173 477 1235 de
500 1174 601 1234 fratris
623 1172 712 1253 longe
734 1176 902 1254 gratissime
925 1177 1021 1256 natis,

283 1262 372 1323 irrita
395 1263 447 1342 qul
468 1279 586 1324 mecum
607 1264 737 1341 posuisti
757 1264 875 1324 moenia
897 1262 1023 1345 Troiae,

284 1349 422 1431 Ecquid,
444 1349 497 1412 ubi
518 1349 572 1410 has
594 1352 654 1410 iam
675 1353 736 1412 iam
758 1369 879 1412 casuras
902 1353 1012 1431 aspicis
1035 1369 1143 1435 arces,

284 1435 444 1519 lugentis?
465 1446 518 1500 aut
541 1439 648 1517 ecquid
671 1447 716 1500 tot
739 1438 928 1501 defendentia
949 1458 1058 1502 muros

219 1537 271 1589 tto
284 1526 365 1588 Milia
387 1544 473 1589 caesa
495 1522 608 1588 doles?
630 1528 760 1609 ecquid,
783 1546 821 1588 ne
842 1545 1009 1608 persequar
1031 1547 1158 1611 omnes,

283 1615 422 1678 Hectoris
444 1614 550 1677 umbra
572 1613 655 1676 subit
676 1617 791 1676 circum
813 1634 867 1677 sua
888 1615 1034 1696 Pergama
1057 1613 1172 1680 0000019

285 1702 360 1767 Cum
381 1712 482 1767 tamen
503 1703 553 1764 ille
576 1704 662 1764 ferox
683 1702 821 1782 belloque
844 1706 999 1766 cruentior
1020 1707 1090 1784 ipso

285 1791 363 1854 Vivit
384 1791 503 1873 adhuc,
525 1794 626 1872 operis
648 1794 743 1853 nostri
766 1791 946 1875 populator,
967 1792 1118 1856 Achillea.

285 1880 342 1943 Det
364 1881 437 1942 mihi
459 1899 515 1962 se,
538 1881 629 1962 faxo,
650 1879 762 1960 triplici
783 1880 857 1960 quid
879 1881 1003 1961 cuspide
1025 1885 1159 1964 possim,

218 1982 271 2035 000
286 1969 421 2031 Sentiat.
449 1977 479 2031 at
501 1972 642 2049 quoniam
664 1986 845 2030 concurrere
868 1972 1035 2032 comminus
1058 1970 1142 2032 hosti

285 2057 351 2119 Non
373 2058 483 2140 datur,
505 2056 624 2119 occulta
645 2059 825 2137 necopinum
846 2057 940 2138 perde
962 2053 1102 2138 sagittal'

284 2147 418 2228 Annuit,
441 2154 530 2226 atque
553 2148 651 2207 animo
674 2148 786 2225 pariter
808 2152 975 2226 patruoque
999 2165 1116 2226 suoque

284 2235 385 2297 liebus
407 2234 565 2314 indulgens
587 2233 696 2296 nebula
718 2233 831 2296 velatus
853 2236 885 2295 in
908 2253 1015 2314 agmen

283 2324 424 2385 Pervenit
444 2323 566 2385 Iliacum
577 2370 588 2405 ,
611 2322 766 2402 mediaque
788 2324 821 2384 in
843 2322 934 2384 caede
956 2325 1093 2385 virorum

220 2426 271 2476 000
285 2413 362 2474 Rara
384 2429 439 2491 per
459 2414 578 2492 ignotos
600 2419 790 2492 spargentem
812 2414 909 2472 cernit
930 2410 1060 2473 Achivos

284 2501 355 2563 Tela
377 2500 489 2562 Parin:
512 2501 670 2579 lassusque
694 2500 783 2561 deum
795 2547 806 2582 ,
829 2494 912 2579 ‘quid
935 2499 1051 2579 spicula
1073 2500 1173 2581 perdis

286 2590 435 2669 Sanguine
457 2587 553 2669 plebis
566 2582 595 2650 t’
618 2590 680 2651 ait.
710 2582 807 2667 ‘siqua
829 2587 952 2649 esttibi
974 2607 1049 2650 cura
1072 2597 1203 2671 tuorum,

285 2678 408 2740 Vertere
429 2679 462 2738 in
484 2676 654 2759 Aeaciden,
677 2693 841 2755 caesosque
863 2676 1008 2739 ilcisoere
1032 2674 1169 2741 batresl’

204 2810 207 2813 -
285 2766 363 2828 Dixit
375 2814 386 2849 ,
408 2774 439 2827 00
461 2765 623 2827 ostendens
646 2772 831 2828 sternentem
852 2764 959 2826 Troica
981 2766 1065 2827 terro

218 2866 270 2919 000
284 2854 416 2935 Corpora
437 2853 582 2935 Peliden,
605 2871 693 2915 arcus
715 2852 845 2914 obvertit
866 2855 897 2915 in
919 2853 1022 2935 illum,

284 2942 431 3022 Certaque
453 2941 570 3004 letifera
593 2941 702 3003 direxit
724 2941 838 3021 spicula
861 2942 982 3003 dextra.

284 3032 370 3103 Quod
392 3031 529 3093 Priamus
552 3031 681 3110 gaudere
704 3047 796 3091 senex
819 3038 887 3110 post
908 3029 1038 3092 Hectora
1060 3041 1176 3114 posset,

284 3119 348 3181 Hoc
370 3120 449 3182 im’t.
476 3117 527 3180 ille
548 3120 642 3199 igitur
663 3126 815 3180 tantorum
837 3120 933 3179 victor
944 3166 954 3201 ,
976 3119 1110 3202 Achille,

284 3207 419 3269 Vinceris
442 3226 459 3269 a
482 3207 585 3269 timido
609 3206 713 3269 Graiae
736 3214 855 3287 raptore
878 3207 1019 3270 maritae!

219 3297 322 3361 010Αο
344 3298 371 3358 si
392 3296 521 3359 femineo
544 3297 643 3357 iuerat
664 3294 720 3356 tibi
741 3293 835 3355 Marte
858 3293 1042 3379 cadendum,

284 3383 553 3447 Thermodontiaca
575 3383 677 3445 malles
701 3383 844 3446 cecidisse
866 3382 1004 3464 bipenni.

284 3472 346 3534 lam
368 3475 458 3535 timor
479 3472 530 3534 ille
552 3471 726 3555 Phrygum,
749 3471 841 3533 decus
863 3479 895 3533 et
916 3472 1009 3534 tutela
1032 3473 1148 3557 Pelasgi

284 3559 441 3643 Nominis,
463 3560 628 3644 Aeacides,
651 3569 740 3642 caput
762 3559 962 3642 insuperabile
985 3560 1082 3643 bello,
