2467 4042
448 228 487 284 IV
501 271 508 297 ‚
528 234 686 283 209-281.
812 248 906 283 curm
1033 228 1074 292 73

67 409 130 457 245
148 395 200 456 Nil
223 395 275 455 illo
298 395 397 455 fertru
419 393 573 455 volucrum
596 393 766 470 moderator
789 410 934 472 equorum

147 485 224 543 Post
248 482 467 543 Phaethonteos
490 481 599 542 vidisse
617 481 765 541 dolentius
787 482 889 560 ignes.

146 571 203 631 llle
228 570 350 649 quidem
373 568 484 648 gehdos
507 569 658 630 radiorum
680 568 793 631 viribus
816 578 899 630 artus

149 659 184 720 Si
209 661 353 737 quentin
376 660 496 739 vivum,
520 665 665 737 temptat,
687 674 827 718 revocare
850 657 996 720 calorem.

149 747 213 807 Sed
239 748 377 824 quoniam
399 748 489 807 tantis
507 746 600 806 fatum
624 745 778 806 conatibus
801 744 915 827 obstat,

72 848 134 897 250
149 835 282 895 Nectare
306 834 429 894 odorato
453 836 563 913 sparsit
586 851 755 912 corpusque
777 832 953 913 locumque,

147 923 304 1001 Multaque
326 930 523 1001 praequestus
546 917 674 1000 “tanges
695 930 795 982 tamen
817 916 960 982 aethera’'
986 921 1074 983 dixit.

148 1012 297 1073 Protinus
319 1009 467 1071 imbutum
490 1010 610 1070 caelesti
633 1017 753 1070 nectare
776 1027 886 1088 corpus

148 1099 275 1160 Dssicuit
296 1106 466 1176 terramque
490 1116 544 1158 suo
566 1097 724 1159 madefecit
747 1096 856 1178 odore3
934 1110 1075 1154 cmvm.

149 1187 302 1266 virgaque
324 1204 380 1265 per
402 1184 521 1265 glaebas
543 1187 655 1246 sensim
676 1184 825 1246 radicibus
849 1188 922 1246 actis

73 1287 133 1338 aaa
149 1275 255 1337 'l'urea
277 1276 429 1355 surrexit,
452 1274 659 1351 tumulumque
684 1275 835 1334 cacumine
859 1277 957 1354 rupit.

197 1364 238 1423 nt
261 1362 396 1444 Clytien,
421 1364 553 1441 quamvis
576 1380 659 1421 amor
681 1379 824 1422 excusare
847 1362 997 1445 dolorem,

150 1451 362 1529 iudiciumque
385 1449 469 1510 dolor
492 1457 610 1529 poterat
622 1496 631 1531 ,
653 1467 714 1510 non
736 1448 863 1529 amplius
885 1459 989 1512 auctor

149 1540 244 1601 Lucis
267 1538 327 1599 adit
348 1536 531 1618 Venerisque
554 1537 674 1598 modum
697 1538 754 1598 sibi
776 1539 847 1598 lecit
869 1539 901 1599 in
921 1538 988 1600 illa.

149 1627 264 1688 Tabuit
287 1626 417 1708 exilio,
440 1626 594 1687 dementer
617 1625 767 1687 amoribus
789 1644 844 1686 usa

75 1728 136 1779 aab
150 1715 311 1796 Nympha,
332 1733 439 1793 parum
467 1716 605 1795 patiens3
628 1722 659 1774 et
681 1713 737 1774 sub
759 1713 827 1775 love
855 1722 942 1775 nocte
970 1714 1075 1795 dieque

152 1804 240 1865 Sedit
261 1803 352 1863 humo
376 1803 456 1864 nuda
468 1850 477 1883 ,
500 1801 588 1863 nudis
610 1797 761 1884 incompta
783 1801 913 1881 capillis.

152 1892 274 1970 Perque
296 1908 402 1951 novem
426 1891 508 1951 luces
532 1908 638 1971 expers
660 1889 816 1969 undaeque
839 1890 957 1969 cibique

152 1980 235 2040 itere
258 1996 341 2040 mero
364 1979 553 2058 lacrimisque
576 1980 639 2039 suis
661 1979 771 2039 ieiunia
793 1980 889 2061 pavit,

151 2068 217 2129 Nec
240 2069 386 2137 semovit
409 2066 521 2127 humo.
549 2074 665 2126 tantum
688 2065 840 2145 spectabat
862 2068 961 2127 euntis

79 2167 137 2217 aaa
153 2156 216 2217 Ora
238 2153 309 2237 dei,
331 2153 491 2233 vultusque
514 2173 584 2215 suos
606 2152 746 2215 flectebat
768 2155 803 2215 ad
826 2154 926 2215 illum.

151 2242 287 2305 Membra
310 2242 410 2303 ferunt
432 2242 562 2303 haesisse
585 2243 671 2324 solo,
694 2250 867 2321 partemque
889 2242 997 2303 coloris

152 2330 285 2393 Luridus
309 2348 472 2410 emungues
496 2330 590 2410 pahor
612 2333 760 2391 convertit
781 2332 812 2390 iu
835 2330 961 2411 her-bas3

152 2420 210 2481 Est
232 2422 264 2479 iu
286 2426 371 2498 parte
394 2416 509 2500 rubor,
532 2418 684 2498 violaeque
707 2417 875 2480 simillimus
897 2436 949 2479 ora
1048 2474 1050 2476 ,

151 2509 223 2569 Flos
237 2509 332 2586 tegit.
355 2506 404 2566 illa
419 2524 524 2588 suum,
539 2509 672 2586 quamvis
685 2506 784 2567 radice
799 2514 936 2586 tenetur,
952 2521 974 2561 t.
988 2520 1075 2561 mtx.

83 2608 138 2658 ato
152 2595 290 2657 Vertitur
313 2594 349 2655 ad
373 2594 495 2675 Solem,
518 2602 689 2673 mutataque
713 2602 810 2656 servat
832 2612 963 2654 amorem
973 2589 992 2656 .'

201 2683 343 2764 Dixerat,
366 2690 397 2742 et
419 2683 530 2743 factum
553 2681 685 2743 mirabile
710 2690 830 2762 ceperat
851 2701 956 2744 aures.

152 2772 229 2852 Pars
253 2772 319 2831 lieri
341 2772 474 2849 potuisse
498 2778 628 2850 negant.
654 2777 724 2851 pars
747 2774 845 2831 omnia
866 2789 953 2832 veros

151 2860 248 2922 Posse
271 2858 343 2919 deos
366 2867 553 2920 memorant.
581 2858 717 2928 sednon
740 2867 786 2919 est
799 2858 933 2920 Bacchus
951 2860 982 2919 iu
1000 2859 1076 2921 illis.

152 2948 294 3009 Poscitur
315 2945 472 3028 Alcithoe,
494 2954 652 3026 postquam
675 2946 784 3007 siluere
808 2964 943 3009 sorores.

85 3048 137 3097 aaa
154 3036 240 3107 Quae
262 3034 345 3096 radio
369 3036 474 3096 stantis
496 3052 678 3114 percurrens
701 3038 824 3096 stamina
847 3034 922 3096 telae

152 3120 307 3202 ‘Vulgatos
330 3117 426 3184 taceo'
449 3121 523 3183 dixit
546 3118 685 3203 ‘pastoris
704 3141 819 3184 amores
1001 3136 1024 3178 r.
1038 3135 1077 3176 xl.

152 3210 316 3290 Daphnidis
338 3210 417 3272 ldaei
429 3258 439 3292 ,
461 3229 551 3290 quem
573 3211 701 3291 nymphe
724 3210 845 3291 paelicis
867 3213 911 3272 ira
940 3232 943 3237 ·

153 3298 287 3361 Contnht
309 3300 341 3359 in
364 3316 488 3360 sarnum
511 3307 611 3361 tantus
635 3298 719 3359 dolor
742 3302 803 3360 urit
825 3306 973 3360 amantes.

153 3386 216 3448 Nec
238 3387 345 3466 loquor
357 3433 367 3469 ,
390 3395 424 3448 ut
447 3386 594 3466 quondam
617 3395 739 3448 naturae
762 3390 828 3449 iure
851 3396 957 3449 novato
990 3399 1013 3443 t.
1026 3398 1074 3444 211.

87 3486 140 3538 tao
155 3474 319 3554 durbignus
342 3475 433 3535 luerit
456 3475 543 3534 modo
566 3477 633 3558 vir,
656 3475 744 3535 modo
767 3477 876 3537 semina
900 3475 1022 3537 Sithon.

154 3562 198 3624 'le
221 3580 358 3645 quoque,
380 3580 461 3623 nunc
484 3562 600 3624 adamas
612 3609 623 3647 ‚
646 3563 794 3642 qnondam
812 3564 953 3626 fidissime
967 3581 1075 3647 parvo,
