2467 4042
437 247 472 300 11.
493 249 641 300 tut-775.

60 423 110 473 747
169 410 326 472 inveniunt
349 413 446 489 posito
469 410 644 490 pervigilare
668 430 768 472 mero.

124 499 195 559 lude
219 503 278 561 cito
302 518 392 579 passu
415 503 527 578 petitur
550 498 706 560 Lucretia:
739 499 844 579 nebat,

169 591 244 648 Ante
267 600 366 649 torum
391 588 495 648 calathi
520 588 644 666 lanaque
667 587 763 647 mollis
787 597 866 647 erat.

125 674 238 736 Lumen
261 677 296 736 ad
321 679 459 755 exiguum
482 677 607 736 famulae
632 676 698 736 data
720 694 812 755 pensa
835 673 1009 737 trahebant:

170 763 250 825 inter
275 782 348 844 quas
372 767 455 824 tenui
479 767 521 824 sle
545 766 586 824 ait
608 765 672 843 ipsa
696 782 787 826 sono:

60 865 111 913 745
127 848 284 913 ‘mittenda
308 864 354 914 est
377 853 495 913 domiuo
518 885 553 895 -
576 870 656 912 nunc
669 901 679 934 ,
701 871 781 913 nunc
804 860 978 933 properate,

673 941 807 1020 puellae!
831 940 870 984 -’

171 1027 393 1109 Quamprimum
417 1040 517 1089 nostra
541 1030 617 1090 lacta
640 1029 757 1089 lacerna
781 1047 886 1089 manu.

126 1115 202 1188 Quid
227 1129 324 1179 tamen
349 1115 487 1179 auditis?
519 1136 585 1178 nam
609 1117 695 1197 plura
718 1119 820 1178 audire
843 1119 984 1197 potestis:

171 1205 319 1276 Quantum
344 1206 380 1267 de
404 1206 481 1267 bello
505 1207 614 1267 dicitur
637 1225 703 1267 esse
727 1203 844 1287 super?

128 1293 287 1354 Postmodo
311 1298 388 1355 victa
410 1294 519 1355 cades!
552 1295 747 1375 melioribus,
770 1295 886 1371 Ardea,
911 1292 1023 1355 restas!

61 1393 114 1442 777
172 1380 321 1462 Inproba,
345 1401 420 1461 quae
444 1393 562 1442 nostros
586 1385 668 1460 cogis
691 1382 794 1444 abesse
818 1386 914 1442 viros.

129 1467 194 1529 Sint
217 1478 332 1530 tanturn
355 1470 502 1531 reduces!
535 1469 586 1530 sed
611 1472 689 1530 enim
713 1474 888 1531 temerarius
911 1470 960 1531 ille

55 1562 57 1569 ’
109 1581 112 1589 ·
172 1555 225 1619 Est
249 1575 334 1618 meus
347 1606 355 1639 ,
379 1566 410 1619 et
432 1560 536 1618 stricto
561 1556 693 1637 quolibet
716 1577 787 1619 ense
810 1562 887 1619 ruit.

127 1645 211 1707 Meus
234 1645 296 1706 abit
318 1655 348 1707 et
372 1648 504 1726 morior,
528 1649 666 1725 quotiens
689 1649 848 1726 pugnantis
870 1649 966 1726 imago

172 1733 217 1794 1117
242 1734 343 1816 subit,
367 1743 398 1795 et
420 1734 550 1814 gelidum
573 1744 694 1814 pectora
717 1736 811 1814 lrigns
833 1730 956 1796 habet.'

58 1835 112 1888 775
129 1822 244 1883 Desinit
266 1825 297 1882 in
319 1818 478 1903 lacrimas,
500 1826 673 1902 intentaque
697 1824 744 1884 fila
768 1826 909 1906 remittit,

173 1911 206 1972 17
229 1913 342 1989 gremio
366 1912 477 1972 voltum
501 1912 697 1992 deposuitque
721 1931 826 1974 suum.

67 2033 89 2065 x
129 1998 192 2060 Hoc
215 2003 313 2079 ipsum
337 2001 459 2061 decuit:
491 2000 629 2060 lacrimae
652 2001 780 2062 decuere
803 2001 945 2081 pudicae,

172 2087 211 2159 Et
234 2089 323 2149 iacies
347 2091 443 2149 auimo
467 2088 613 2168 dignaque
637 2108 748 2170 parque
772 2089 845 2151 luit.

128 2171 225 2237 ‘Pone
248 2185 383 2256 metum,
405 2179 491 2237 venio
506 2172 529 2238 l'
562 2179 691 2238 coniunx
714 2181 776 2239 ait.
816 2178 865 2239 illa
889 2178 1011 2255 revixit,

57 2280 115 2329 777
176 2266 277 2346 Deque
300 2268 356 2326 viri
379 2265 454 2326 collo
478 2265 564 2327 dulce
587 2268 728 2346 pependit
751 2284 843 2328 onus.
1077 2258 1080 2268 ’

129 2353 245 2415 1717777
267 2357 382 2415 iuvenis
406 2356 530 2415 furiatus
553 2356 653 2433 regins
676 2357 753 2433 ignis

173 2442 332 2523 Concipit,
354 2452 385 2504 et
407 2461 495 2503 caeco
518 2453 621 2522 raptus
645 2462 744 2504 amore
767 2443 857 2504 furit.

129 2531 235 2592 Forma
258 2531 376 2612 placet,
399 2533 562 2610 niveusque
586 2531 690 2611 color,
713 2532 838 2612 ssaquue
862 2530 976 2612 capssli,

174 2620 290 2700 Quique
314 2620 415 2680 aderat
438 2619 517 2680 nulla
541 2621 636 2681 iactus
659 2619 696 2681 ab
719 2628 782 2681 arte
806 2620 914 2682 decor:

59 2722 114 2772 777
130 2708 224 2770 Verba
247 2708 364 2789 placent
388 2719 417 2769 et
440 2726 517 2788 vox,
540 2717 570 2769 et
588 2707 667 2787 quod
691 2725 883 2789 eorrumpere
907 2727 967 2769 uon
985 2704 1048 2786 estj

174 2797 297 2876 Quoque
321 2800 417 2857 minor
441 2815 509 2876 spes
532 2807 599 2877 est,
623 2796 679 2857 hoc
702 2799 795 2877 magis
817 2798 866 2858 ille
890 2800 988 2878 cupit.

129 2887 189 2947 lam
213 2885 335 2947 dederat
357 2894 461 2946 cantus
484 2885 560 2946 lucis
583 2889 778 2964 praenuntius
801 2885 879 2965 ales,

174 2974 249 3036 Cum
272 2976 405 3035 referunt
429 2977 551 3035 iuvenes
574 2977 604 3034 in
629 2993 681 3034 sua
705 2983 800 3035 castra
823 2974 946 3054 pedem.

131 3062 268 3141 Carpitur
292 3065 432 3123 attonitos
456 3062 586 3123 absentis
610 3064 736 3140 imagine
760 3080 866 3122 sensus

60 3162 116 3215 777
174 3150 247 3211 1117.
289 3151 457 3211 recordanti
481 3151 564 3230 plura
588 3154 739 3229 magisque
763 3151 897 3229 placent.

131 3237 179 3299 Sic
203 3239 302 3319 sedit,
325 3242 367 3300 sic
391 3240 469 3300 culta
492 3241 570 3318 luit,
594 3242 637 3300 sic
661 3241 785 3300 stamina
808 3241 905 3319 uerit,

173 3327 330 3406 Neglectae
354 3327 428 3388 77117
452 3331 494 3389 sic
517 3330 636 3389 iacuere
660 3346 779 3407 comae,

130 3414 190 3476 llos
213 3415 316 3476 habuit
340 3416 435 3476 voltus
448 3464 457 3497 ,
480 3417 552 3477 haec
575 3418 618 3476 1111
641 3416 731 3477 777177
754 3417 892 3496 luerunt,

173 3504 228 3566 Hic
251 3505 355 3584 color,
378 3505 449 3565 haec
474 3506 584 3586 iacies,
608 3506 656 3566 1717
679 3508 769 3567 decor
793 3508 853 3565 oris
877 3512 957 3565 erat.

57 3592 167 3659 777111
189 3595 265 3655 solet
287 3614 304 3655 7
328 3612 432 3674 magno
455 3595 564 3656 fluctus
588 3594 779 3674 languescere
803 3595 892 3676 flatu,
