2467 4042
414 257 441 328 l,
464 251 664 321 ete-tto.

100 409 143 470 'lu
157 410 228 471 licet
243 410 381 485 incipias
398 424 459 483 qua
473 406 587 470 flebilis
601 408 681 468 Allia
695 412 765 469 luce

139 494 338 553 Vulneribus
351 492 444 553 Latiis
459 492 694 567 sanguinolenta
708 492 772 567 luit,

47 586 89 639 tlt
99 576 226 652 Quaque
241 578 298 637 die
312 576 457 649 redeunt,
480 577 572 637 rebus
586 575 689 637 minus
704 584 775 652 apta
789 578 941 654 gerendis,

141 662 227 722 Culta
242 661 423 721 Palaestino
439 660 571 735 septima
584 660 664 721 leste
679 659 771 738 Syro.

99 743 209 820 Magna
226 744 413 819 superstitio
428 742 482 806 tibi
497 743 538 805 sil
553 744 662 805 natalis
678 744 810 805 emicaez

140 829 274 904 Quaque
291 829 412 904 aliquid
430 828 564 887 dandum
579 835 642 903 est,
663 828 715 888 illa
729 828 769 888 sit
783 835 848 888 atra
862 829 939 891 dies.

99 911 170 971 cum
184 912 270 972 bene
285 913 410 987 vitaris,
432 918 532 972 tamen
547 911 673 972 auferet.
696 911 811 973 invenit
825 920 919 973 artem

47 1006 90 1056 tio
136 996 282 1071 Femina,
309 1013 371 1071 que
389 996 493 1071 cupidi
508 1003 614 1072 carpat
628 998 757 1056 ementis
772 1011 860 1072 opes.

99 1080 222 1141 institor
237 1080 283 1140 ad
299 1079 455 1141 dominam
468 1080 572 1140 veniet
586 1079 753 1140 discinctus
769 1096 913 1154 emacem,

137 1164 299 1241 Expediet
314 1180 433 1225 merces
447 1172 541 1238 teque
556 1164 684 1224 sedente
699 1180 789 1225 suas:

99 1246 178 1320 Quas
195 1250 265 1323 illa,
290 1249 455 1325 inspicias,
476 1254 635 1324 saperent
651 1247 790 1322 videare,
812 1248 945 1323 rogabit:

140 1329 257 1394 Oscula
274 1332 392 1394 deinde
405 1332 499 1393 debit.
522 1331 635 1393 deinde
649 1330 780 1406 rogabit,
805 1347 901 1394 emas.

47 1414 163 1476 ltaliae
178 1417 247 1477 lore
263 1422 442 1484 contentam
455 1417 568 1476 multos
582 1415 693 1475 iurabit
708 1416 738 1475 in
752 1431 860 1491 annos,

138 1499 226 1561 Nunc
241 1517 329 1576 opus
344 1515 416 1561 esse
430 1499 505 1575 sibi,
528 1514 610 1560 nunc
624 1498 798 1560 benedicet
812 1501 881 1560 emi.

102 1581 132 1642 Si
145 1600 206 1644 non
223 1601 302 1646 esse
316 1584 413 1658 domi,
437 1600 518 1659 quos
533 1584 606 1658 des,
626 1583 795 1644 causabere
809 1599 957 1661 nummos,

139 1666 253 1728 Littera
268 1674 449 1744 poscetur...
465 1683 505 1727 ne
519 1667 666 1728 didicisse
680 1668 771 1729 iuvet.

103 1748 190 1827 outo,
211 1752 308 1826 quasi
323 1751 415 1813 natali
430 1767 500 1813 cum
513 1749 616 1828 poscit
630 1767 756 1812 munera
770 1750 842 1826 libo,

51 1838 94 1892 tao
139 1834 175 1895 Et
189 1837 340 1911 quotiens
357 1851 438 1910 opus
452 1842 514 1910 est,
536 1835 673 1896 nascitur
686 1836 737 1895 illa
752 1834 833 1896 sibit

103 1917 190 1993 Quid,
212 1935 285 1980 cum
301 1919 442 1980 mendaci
457 1919 569 1980 damno
582 1919 788 1980 maestissima
800 1919 910 1996 plural,

141 2002 342 2080 Elapsusque
357 2019 435 2064 cavo
448 2003 571 2079 lingitur
585 2018 660 2064 aure
673 2003 776 2080 laplst

104 2085 192 2146 llulta
204 2093 321 2164 rogant
333 2087 448 2149 utenda
462 2087 546 2161 dari,
566 2088 638 2149 date
650 2088 781 2149 reddere
795 2088 916 2149 nolunt:

142 2170 266 2245 Perdis,
291 2170 367 2234 etin
383 2171 496 2232 damno
510 2171 608 2247 gratia
623 2172 706 2234 nulla
719 2179 781 2233 tuo.

54 2253 164 2314 oetion
178 2256 270 2331 mihi,
295 2256 464 2330 sacrilegas
478 2256 670 2318 meretricum
683 2263 716 2317 ut
729 2271 901 2333 persequar
913 2263 1005 2332 artes,

143 2339 215 2400 Cum
229 2340 359 2401 totidem
375 2340 487 2415 linguis
502 2339 564 2402 sint
578 2340 654 2401 salis
669 2355 723 2400 ora
737 2340 854 2401 decem.

107 2421 176 2482 Cera
189 2425 309 2485 vadum
322 2430 462 2500 temptet,
483 2424 564 2485 rasis
578 2423 682 2484 intusa
694 2422 830 2486 tabellis:

144 2507 217 2567 tera
232 2516 308 2570 tuae
321 2509 454 2583 primum
468 2509 574 2569 nuntia
587 2509 697 2569 mentia
712 2514 771 2569 eat.

107 2588 269 2654 Blanditias
285 2593 362 2653 ferat
375 2593 427 2653 illa
439 2598 508 2654 tuas
522 2591 699 2669 imitataque
711 2600 864 2654 amantum

58 2674 98 2727 tto
142 2675 254 2738 Verba.
277 2692 336 2736 nec
350 2676 494 2752 exiguas,
518 2675 660 2753 quisquis
674 2692 725 2750 es,
748 2677 830 2738 adde
845 2691 964 2753 preces.

107 2756 230 2821 Hectora
245 2760 373 2822 donavit
386 2760 506 2821 Priamo
518 2776 612 2836 prece
626 2767 727 2821 motus
740 2761 887 2822 Achilles.

143 2842 285 2905 Flectitur
301 2845 396 2907 iratus
410 2860 490 2906 voce
503 2852 632 2921 rogante
647 2845 734 2906 deus.

107 2922 259 2990 Promittas
275 2929 376 2990 facito.
401 2927 475 3004 quid
490 2929 570 2988 enim
584 2929 761 3004 promittere
776 2929 889 2989 laeditt

143 3010 286 3074 Pollicitis
301 3013 390 3072 dives
407 3013 533 3088 quilibet
547 3028 620 3074 esse
635 3021 745 3089 potest.

61 3090 177 3168 abspes
191 3103 274 3159 tenet
289 3098 318 3155 in
333 3103 471 3172 tempus,
492 3099 586 3157 semel
601 3104 649 3157 est
664 3095 692 3157 si
706 3098 835 3173 credita,
857 3100 980 3174 lengun.

145 3178 196 3239 Illa
210 3179 335 3257 quidem
353 3182 460 3254 lallax,
482 3181 538 3263 sed
553 3188 652 3241 tamen
668 3189 740 3258 epta
754 3182 814 3242 dea
827 3189 883 3243 est.

109 3256 137 3319 Si
151 3263 271 3325 dederis
285 3264 416 3340 aliquid,
436 3266 552 3339 poteris
569 3265 688 3326 ratione
702 3267 849 3341 relinqui:

144 3344 336 3410 Praeteritum
351 3348 465 3423 tulerit,
488 3349 717 3426 perdideritque
732 3348 814 3410 nihil.

109 3428 144 3490 Al
157 3434 236 3506 quod
253 3450 316 3494 non
333 3433 470 3504 dederis,
495 3449 618 3510 semper
632 3434 757 3494 videare
773 3435 909 3495 datuurus.

66 3516 104 3568 tto
146 3513 193 3576 Sic
206 3517 361 3578 dominum
377 3517 488 3578 sterilis
504 3532 600 3593 saepe
614 3517 721 3578 lelellit
736 3534 822 3593 ager:

819 3606 871 3665 lt*
