2467 4042
208 191 274 257 256
477 220 482 227 ·
615 188 810 241 nassonem

343 355 401 418 Sed
424 363 524 416 tamen
546 372 563 415 a
586 362 698 434 vento,
720 355 772 433 qui
795 353 873 431 luit,
894 353 977 415 unda
1001 364 1125 436 tunaet,

299 444 371 525 Sic,
394 445 528 523 quamvis
550 440 652 504 aberat
675 442 798 521 placitae
821 446 992 521 praesentia
1015 444 1158 523 fornae,

343 534 438 604 Quem
461 531 583 592 dederat
604 548 747 613 praeseus
769 530 886 610 torma,
908 530 1053 594 manebat
1077 552 1180 593 amor.

298 621 412 701 Ardet,
434 629 465 682 et
487 621 589 681 iniusti
613 618 740 680 stimulis
763 621 891 699 agitatur
914 622 1046 683 amoris.

233 723 285 773 tao
344 709 500 789 Comparat
521 707 643 787 indigno
666 709 783 786 vimque
807 707 966 787 dolumque
991 718 1084 771 toro.

300 794 422 859 ‘Exitus
445 799 475 857 in
499 795 588 859 dubio
612 803 676 858 est:
708 794 882 857 audebimus
905 793 1051 859 uttinat’
1077 797 1157 860 dixit

344 882 495 965 ‘Viderit,
518 884 661 946 audentes
685 883 784 945 lorsne
808 884 920 945 deusne
943 887 1045 946 iuvet.

300 974 440 1056 Cepimus
463 973 597 1034 audendo
622 972 728 1033 Gabios
752 968 904 1052 quoque.’
946 972 1016 1034 talia
1043 974 1129 1035 latus

344 1063 423 1124 Ense
446 1062 522 1123 latus
546 1063 638 1123 cinxit
651 1109 659 1140 ,
683 1070 824 1140 tergaque
847 1063 956 1141 pressit
980 1065 1075 1143 equi.

235 1163 286 1214 tes
301 1152 416 1231 Accipit
438 1161 535 1212 aerata
558 1152 696 1211 iuvenem
719 1148 840 1211 Collatia
862 1160 964 1229 porta,

345 1239 480 1303 Condere
503 1241 560 1300 iam
583 1238 681 1299 voltus
704 1238 765 1299 sele
788 1248 910 1318 parante
933 1256 1022 1300 snos,

302 1328 425 1409 Hostis,
448 1338 481 1390 ut
503 1328 634 1407 hospes,
656 1329 712 1387 init
735 1327 895 1407 penetralia
918 1326 1088 1393 Collatinas

346 1418 476 1485 Comiter
499 1418 668 1497 excipitur3
691 1417 833 1494 sanguine
856 1419 976 1476 iunctus
1000 1427 1091 1478 erat.

302 1505 452 1575 Ostentum
476 1507 579 1568 anisnis
603 1506 715 1565 erroris
738 1502 837 1565 inest!
869 1513 953 1583 parat
973 1505 1076 1566 inscia
1100 1525 1198 1568 rernm

236 1606 287 1656 teo
346 1594 449 1657 Infelix
474 1594 576 1677 epulas
599 1591 735 1655 hostibus
758 1592 806 1655 illa
828 1594 908 1654 suis.

304 1682 436 1747 l'ttnctus
460 1691 526 1743 erat
547 1681 694 1761 dapibus:
726 1689 856 1761 poscunt
876 1698 931 1740 sua
953 1688 1097 1760 tempora

613 1802 616 1811 s
850 1787 1005 1847 somnum3

346 1858 410 1920 Nox
434 1869 519 1940 erat,
542 1868 572 1920 et
594 1867 655 1921 tota
679 1857 790 1921 lumina
812 1857 892 1918 nulla
914 1857 1023 1919 domo,

304 1947 427 2029 Suiqit,
450 1957 481 2009 et
503 1956 640 2010 auratum
663 1949 766 2026 vagina
788 1944 897 2011 liberat
916 1964 1036 2027 ensem,

346 2035 385 2097 Et
407 2038 488 2099 vonit
510 2039 541 2099 in
564 2035 730 2114 thalamos,
752 2043 844 2113 nupta
865 2033 994 2115 pudica,
1018 2043 1112 2097 tuos.

237 2136 288 2188 191
304 2123 399 2206 thue
424 2134 524 2189 torum
545 2133 679 2205 pressit,
702 2117 854 2199 ficuum,
877 2122 1038 2253 bperetia,
1065 2142 1188 2188 mecum

851 2218 916 2271 est.

347 2297 455 2363 Natns’
480 2304 520 2364 ait
543 2297 641 2381 ‘regis
662 2300 901 2383 Tarquiniusque
924 2294 1069 2380 loquor.'

303 2389 354 2452 llla
378 2390 473 2454 nibil:
505 2408 601 2475 neque
626 2392 705 2451 enim
729 2407 832 2451 vocem
853 2391 990 2467 viresque
1013 2387 1183 2471 loquendi,

348 2480 407 2540 lut
429 2478 539 2563 aliquid
562 2487 626 2540 toto
649 2488 769 2559 pectore
793 2479 902 2539 mentis
922 2475 1029 2539 habet:

304 2566 362 2628 Sed
387 2571 487 2630 tremit
499 2615 510 2649 ,
532 2576 568 2631 ut
589 2566 738 2646 quondam
761 2564 884 2629 stabulis
907 2565 1059 2645 deprensa
1081 2566 1195 2631 relictis

238 2669 289 2718 eoo
348 2655 440 2716 Parva
464 2656 520 2717 sub
544 2656 652 2719 inlesto
676 2674 743 2717 cum
767 2656 843 2715 iacet
866 2672 940 2734 agna
962 2653 1052 2733 lupo.

304 2742 381 2816 Quid
406 2741 522 2806 iaciat?
553 2739 697 2825 pugnet?
728 2745 863 2804 vincetur
886 2743 996 2803 semina
1018 2761 1181 2824 pugnans.

350 2829 492 2894 Clamet?
524 2842 553 2894 at
576 2834 607 2893 in
630 2833 755 2910 dextra,
779 2834 831 2912 qui
854 2839 956 2910 vetet,
978 2833 1060 2897 ensis
1088 2843 1175 2896 erat.

305 2916 464 3000 Effugiat?
496 2923 600 3001 positis
625 2930 791 3001 urguentur
814 2930 935 2999 pectora
957 2919 1084 3001 palmis,

350 3010 435 3071 Tunc
458 3013 586 3090 primum
610 3020 732 3071 externa
756 3017 876 3089 pectora
901 3018 978 3071 taeta
1001 3026 1113 3071 manu.

240 3110 292 3163 aot
306 3097 399 3159 lnstat
421 3117 522 3160 amans
546 3099 641 3159 bostis
663 3096 804 3178 precibus
827 3100 982 3177 pretioque
1006 3099 1184 3178 minisque:

350 3187 411 3251 Neo
435 3206 546 3268 prece,
570 3205 626 3249 uec
647 3188 768 3268 pretio,
792 3205 848 3249 nec
871 3195 969 3247 moret
990 3184 1041 3249 ille
1066 3191 1182 3250 minis.

307 3270 370 3337 ‘Nll
393 3274 477 3355 aglsl
511 3270 650 3355 eripiam’
674 3275 748 3339 dixit
771 3270 841 3354 ‘per
864 3276 988 3337 crimina
1011 3275 1124 3338 vitam:

352 3364 455 3426 Falsus
479 3365 617 3427 adulterii
640 3367 725 3425 testis
748 3363 864 3425 adulter
888 3381 958 3425 ero:

307 3452 477 3514 lnterimam
501 3452 643 3515 larnarlum
656 3498 666 3531 ,
689 3470 758 3513 cum
781 3470 840 3531 quo
863 3450 1010 3531 deprensa
1033 3451 1186 3519 seueris!

243 3550 294 3578 Μ
354 3538 518 3601 Succubuit
542 3540 635 3600 lamae
659 3542 736 3600 ricta
757 3539 855 3620 puella
878 3549 978 3602 metu.
