2467 4042
187 214 249 280 128
319 196 321 201 ’
382 235 470 271 mea
601 215 778 271 usumin.

225 394 258 442 45
273 383 312 443 Ut
334 385 452 443 timeam
475 382 608 443 iraudem
632 385 788 462 meritique
811 382 917 445 oblivia
935 388 1046 448 nostrl,

272 471 311 532 Et
333 470 414 532 dabit
435 479 502 531 ante
525 470 635 532 fldem.
663 489 823 551 cogamque
846 475 878 533 in
901 474 1021 535 foedera
1041 482 1144 535 testes

272 559 347 621 Esse
370 559 463 621 deos.
491 562 563 637 quin
587 567 650 620 tuta
672 558 780 621 times!
804 563 959 640 accingere
983 571 1013 623 et
1034 581 1159 624 omnem

272 647 352 710 Pelle
376 647 509 709 moram!
532 646 587 709 tibi
609 666 642 708 se
666 665 783 727 semper
806 647 926 710 debebit
948 650 1052 732 lason,

273 738 315 798 Te
337 736 401 797 lace
425 736 560 797 sollemni
581 738 685 815 iunget
706 736 763 797 sibi
775 784 785 819 ,
811 755 926 817 perque
949 738 1080 819 Pelasgas

225 837 259 887 50
274 826 425 887 Serratrix
448 824 538 886 urbes
561 833 689 886 matrum
712 823 901 886 celebrabere
924 826 1029 889 turba.

273 914 352 994 Ergo
374 931 430 993 ego
452 930 622 993 germanam
644 914 825 994 fratremque
847 922 1022 994 patremque
1044 916 1182 995 deosque

274 1003 313 1064 Et
335 1002 429 1064 natale
452 1001 570 1083 solum,
592 1004 689 1063 ventis
711 1001 824 1083 ablata,
847 1000 1039 1084 relinquam?

273 1091 387 1172 Nempe
409 1099 494 1171 pater
513 1108 616 1151 saevus
628 1138 638 1173 ,
661 1108 767 1171 nempe
791 1098 838 1152 est
859 1108 924 1153 mea
947 1091 1070 1153 barbara
1087 1092 1199 1173 tellus,

273 1180 377 1241 Frater
400 1180 496 1241 adlruc
518 1180 638 1241 inians.
665 1186 746 1240 stant
767 1197 884 1241 mecum
907 1188 975 1241 rota
998 1184 1129 1243 sororis:

226 1281 259 1328 55
273 1269 417 1330 Maximus
439 1271 517 1329 intra
539 1286 586 1329 me
610 1267 684 1329 deus
706 1277 774 1330 est.
802 1286 862 1330 non
885 1286 990 1348 magna
1013 1270 1197 1349 relinquam:

273 1357 377 1437 blegne
398 1375 528 1436 sequar:
551 1356 672 1418 titulum
695 1364 826 1418 servatae
850 1355 938 1436 pubis
961 1358 1106 1440 Achivae,

274 1445 473 1524 Notitiamque
496 1444 554 1505 loci
576 1444 730 1526 melione,
749 1454 780 1506 et
802 1445 908 1525 oppida
920 1494 930 1526 ,
955 1464 1084 1525 quorum

273 1533 328 1595 llic
352 1551 469 1613 quoque
493 1534 569 1594 lama
590 1535 691 1614 viget,
714 1532 871 1612 cultusque
884 1540 1025 1613 artesque
1044 1535 1181 1598 locorum
1187 1557 1196 1617 ;

274 1623 428 1701 Quemque
452 1640 506 1702 ego
530 1640 598 1683 cum
621 1620 733 1702 rebus,
757 1639 830 1701 quas
853 1629 933 1684 totus
948 1623 1085 1703 possidet
1098 1624 1194 1705 orbis,

226 1725 260 1773 co
274 1710 441 1772 Aesoniden
464 1718 593 1771 mutasse
616 1709 704 1770 velim
715 1758 725 1791 ,
749 1728 808 1788 quo
831 1712 955 1790 coniuge
978 1711 1049 1772 ielix

273 1799 312 1860 Et
334 1798 379 1860 dis
403 1817 471 1860 cara
493 1801 572 1861 ferar
594 1806 627 1859 et
647 1800 758 1859 vertice
782 1798 881 1859 sidera
904 1808 1039 1878 tangam.

274 1888 374 1969 Quid,
397 1888 476 1967 quod
499 1889 600 1948 nescio
624 1889 675 1965 qui
697 1885 802 1947 mediis
825 1889 981 1949 incurrere
1002 1890 1034 1948 in
1059 1889 1149 1951 undis

273 1977 419 2038 llicuntur
441 1984 581 2055 montes,
603 1973 777 2054 ratibusque
799 1976 918 2036 inimica
942 1975 1109 2055 Charybdis

273 2065 359 2127 Nunc
373 2064 496 2126 sorbere
510 2065 620 2125 iretum
633 2112 642 2145 ,
665 2081 745 2125 nunc
758 2062 883 2124 reddere
895 2112 905 2145 ,
928 2066 1087 2144 cinctaque
1103 2069 1192 2129 saeris

225 2166 259 2215 ct
275 2153 370 2233 Scylla
393 2171 482 2233 rapax
501 2151 625 2214 canibus
649 2150 748 2212 Siculo
772 2151 879 2212 latrare
901 2151 1081 2232 profundo?

273 2242 386 2321 Nempe
399 2250 505 2303 tenens
519 2241 598 2320 quod
612 2258 696 2321 amo,
709 2243 882 2320 gremioque
895 2242 926 2300 in
940 2239 1054 2302 Iasonis
1069 2243 1191 2305 baercns

273 2331 331 2393 Per
354 2331 430 2391 lreta
452 2331 538 2409 longa
560 2330 661 2392 ferar.
688 2328 762 2389 nilrll
783 2327 867 2390 illum
890 2329 1022 2408 amplexa
1049 2331 1191 2412 verebor,

273 2420 332 2481 dut
344 2467 354 2499 ,
376 2420 475 2499 siquid
497 2427 649 2499 metuam,
672 2425 801 2478 metuam
824 2416 860 2478 de
885 2420 1009 2497 coniuge
1033 2419 1118 2483 solo.

257 2507 489 2586 ‘Coniugiumne
512 2515 621 2587 putas,
644 2508 837 2585 speciosaque
859 2508 979 2567 nomina
1001 2506 1109 2586 culpae

227 2608 260 2657 ro
274 2596 417 2676 luponis,
439 2595 564 2677 llcdea,
586 2589 686 2655 tuae?
709 2596 781 2673 quin
804 2596 924 2674 aspice,
943 2602 1090 2675 quantum

273 2683 451 2764 Aggrediare
475 2685 580 2764 ncias,
603 2691 635 2745 et
657 2682 727 2743 dum
750 2683 820 2743 licet
832 2730 841 2763 ,
864 2684 960 2762 eiluge
984 2685 1101 2744 crimen
1111 2681 1132 2747 .’

214 2836 216 2841 ,
273 2773 374 2834 llixit:
396 2780 427 2833 el
449 2782 517 2834 ante
540 2771 643 2832 oculos
665 2779 781 2832 rectum
803 2772 957 2850 pietasque
979 2771 1140 2852 pudorque

274 2861 497 2943 Constiterant,
520 2870 551 2922 et
572 2862 648 2921 ricta
671 2858 759 2920 dabat
779 2861 838 2920 iam
861 2867 944 2939 terga
968 2858 1101 2940 Cupido.

317 2948 381 3011 lbat
403 2949 439 3012 ad
463 2952 598 3028 antiquas
621 2947 747 3010 Hecates
769 2946 927 3009 Perseidos
950 2966 1034 3029 aras,

225 3049 258 3099 rt
274 3039 355 3109 Quas
377 3056 482 3099 nemus
505 3036 679 3099 umbrosum
703 3045 877 3114 secretaque
899 3036 971 3098 silva
993 3035 1131 3116 tegebat.

272 3126 311 3187 Et
332 3129 390 3188 iam
408 3128 494 3188 lortis
518 3134 603 3207 erat,
625 3124 788 3206 pulsusque
811 3132 978 3186 recesserat
999 3126 1109 3189 ardor:

273 3214 347 3277 Cum
370 3214 450 3277 ridet
471 3213 661 3295 Aesoniden,
684 3215 872 3293 extinctaque
895 3213 1011 3275 llamnra
1032 3214 1160 3279 reluxit.

274 3302 444 3380 [Erubuere
468 3321 583 3383 genae,
605 3309 729 3383 totoque
752 3302 909 3364 recanduit
931 3320 984 3363 orc
996 3349 1006 3383 ,

273 3390 371 3470 thue
394 3391 470 3454 solet
491 3393 588 3452 ventis
611 3390 749 3452 alimenta
772 3408 925 3452 assumere
937 3438 947 3471 ,
970 3408 1109 3470 quaeque

224 3477 365 3540 soParva
388 3479 443 3542 sub
466 3479 588 3541 inducta
610 3477 696 3540 latuit
718 3478 846 3540 scintilla
869 3477 982 3561 larllla,

273 3564 414 3629 Crescere
438 3577 470 3629 et
490 3572 523 3630 in
545 3576 663 3630 veteres
686 3570 793 3649 agitata
815 3585 973 3649 resurgere
996 3559 1095 3651 uires,
