2467 4042
179 188 244 254 144
584 191 633 241 EX
651 190 772 244 PONTO

309 353 385 437 iiio,
407 372 466 433 quo
488 354 634 433 templum
656 363 778 434 pectore
802 371 920 435 semper
942 353 1051 428 babet.

218 443 390 522 monaque
412 445 503 524 ierit,
526 441 596 504 felix
613 442 768 503 adiectum
790 441 944 522 plausibus
967 461 1078 526 omen,

311 531 445 611 Saxaque
468 533 576 593 roratis
599 531 756 592 erubuisse
780 533 874 592 rosis.

265 619 406 681 Protinus
428 627 678 699 argentoverms
700 620 845 680 imitantia
867 636 969 680 muros

309 707 438 770 Barbara
461 725 529 769 cum
551 709 640 787 pictis
663 706 772 786 oppida
794 706 851 769 lata
874 709 964 787 viris,

266 795 461 876 Fluminaque
484 804 515 858 et
537 804 654 858 montes
676 803 708 860 et
729 798 761 856 in
785 795 851 857 altis
874 794 987 875 proelia
1011 794 1099 857 silvis
1196 823 1200 830 ’

216 896 252 948 40
309 884 458 964 Armaque
481 900 550 946 oum
572 884 640 946 telis
663 886 694 946 in
717 891 801 945 strue
825 886 915 944 mixta
938 901 1009 965 sua,

266 972 369 1053 Deque
391 981 604 1053 tropaeorum,
628 973 707 1052 quod
730 972 776 1034 sol
799 972 983 1051 incenderit,
1007 989 1085 1033 auro

309 1061 407 1123 Aurea
429 1059 552 1122 Romani
575 1069 653 1122 tecta
676 1061 769 1122 inisse
792 1060 866 1123 fori.

266 1148 383 1229 Totque
405 1148 509 1212 tulisse
533 1148 625 1210 duces
648 1151 772 1229 captivis
794 1148 892 1210 addita
916 1147 999 1211 collis
1152 1165 1193 1215 (au

310 1236 454 1318 Vincula,
476 1255 569 1317 paene
592 1236 688 1300 bostis
711 1245 784 1316 quot
806 1240 877 1299 satis
901 1254 967 1299 esse
990 1236 1068 1298 suit.

217 1337 252 1389 45
265 1326 390 1402 Maxima
412 1344 482 1405 pars
504 1326 613 1388 borum
635 1328 725 1387 uitam
748 1327 923 1405 veniamque
946 1324 1105 1408 tulerunt,

310 1414 344 1476 in
367 1414 476 1494 quibus
499 1423 530 1476 et
552 1413 760 1477 beliisumma
782 1420 931 1493 caputque
953 1412 1044 1475 Bato.
1118 1435 1122 1444 ¹

267 1503 327 1565 Cur
350 1521 405 1583 ego
419 1521 516 1581 posse
540 1521 646 1583 negem
669 1504 764 1564 minui
786 1502 859 1563 mihi
882 1504 1013 1563 numinis
1036 1503 1138 1586 iram,

310 1591 384 1654 Cum
406 1591 521 1653 uideam
543 1594 625 1653 mitis
647 1590 783 1653 hostibus
806 1608 873 1652 esse
897 1586 991 1652 deos?

266 1679 393 1741 Pertulit
413 1679 463 1742 bic
485 1679 565 1742 idem
588 1679 697 1760 nobis,
720 1678 918 1759 Germanice,
940 1696 1064 1761 rumor,

218 1780 253 1832 5ο
311 1767 425 1849 Oppida
448 1767 614 1830 subtituto
637 1769 766 1830 nominis
788 1770 848 1828 isse
871 1769 933 1847 tui,

266 1857 361 1937 noque
386 1875 421 1919 ea
442 1865 472 1919 te
495 1867 599 1918 contra
622 1875 678 1919 neo
701 1857 780 1917 muri
802 1854 901 1935 mole,
924 1873 979 1917 nec
1003 1858 1119 1940 armis,
1194 1868 1199 1874 '

310 1945 373 2007 Neo
395 1947 467 2006 satis
488 1947 608 2023 ingenio
632 1953 696 2006 tuta
718 1945 811 2006 inisse
834 1943 909 2005 loci.

267 2033 303 2095 lu
325 2033 379 2095 tibi
401 2033 473 2098 dent
495 2032 610 2095 annos!
647 2052 664 2094 e
686 2041 716 2094 te
739 2049 807 2094 nam
829 2040 929 2096 cetera
953 2050 1075 2115 sumes,

312 2122 379 2183 Sint
401 2121 489 2184 modo
511 2124 616 2184 uirtuti
638 2131 773 2201 tempora
795 2120 883 2200 longa
905 2130 990 2183 tuae.

220 2224 253 2273 55
269 2210 355 2283 Quod
373 2228 498 2293 precor,
521 2214 654 2273 eveniet.
683 2217 755 2272 sunt
773 2209 913 2289 quiddam
932 2208 1050 2271 oracula
1074 2221 1206 2276 vatum:

311 2299 386 2362 Nam
408 2299 483 2361 deus
505 2302 618 2379 optanti
642 2316 785 2378 prospera
809 2300 892 2378 signa
915 2297 1013 2359 dedit.

267 2388 310 2450 'ie
333 2406 452 2470 quoque
475 2390 616 2456 victorem
640 2387 780 2467 Tarpeias
803 2386 946 2450 scandere
969 2387 1001 2446 in
1024 2403 1117 2450 arces

312 2475 401 2538 Laeta
424 2479 573 2538 coronatis
596 2476 690 2538 Roma
712 2475 824 2536 videbit
846 2476 948 2554 equis.

269 2566 458 2644 Maturosque
480 2575 565 2645 pater
588 2567 650 2627 nati
671 2564 819 2645 spectabit
842 2564 987 2642 bonores,

221 2668 256 2717 60
315 2653 426 2716 Gaudia
447 2656 638 2734 percipiens,
662 2670 737 2733 quae
760 2652 873 2714 dedit
865 2670 929 2731 rpse
952 2652 1032 2714 suis.

269 2742 329 2805 lam
353 2760 433 2804 nuno
456 2742 528 2805 baec
551 2761 568 2804 a
591 2751 661 2824 me,
683 2743 825 2803 iuvenum
847 2739 984 2819 belloque
1007 2749 1152 2844 togaque

313 2830 460 2913 Maxime,
484 2831 561 2893 dicta
579 2830 634 2893 tibi
656 2831 834 2892 vaticinante
857 2837 944 2891 nota.

271 2919 356 2982 Hunc
371 2938 489 2999 quoque
509 2918 690 2982 carminibus
704 2918 832 2980 referam
850 2918 976 2978 fortasse
990 2899 1209 3002 triumphum,

315 3008 449 3070 Sufficiet
471 3010 582 3070 nostris
605 3011 633 3070 si
654 3006 742 3070 modo
766 3008 824 3069 vita
847 3005 949 3110 maiis3

222 3110 256 3161 65
270 3095 408 3159 imbuero
432 3096 585 3177 Scythicas
608 3099 634 3159 si
657 3114 716 3159 nou
739 3097 825 3176 prius
847 3097 911 3175 ipse
934 3095 1079 3176 sagittas,
1167 3116 1211 3161 (asu

314 3184 536 3265 Abstuleritque
559 3187 644 3249 seron
666 3184 724 3246 hoc
747 3192 837 3265 caput
859 3201 930 3246 ense
954 3181 1064 3245 Getes.

271 3275 397 3347 Quae-si
420 3293 467 3336 me
490 3274 569 3336 salvo
593 3273 711 3336 dabitur
734 3282 785 3335 tna
807 3272 908 3334 laurea
929 3270 1066 3353 templis,

316 3363 421 3425 Ondna
442 3362 489 3425 bis
511 3362 593 3427 dices
616 3381 685 3426 vera
708 3363 801 3425 fuisse
824 3379 906 3423 mea.
