2467 4042
437 193 470 260 1,
490 196 649 247 auc-aee.
750 210 899 248 nwmmeu
1003 194 1040 255 11

113 352 148 417 0
183 358 285 417 ubuum
306 374 426 436 possem
447 356 573 437 populos
595 375 735 437 reparare
757 359 890 436 paternis

112 442 247 505 Artibus
268 451 357 523 atque
379 447 490 506 animas
512 446 655 506 formatae
677 445 835 506 infundere
858 442 973 506 terrael

25 542 95 593 865
114 530 216 592 Nunc
236 550 328 611 genus
350 534 383 596 in
405 532 491 596 nobis
514 541 608 594 restat
629 534 753 596 mortale
776 532 912 613 duobus3

115 619 182 680 Sic
191 622 279 682 visum
289 628 335 682 est
344 624 479 701 superisa
492 621 705 701 hominumque
720 621 853 702 exempla
862 638 1015 682 manemus
1025 613 1045 680 .’

113 707 265 789 Dixerat,
287 717 319 769 et
340 708 471 772 [lebant.
494 710 606 790 placuit
625 710 755 772 caeleste
777 711 895 790 precari

114 796 261 877 Numen,
284 804 315 859 et
336 797 478 860 auxilium
500 816 555 877 per
578 816 677 860 sacras
700 816 845 876 quaerere
867 805 981 859 sortes.

115 884 209 945 Nulla
231 903 314 948 mora
338 893 407 966 est,
428 885 539 950 adeunt
560 888 675 967 pariter
698 885 870 966 Cephisidas
888 884 1000 966 undas,

33 984 100 1033 870
115 971 166 1034 Ut
185 973 315 1034 nondum
339 972 488 1055 liquidas,
506 978 550 1037 sic
571 977 631 1036 iam
652 974 725 1036 vada
747 982 818 1036 nota
840 981 993 1035 secantes.

116 1060 195 1122 Indo
217 1060 269 1122 ubi
291 1061 400 1124 libatos
421 1064 593 1126 inroravere
615 1062 748 1142 liquores

115 1148 260 1211 Vestibus
282 1157 314 1211 et
337 1151 448 1231 capiti,
470 1150 595 1213 lleetunt
616 1153 740 1229 vestigia
762 1159 881 1213 murtae

117 1236 167 1298 Ad
188 1237 312 1300 delubra
336 1236 431 1319 deae,
454 1257 581 1317 quorum
604 1240 720 1318 fastigia
742 1241 825 1318 turpi

116 1325 273 1387 Pallebant
293 1344 399 1388 musco
422 1326 597 1406 stabantque
620 1330 685 1390 sine
707 1326 826 1406 ignibus
848 1345 933 1390 arae.

42 1424 102 1474 sas
118 1412 161 1475 Ut
182 1414 287 1493 templi
311 1415 437 1493 tetigere
459 1415 592 1497 gratim,
614 1414 785 1496 procumbit
807 1422 935 1494 uterque

118 1501 238 1563 Pronus
261 1502 368 1584 humi,
391 1502 548 1582 gelidoque
571 1522 681 1584 pavens
704 1503 787 1564 dedit
809 1503 909 1566 oscula
932 1521 1022 1564 saxo.

118 1591 218 1669 Atque
239 1591 283 1652 ita
307 1586 346 1652 ‘si
366 1587 518 1670 precibus'
542 1592 682 1656 dixerunt
704 1588 837 1654 ‘numina
858 1593 948 1654 iustis

119 1677 204 1741 Victa
226 1678 443 1744 remollescunt
455 1728 464 1761 ,
486 1680 666 1743 sillectitur
688 1682 732 1741 ira
755 1679 898 1761 deorum,

118 1766 196 1847 llic,
219 1766 348 1849 Themi,
370 1785 429 1846 qua
457 1771 576 1847 generis
598 1768 739 1830 damnum
762 1766 927 1848 reparabile
949 1768 1045 1828 nostri

48 1865 103 1916 tuo
118 1856 191 1916 Arte
215 1856 278 1936 sit,
301 1863 332 1917 et
353 1858 461 1920 mersis
483 1857 529 1919 ser
552 1875 662 1938 opem,
684 1858 861 1937 mitissima,
884 1854 975 1917 rebus
985 1850 1005 1916 .'

116 1943 199 2004 llota
221 1941 277 2004 dea
300 1951 347 2006 est
367 1953 540 2023 sortemque
563 1943 666 2025 dedit,
689 1940 845 2008 ‘discedite
867 1943 996 2025 templo,

117 2030 157 2092 Et
179 2031 277 2092 velate
300 2040 411 2113 caput,
434 2034 605 2111 cinctasque
629 2032 768 2098 resolvite
790 2041 907 2111 vestes,

118 2118 257 2198 Ossaque
279 2128 349 2199 post
370 2126 488 2200 tergum
509 2139 633 2201 magnae
655 2122 762 2191 iactato
784 2114 946 2200 parentis?

118 2207 303 2288 Obstipuere
326 2207 396 2289 diu,
418 2211 589 2290 rumpitque
611 2208 729 2272 silentia
751 2227 823 2270 voce

52 2306 105 2357 aab
118 2295 236 2376 Pyrrha
259 2297 364 2377 prior,
385 2299 535 2376 iussisque
558 2297 632 2359 deae
653 2316 760 2377 parere
782 2304 921 2377 recusat,

118 2383 238 2463 lletque
261 2383 319 2445 sibi
341 2388 456 2448 veniam
468 2433 478 2467 ,
500 2386 605 2465 pavido
628 2395 714 2465 rogat
734 2404 810 2466 ore,
832 2393 978 2465 pavetque

118 2471 254 2533 haedere
275 2474 392 2536 iactatis
413 2482 562 2538 maternas
584 2474 703 2537 ossibus
725 2473 864 2538 umbras.

119 2560 242 2621 luterea
264 2568 406 2640 repetunt
428 2564 525 2626 caecis
548 2561 676 2628 obscura
698 2562 819 2626 latebris

119 2647 218 2709 Verba
241 2649 327 2710 datae
348 2653 439 2712 sortis
460 2669 586 2733 secum,
609 2654 689 2714 inter
711 2669 804 2729 seque
826 2650 979 2716 volutante

56 2748 107 2799 tau
120 2735 208 2798 Unde
229 2736 438 2800 Promethides
459 2739 583 2819 placidm
604 2738 791 2819 Epimethida
815 2738 903 2802 dictis

120 2824 234 2886 hiulcet
255 2834 287 2886 et
308 2821 371 2890 ‘aut
393 2823 491 2889 sallax'
515 2830 555 2890 ait
578 2824 637 2890 ‘est
659 2827 789 2890 sollertia
812 2826 917 2909 uobis,

121 2915 184 2975 hut
203 2915 253 2993 pia
275 2922 347 2976 sunt
368 2915 542 2995 nullumque
565 2916 649 2978 nolas
671 2915 791 2978 oracula
814 2915 956 2979 suadent.

121 3003 227 3081 lingna
247 3020 357 3083 parens
379 3011 460 3065 terra
483 3013 550 3067 est:
572 3003 685 3084 lapides
707 3006 739 3067 in
762 3022 888 3083 corpore
911 3011 1009 3064 terrae

122 3091 198 3153 (lasa
219 3108 290 3151 reor
312 3091 394 3154 dici:
415 3094 512 3156 iacere
535 3092 590 3154 hos
612 3100 682 3172 post
703 3101 788 3172 terga
810 3085 979 3156 iubemur?

57 3189 109 3241 aab
123 3179 263 3258 Coniugis
287 3182 410 3259 augurio
435 3199 613 3260 quamquam
631 3181 746 3242 'litania
769 3188 849 3242 mota
872 3190 934 3262 est,

123 3269 198 3348 Spes
215 3275 316 3330 tamen
339 3270 370 3330 iu
392 3267 484 3331 dubio
507 3278 575 3331 est:
598 3269 671 3331 adeo
695 3267 873 3332 caelestibus
895 3267 982 3332 ambo

122 3355 266 3419 lliiildunt
288 3358 430 3420 monitis.
452 3357 506 3420 sed
531 3357 601 3437 quid
625 3365 771 3437 temptare
793 3353 939 3420 nocebit?

122 3444 315 3506 Descendunt
336 3444 492 3525 velantque
516 3455 605 3526 caput
627 3449 803 3525 tunicasque
825 3448 984 3526 recingunt

122 3532 160 3597 m
180 3536 280 3596 iussos
299 3532 411 3611 lapides
433 3552 487 3596 sua
509 3543 579 3613 post
600 3537 723 3612 vestigia
745 3535 885 3597 mittunt.
