2467 4042
423 240 471 291 111.
490 235 638 291 1v6—1vl
654 243 695 292 ta.

142 399 212 460 Vive
235 401 300 461 sine
317 401 450 483 invidia,
472 400 636 480 mollesque
660 400 805 480 inglorius
828 419 921 462 annos

110 498 112 500 ’
142 488 257 569 Exige,
280 491 424 564 amicitias
446 498 478 549 et
499 488 554 549 tibi
576 491 666 567 iunge
689 506 795 569 pares,

94 589 128 637 45
142 576 327 655 Nasonisque
351 578 417 655 tui,
440 576 520 655 quod
543 575 640 637 adbuc
664 593 723 637 non
746 576 844 638 exulat
866 595 959 638 unum
971 623 979 657 ,

142 664 257 725 Nomen
280 682 366 726 ama:
396 664 553 744 Scythicus
576 673 676 726 cetera
697 662 811 727 Pontus
834 663 940 726 habet.

397 891 402 900 .
519 854 600 933 [Vb.

136 1014 280 1077 'Proxima
303 1016 452 1078 sideribus
474 1014 564 1077 tellus
587 1014 816 1097 Erymanthidos
839 1034 926 1078 ursae

143 1103 189 1164 lle
213 1111 318 1185 tenet,
341 1104 484 1165 adstricto
508 1112 588 1165 terra
610 1112 732 1184 perusta
756 1105 841 1183 gelu.

143 1190 313 1272 Bosphoros
336 1201 367 1253 et
388 1192 496 1253 Tanais
519 1202 662 1271 superant
685 1193 880 1273 Scythiaeque
902 1191 1026 1272 paludes

96 1292 130 1341 50
145 1278 199 1340 Vix
222 1282 294 1342 satis
317 1289 348 1341 ct
370 1282 435 1342 noti
457 1282 577 1341 uomina
599 1298 693 1359 pauca
715 1281 790 1342 loci.

145 1366 277 1429 Ulterius
300 1368 374 1429 nihil
397 1376 443 1429 est
465 1370 524 1429 nisi
546 1386 606 1429 non
629 1369 788 1430 habitabile
812 1369 925 1447 frigus.

145 1455 211 1516 Heu
235 1473 323 1534 quam
345 1457 441 1517 vicina
464 1464 511 1517 est
532 1454 635 1517 ultima
659 1465 739 1518 terra
762 1455 851 1518 mihil

147 1543 184 1604 bt
205 1543 292 1621 longe
314 1546 410 1624 patria
433 1553 479 1606 est
491 1592 500 1626 ,
523 1544 609 1624 longe
634 1547 786 1606 carissima
810 1548 956 1626 coniunx,

147 1631 294 1711 Quicquid
318 1632 444 1694 ethaeo
466 1631 553 1693 nobis
575 1641 645 1711 post
667 1633 726 1694 duo
750 1632 836 1694 dulce
858 1633 935 1693 luit.

98 1731 131 1780 ot
147 1720 196 1780 Sic
219 1726 318 1781 tamen
337 1720 410 1782 haec
434 1720 563 1800 adsunt,
586 1729 622 1782 ut
639 1739 715 1801 quae
739 1722 912 1800 contingere
940 1738 999 1781 non
1023 1729 1068 1780 est

147 1807 301 1886 Corporez
329 1819 400 1870 sunt
422 1811 519 1869 animo
543 1818 650 1870 cuneta
673 1809 798 1870 videnda
821 1827 904 1870 meo.

147 1896 223 1956 Ante
237 1895 340 1957 oculos
354 1906 455 1958 errant
469 1897 592 1978 domus,
611 1897 743 1976 urbsque
762 1905 793 1958 et
810 1898 905 1958 forma
918 1897 1068 1976 locorum,

147 1983 359 2064 Acceduntque
382 1986 445 2045 suis
469 1985 584 2064 singula
607 1985 684 2047 faeta
706 1985 797 2047 locis.

147 2071 288 2150 Coniugis
311 2081 379 2134 ante
403 2073 528 2155 oculos,
551 2074 630 2135 sicut
652 2076 841 2156 praesentis,
862 2076 959 2153 imago
983 2081 1046 2133 est.

98 2173 133 2222 oo
147 2158 198 2220 Illa
221 2178 303 2222 meos
326 2179 413 2222 casus
436 2164 593 2241 ingravat,
615 2161 665 2222 illa
687 2161 781 2224 levat:

147 2246 282 2328 lngravat
304 2248 383 2330 hoc,
406 2249 486 2328 quod
509 2248 615 2331 abest3
638 2250 716 2311 levat
737 2250 794 2311 hoc
806 2296 816 2331 ,
840 2249 919 2329 quod
937 2256 1069 2331 praestat

600 2355 731 2400 amorem
1064 2341 1080 2368 ·

148 2423 372 2505 inpositumque
396 2425 453 2486 sibi
476 2427 561 2486 firma
583 2434 687 2487 tuetur
709 2443 803 2487 onus.

147 2510 205 2572 Vos
228 2530 347 2592 quoque
369 2514 541 2592 pectoribus
565 2516 675 2575 nostris
698 2514 851 2595 haeretis,
874 2515 978 2595 amici,

148 2600 251 2661 Dicere
276 2618 351 2680 quos
374 2603 463 2680 cupio
487 2604 606 2663 nomine
630 2620 778 2682 quemque
802 2620 874 2664 suo.

99 2699 133 2749 eo
149 2687 207 2749 Sed
230 2692 319 2750 timor
342 2690 473 2751 osticium
497 2699 602 2753 cautus
626 2692 811 2773 compescit,
833 2687 867 2752 et*
886 2692 967 2769 ipsos

147 2776 181 2837 ln
203 2787 306 2840 nostro
329 2781 402 2859 poni
424 2781 554 2840 carmine
578 2778 656 2841 nolle
679 2788 769 2860 puto.

146 2866 221 2926 Ante
245 2866 410 2948 volebatis,
433 2870 568 2947 gratique
591 2876 657 2929 erat
678 2871 773 2930 instar
795 2866 935 2948 honoris,

146 2950 289 3015 Versibus
312 2957 344 3015 in
366 2957 478 3015 nostris
501 2957 740 3038 nominarestra
763 2956 838 3035 legi.

32 3091 35 3101 .
147 3037 232 3108 Quod
251 3044 390 3118 quoniam
404 3049 451 3102 est
464 3058 573 3120 anceps
581 3089 591 3121 ,
608 3044 687 3102 intra
701 3061 766 3103 mea
784 3050 906 3122 pectora
920 3058 1068 3122 quemque

97 3138 132 3188 70
148 3126 319 3210 Adloquor,
342 3137 372 3190 et
394 3128 469 3189 nulli
491 3146 580 3189 causa
601 3131 719 3189 timoris
741 3147 811 3190 ero.

146 3214 209 3275 Nec
231 3233 316 3277 meus
339 3216 450 3277 indicio
473 3215 616 3277 latitantis
639 3234 744 3278 versus
767 3219 878 3277 amicos

146 3302 319 3364 Protrahit.
356 3303 472 3366 occulte
495 3307 589 3384 siquis
612 3304 749 3385 amabat,
772 3315 868 3366 amet.

147 3390 227 3452 Scite
250 3401 349 3454 umen
361 3439 370 3475 ,
394 3394 527 3472 quamvis
550 3392 638 3472 longa
660 3396 781 3471 regione
804 3398 938 3454 remotus

145 3479 269 3563 hbsim,
292 3499 345 3543 vos
368 3485 465 3543 animo
488 3499 606 3561 semper
630 3480 734 3543 adesse
758 3499 846 3562 me03

96 3578 132 3629 tu
146 3567 184 3630 Et
207 3587 265 3649 qua
289 3572 416 3651 quisque
439 3578 560 3654 potest,
585 3569 683 3650 aliqua
706 3570 781 3632 mala
803 3576 907 3632 nostra
929 3568 1037 3647 levate,
