2467 4042
441 254 476 306 11.
497 256 645 308 tot-tte.

58 430 114 481 ‘140
173 417 331 478 Inveniunt
353 420 450 497 posito
474 417 649 497 pervigilare
673 436 772 479 mero.

3 508 38 559 *tii
129 505 199 566 inde
223 510 282 567 cito
306 525 396 586 passu
419 509 531 585 petitur
555 505 710 567 Lucretia:
743 505 849 585 nebat,

3 588 31 652 ui
173 598 248 655 Ante
271 606 370 655 torum
395 595 500 654 calathi
525 593 648 672 lanaque
672 593 767 654 mollis
791 604 871 654 erat.

3 690 34 742 nt
128 681 241 746 Lumen
264 683 301 743 ad
325 685 463 761 exiguum
487 683 611 742 famulae
636 683 702 742 data
726 701 816 762 peusa
839 679 1013 743 trahebant:

3 777 38 829 ut
174 770 254 831 luter
278 789 352 851 quas
376 773 459 831 tenui
483 773 525 830 sic
549 773 590 831 ait
612 773 676 849 ipsa
700 789 791 832 sono:

7 862 27 920 't'
61 872 115 921 745
131 854 288 920 ‘Mittenda
312 870 358 920 est
381 859 499 919 domino
522 891 557 902 -
580 875 683 940 nunc,
706 877 786 918 nttnc
808 866 982 939 properate,

2 964 40 1015 rt·
678 947 811 1026 puellae!
836 946 874 990 -’

6 1047 8 1055 ·
174 1035 397 1116 Quamprimum
421 1045 521 1096 nostra
545 1036 622 1096 iacta
644 1035 761 1095 lacerna
785 1053 891 1096 manu.

3 1136 39 1200 uo
130 1122 206 1194 Ouid
230 1136 328 1185 tamen
352 1121 492 1185 auditis?
523 1142 589 1184 nam
614 1123 699 1204 plura
722 1124 824 1184 audire
848 1125 988 1203 potestis:

11 1220 30 1279 u
175 1212 324 1284 Quantum
347 1213 384 1273 de
407 1212 485 1273 hello
509 1213 618 1273 dicitur
642 1231 708 1273 esse
731 1208 848 1292 super?

3 1318 38 1365 aa
131 1299 291 1361 Postmodo
315 1305 391 1362 victa
414 1300 523 1362 cadesl
556 1300 751 1381 melioribus,
774 1300 891 1376 Ardea,
915 1297 1027 1361 restas!

3 1406 40 1465 pt
62 1402 117 1452 ‘160
177 1388 325 1468 Inproba,
349 1407 424 1467 quae
448 1399 566 1449 nostros
590 1391 672 1467 cogis
695 1388 798 1449 abesse
822 1391 918 1448 viros.

3 1488 41 1555 ‚qu
132 1474 198 1536 Sint
221 1484 336 1536 tantum
358 1475 507 1537 reduces!
539 1476 590 1537 sed
615 1479 693 1535 enim
717 1479 892 1536 temerarius
915 1475 964 1536 ille

8 1636 10 1643 Α
113 1588 116 1596 ⁴
176 1562 230 1626 Est
252 1582 360 1645 meus,
382 1572 414 1626 et
436 1566 540 1624 stricto
564 1562 697 1643 quolibet
721 1582 791 1624 ense
815 1567 892 1625 ruit

13 1670 41 1731 pa
131 1651 215 1714 Mens
238 1652 301 1713 abit
322 1660 352 1712 et
375 1655 486 1713 morior
500 1654 670 1731 ,quotiens
693 1655 853 1732 pugnantis
875 1655 970 1764 imago

15 1758 31 1817 q
175 1740 222 1801 tte
246 1740 348 1821 subit,
371 1750 403 1802 et
424 1739 554 1820 gelidum
577 1749 698 1820 pectora
720 1740 815 1820 frigus
838 1735 960 1802 habet?

3 1819 41 1914 ,ta
63 1841 118 1894 'tot
133 1828 278 1891 Desinit
270 1848 301 1889 tn
323 1824 460 1889 lacrimas
474 1831 678 1908 ,intentaque
701 1829 748 1889 uta
772 1831 914 1910 remittit,

176 1917 210 1978 ln
233 1920 346 1996 gremio
370 1918 480 1978 voltum
505 1918 702 1996 deposuitque
725 1936 830 1979 suum

73 2039 96 2069 x
133 2004 227 2067 Hoc
219 2025 317 2085 ipsum
341 2007 463 2068 decuit:
496 2005 633 2067 lacrimae
656 2007 784 2068 decuere
807 2006 949 2086 pudicae,

176 2094 214 2156 Et
238 2097 327 2156 iacies
350 2097 447 2155 animo
471 2095 617 2174 dignaque
641 2113 753 2175 parque
776 2096 850 2156 tuit.

4 2198 44 2271 ,ppt
132 2177 228 2244 ‘Pone
252 2194 387 2262 metum,
409 2186 495 2243 venio
509 2178 533 2245 l’
566 2186 695 2244 coniunx
719 2186 780 2244 ait.
820 2182 869 2244 illa
893 2183 1015 2261 revixit,

63 2284 121 2335 ‘tto
180 2272 281 2352 Deque
304 2273 359 2332 viri
384 2271 458 2332 collo
482 2271 568 2333 dulce
591 2272 733 2352 pependit
755 2290 848 2333 onus
1081 2262 1084 2273 ’

5 2378 42 2452 ,q
133 2359 280 2420 interea
272 2362 387 2420 iuvenis
411 2361 534 2421 iuriatos
557 2362 658 2438 regius
681 2363 758 2439 ignis

177 2448 336 2527 Concipit,
359 2457 390 2509 et
412 2467 499 2509 caeco
523 2458 625 2528 raptus
649 2467 749 2509 amore
772 2448 861 2510 furit.

4 2558 34 2624 q,
134 2537 239 2598 Forma
263 2535 380 2617 placet,
403 2539 566 2615 niveusque
590 2536 672 2598 color
686 2537 842 2618 ,flavique
866 2536 980 2617 capilli,

6 2622 24 2715 ',.
178 2625 295 2705 Quique
319 2625 420 2686 aderat
442 2625 521 2685 nulla
546 2625 640 2685 lactus
664 2625 700 2686 ab
724 2634 786 2686 arte
810 2625 918 2687 decor:

15 2726 119 2804 prod
134 2714 228 2775 Verba
251 2713 368 2792 placent
392 2723 422 2774 et
444 2731 521 2794 vox,
544 2724 574 2774 et
593 2713 672 2792 quod
696 2730 887 2795 corrumpere
912 2733 971 2777 non
990 2723 1051 2792 est3

177 2802 301 2882 Quoque
325 2805 422 2862 minor
445 2820 513 2881 spes
536 2813 604 2882 est,
627 2801 683 2863 hoc
707 2805 799 2883 magis
822 2804 870 2864 ille
894 2806 992 2883 cupit.

15 2910 44 2974 ,e
133 2892 192 2953 lam
216 2892 339 2952 dederat
361 2899 465 2952 cantus
488 2890 564 2951 lucis
587 2894 782 2969 praenuntius
805 2891 883 2971 ales,

7 3024 27 3071 „
178 2982 252 3041 Cum
275 2981 440 3041 relerunt'
433 2998 555 3040 iuvenes
578 2982 608 3039 in
632 2998 685 3040 sua
708 2989 804 3041 castra
828 2981 950 3060 pedem.

7 3110 24 3158 ,5
134 3068 272 3146 Carpitur
296 3070 436 3128 attonitos
460 3068 621 3129 absentis
613 3072 740 3146 imagine
764 3086 870 3129 sensus

12 3182 34 3241 p,
65 3167 120 3221 ‘tto
178 3155 251 3216 ttte.
293 3157 461 3216 recordanti
484 3156 568 3235 plura
592 3160 743 3235 magisque
767 3156 901 3234 placent.

8 3292 18 3338 ,
135 3244 183 3305 Sic
207 3243 306 3324 sedit,
329 3247 371 3304 sic
395 3243 473 3305 culta
496 3247 552 3305 tuit
565 3293 574 3323 ,
598 3247 641 3306 sic
665 3246 789 3305 stamina
813 3245 909 3323 nevit,

177 3332 334 3411 Neglectae
358 3331 432 3393 colio
456 3336 498 3393 sic
522 3336 640 3394 iacuere
664 3350 783 3412 comae,

133 3420 194 3482 Hos
217 3418 321 3481 habuit
344 3421 439 3482 voltus
452 3469 461 3502 ,
484 3421 556 3481 haec
579 3422 623 3481 illi
645 3419 734 3480 verba
758 3423 896 3501 inerunt,

177 3509 231 3572 Hic
255 3510 358 3589 color,
381 3510 453 3571 haec
477 3512 589 3590 iacies,
612 3509 660 3569 hic
684 3509 774 3569 decor
797 3512 857 3570 oris
881 3517 961 3569 erat.

11 3646 15 3686 :
64 3612 118 3664 ‘tto
135 3599 172 3660 Ut
193 3599 269 3661 solet
291 3619 308 3660 a
332 3617 436 3679 magno
459 3599 568 3660 fluctus
592 3597 784 3678 languescere
807 3599 896 3680 ssatu,

3 1996 18 2105 lt
