2467 4042
456 228 478 279 1.
496 228 650 280 noc-11.
666 231 708 282 es.
1046 228 1091 294 23

166 393 273 474 Fecit,
296 408 371 472 quos
394 399 474 452 aetas
496 392 602 471 aspicit
623 408 683 453 una
706 390 806 452 semei.

166 480 220 543 iiis
243 498 351 561 precor
374 478 516 558 exemplis
538 486 590 541 tua
613 497 715 560 nunc,
738 482 894 542 mitissime
919 480 1044 563 Caesar,

166 563 231 631 Fiat
253 568 290 630 ab
312 570 432 647 iugenio
456 567 571 628 moiiior
593 569 639 628 ira
661 585 737 629 meo.

167 657 219 719 1115
242 657 361 737 quidem
383 659 462 718 iusta
485 663 553 736 est,
576 673 633 716 nec
655 673 703 716 me
726 658 872 719 meruisse
895 656 1027 740 negabo;
1047 692 1090 703 -

118 758 154 807 30
169 746 235 807 Non
258 745 332 806 adeo
356 751 458 805 nostro
481 745 557 823 fugit
580 743 616 804 ab
640 761 692 805 ore
715 744 812 824 pudor
834 766 872 788 a·

170 833 229 895 Sed
252 835 310 895 nisi
332 849 503 913 peccassem
515 879 525 914 ‚
548 832 620 911 quid
643 840 677 894 tu
701 831 865 893 concedere
888 830 1019 912 posses?

167 921 319 984 Materiam
342 923 443 982 veniae
467 937 533 981 sors
556 919 612 981 tibi
634 928 736 982 nostra
759 920 857 982 dedit.

168 1010 223 1093 Si,
247 1012 385 1089 quotiens
408 1016 533 1089 peccant
555 1006 691 1069 homines
703 1055 712 1089 ,
736 1026 789 1070 sua
812 1007 935 1071 fulmina
957 1012 1056 1073 mittat

166 1097 300 1179 luppiter
312 1144 322 1179 ‚
345 1100 452 1175 exiguo
475 1105 609 1175 tempore
633 1099 756 1158 inermis
779 1098 855 1178 erit3

117 1200 153 1248 ee
167 1186 275 1267 Nunc,
298 1186 351 1248 ubi
374 1186 510 1246 detonuit
532 1187 720 1264 strepituque
743 1186 889 1247 exterruit
911 1185 1032 1269 orbem,

167 1275 281 1336 Purum
303 1273 447 1335 discussis
471 1278 539 1335 aira
561 1274 660 1335 reddit
682 1276 784 1352 aquis.

168 1361 237 1424 Iure
259 1364 351 1441 igitur
374 1364 549 1440 genitorque
573 1361 662 1422 deum
684 1369 844 1441 rectorque
867 1370 1008 1446 vocatur,

119 1467 121 1470 ’
169 1449 238 1511 lure
261 1466 353 1529 capax
376 1449 505 1511 mundus
528 1448 570 1510 nil
593 1447 660 1511 love
684 1452 780 1511 maius
803 1448 908 1512 habet.

168 1539 213 1600 Tu
237 1555 374 1619 quoque,
398 1555 466 1598 cum
488 1540 601 1617 patriae
625 1547 724 1599 rector
747 1538 847 1599 dicare
870 1546 1032 1620 paterque,

119 1638 155 1688 40
169 1626 260 1688 Utere
283 1643 366 1687 more
389 1626 438 1687 dei
462 1642 570 1687 nomen
593 1625 729 1687 habentis
752 1626 839 1689 idem.

169 1714 261 1794 idque
284 1716 357 1775 iacis
369 1759 379 1794 ‚
402 1731 457 1774 nec
480 1722 511 1775 te
533 1716 690 1793 quisquam
713 1713 896 1775 moderatius
919 1732 1061 1794 umquam

168 1802 289 1883 Imperii
311 1804 409 1881 potuit
431 1802 516 1863 irena
539 1809 642 1863 tenere
666 1803 722 1864 sui.

169 1891 215 1951 Tu
238 1892 353 1952 veniam
376 1892 454 1970 parti
477 1898 634 1970 superatae
657 1907 745 1969 saepe
769 1889 895 1972 dedisti,

168 1979 234 2041 Nou
257 1996 455 2040 concessurus
478 1996 567 2057 quam
590 1977 645 2039 tibi
668 1981 762 2039 victor
786 1987 858 2041 erat.

119 2081 154 2130 45
168 2067 284 2130 Divitiis
307 2069 395 2129 etiam
419 2066 527 2128 multos
551 2075 582 2127 et
603 2066 768 2143 honoribus
791 2075 896 2129 auctos

168 2155 256 2237 Vidi,
280 2158 332 2235 qui
354 2155 485 2218 tulerant
507 2158 538 2215 iu
562 2162 651 2234 caput
674 2172 755 2215 arma
778 2164 880 2217 tuum.

169 2244 311 2323 Quaeque
335 2243 399 2305 dies
421 2242 554 2324 beilum,
582 2242 653 2304 oelu
675 2243 729 2305 tibi
752 2244 873 2305 sustulit
895 2245 988 2326 iram,'

168 2332 302 2411 Parsque
326 2331 414 2393 simui
436 2331 556 2412 templis
578 2338 707 2410 astraque
730 2332 807 2392 dona
830 2331 914 2393 tulit.

170 2420 268 2500 thue
292 2428 363 2481 tuus
386 2419 494 2499 gaudet
516 2419 624 2501 miles,
648 2419 728 2498 quod
750 2421 856 2481 vicerit
878 2418 1012 2503 hostem,

120 2519 156 2572 5ο
171 2507 221 2569 Sic
244 2510 355 2569 victum
379 2525 489 2569 curse
512 2508 661 2589 gaudeat,
683 2508 779 2570 hostis
802 2507 909 2570 habet.

170 2597 264 2658 Causa
288 2614 352 2658 mea
375 2605 422 2657 est
444 2595 550 2657 melior
562 2643 571 2678 ,
594 2598 647 2677 qui
669 2614 725 2658 nec
749 2599 897 2658 contraria
920 2596 1003 2659 dicor

171 2687 281 2766 Arma,
304 2703 360 2747 nec
383 2683 507 2747 hostiles
531 2702 596 2747 esse
621 2694 744 2748 secutus
767 2702 856 2765 opes.

169 2773 228 2835 Par
250 2792 354 2855 mare,
376 2791 432 2854 per
454 2780 574 2855 terras,
596 2791 652 2853 per
675 2776 762 2835 tertia
786 2776 907 2835 numina
928 2776 1014 2856 iuro,

170 2862 228 2923 Per
251 2869 281 2923 te
304 2871 493 2941 praesentem
515 2864 772 2942 conspicuumque
794 2862 901 2943 deum,

121 2949 254 3011 5511555
277 2952 404 3011 animam
427 2951 535 3011 iavisse
557 2949 635 3030 tibi,
658 2952 703 3011 vir
726 2951 873 3032 maxime,
896 2967 1023 3031 meque,

170 3036 234 3108 Qua
258 3037 320 3098 sola
341 3039 448 3118 potui,
471 3045 571 3098 mente
594 3036 686 3097 fuisse
709 3045 812 3099 tuum.

170 3122 297 3205 Optavi,
320 3132 440 3203 peteres
463 3124 602 3185 caelestia
626 3123 724 3185 sidera
746 3123 852 3204 tarde,

168 3212 300 3291 Parsque
326 3212 368 3274 iui
391 3211 496 3273 turbae
519 3229 609 3290 parva
631 3212 781 3291 precantis
803 3212 901 3291 idem3

168 3299 207 3362 Et
229 3303 277 3380 pia
300 3307 368 3361 tura
390 3299 459 3361 dedi
481 3317 537 3379 pro
560 3309 612 3380 te,
636 3317 764 3378 cumque
790 3298 928 3360 omnibus
951 3317 1029 3361 unus

120 3401 154 3450 60
169 3389 236 3470 lpse
261 3406 380 3468 quoque
403 3388 502 3450 adiuvi
524 3387 644 3467 publica
666 3395 733 3449 vota
756 3390 847 3450 meis.

168 3478 247 3550 Quid
269 3478 397 3540 referam
420 3476 535 3558 libros,
562 3476 629 3539 iilos
653 3494 795 3558 quoque,
823 3477 947 3537 crimina
969 3483 1090 3556 nostra,

167 3565 246 3635 Mille
269 3564 343 3628 locis
366 3566 469 3646 plenos
492 3568 632 3627 nominis·
645 3584 711 3628 esse
735 3562 805 3628 tui?
