2467 4042
487 230 492 237 ’
592 232 787 284 PASTORUM

324 427 374 494 15.
396 427 764 494 anonumum
812 430 860 494 16.
885 429 1078 498 BNuvm

276 573 375 635 Tertia
397 581 465 652 post
489 572 611 634 Veneris
635 591 703 634 cum
726 574 776 634 iux
800 579 968 636 surrexerit
990 577 1090 659 idus,

210 674 261 723 630
320 661 501 741 Pontifices,
524 661 609 722 forda
632 680 714 722 sacra
738 662 818 723 litate
842 662 933 725 borel

276 749 371 810 Forda
396 749 497 810 serens
520 749 574 810 bos
597 757 644 810 est
666 751 873 830 fecundaque,
897 751 976 813 diota
1003 755 1153 819 ferendo:

319 837 395 898 Hine
419 840 506 898 etiam
529 839 609 900 ietns
631 856 740 899 nomen
763 838 873 899 habere
896 850 1025 918 putant.

275 925 361 988 Nunc
384 925 537 1005 gravidum
561 944 654 1004 perus
677 934 744 1007 est,
767 928 903 1006 gravidae
927 947 1012 990 nuuc
1039 936 1156 995 semine

823 1023 939 1078 terrae:

319 1101 431 1163 Telluri
453 1102 558 1182 plenae
582 1104 701 1162 victima
723 1103 809 1181 piena
828 1103 930 1165 datur.

209 1203 261 1252 635
274 1189 347 1251 Pars
371 1190 449 1251 eadit
471 1208 539 1252 aree
563 1189 639 1251 ioris
651 1237 660 1270 ,
684 1200 730 1251 ter
753 1190 844 1251 denas
867 1195 951 1253 curia
974 1212 1090 1258 vaccas

319 1278 434 1358 Accipit
446 1325 454 1358 ,
479 1286 510 1339 et
531 1279 613 1358 largo
637 1297 738 1357 sparsa
762 1297 869 1341 eruore
893 1282 1012 1344 madet.

274 1368 328 1427 Ast
350 1367 401 1428 ubi
424 1367 588 1429 visceribus
611 1367 720 1428 vituios
743 1386 869 1446 rapuere
893 1372 1048 1451 ministri,

320 1454 466 1534 Sertaque
491 1455 614 1516 tumosis
638 1464 704 1517 exta
728 1455 836 1517 dedere
860 1458 951 1536 iocis,

275 1543 344 1623 igne
367 1553 480 1605 cremat
502 1544 610 1604 vitulos
635 1561 709 1622 quae
733 1554 804 1606 natu
828 1548 953 1605 maxima
978 1545 1096 1629 Virgo,

208 1644 260 1694 640
319 1631 398 1692 Luce
423 1631 498 1692 Palis
521 1631 647 1711 populos
669 1640 777 1712 purget
800 1642 834 1694 ut
855 1634 904 1695 iiie
927 1636 1025 1695 cinis.

274 1719 352 1799 Rege
376 1719 493 1801 Numa,
516 1721 616 1782 iruotu
640 1739 699 1781 non
723 1721 921 1800 respondente
945 1721 1068 1804 labori,

318 1807 409 1870 Inrita
432 1808 550 1887 decepti
572 1817 639 1870 rota
663 1807 787 1870 colentis
810 1818 914 1871 erant.

273 1896 347 1957 Nam
370 1897 456 1958 modo
480 1899 578 1958 siccus
602 1907 667 1958 erat
688 1896 792 1975 gelidis
815 1898 1004 1977 aquilonibus
1029 1918 1149 1984 annus,

316 1984 402 2045 Nunc
425 2002 495 2064 ager
518 1984 636 2046 assidua
658 1985 826 2047 luxuriabat
848 2004 939 2065 equo.

208 2085 258 2135 645
275 2073 368 2152 Saepe
391 2071 481 2134 Ceres
505 2075 609 2153 primis
633 2072 784 2134 dominum
807 2074 924 2136 satiebat
947 2077 978 2135 in
1004 2075 1133 2159 herbis,

317 2160 355 2221 Et
377 2161 450 2222 levis
472 2160 594 2222 obsesso
618 2161 715 2222 stabat
738 2180 828 2223 evena
851 2163 929 2243 soto,

273 2249 311 2310 Et
333 2267 427 2329 pecus
450 2249 619 2311 antediem
643 2260 746 2329 partus
769 2250 875 2312 edebat
897 2250 1040 2333 acerbos,

316 2339 457 2417 Agnaque
481 2338 628 2399 nascendo
652 2357 739 2418 saepe
763 2339 885 2399 necabat
908 2358 1012 2401 ovem.

274 2426 351 2487 Silva
374 2435 459 2488 vetus
482 2426 621 2505 nullaque
645 2426 695 2487 diu
721 2426 824 2489 violata
847 2430 946 2489 seonri

207 2525 258 2576 rto
318 2514 440 2596 Stabat,
463 2514 604 2575 Maenalio
629 2533 712 2576 sacra
735 2515 838 2576 relicta
862 2516 933 2576 deo.

272 2602 323 2665 Ille
346 2603 434 2664 dabat
456 2606 553 2665 tacitis
577 2605 673 2664 animo
697 2622 839 2684 responsa
862 2607 961 2684 quieto

316 2691 481 2753 Noctibus.
522 2692 571 2753 hio
594 2694 726 2771 geminas
749 2711 802 2754 ren
825 2692 918 2753 Numa
942 2701 1054 2754 mactet
1080 2714 1175 2759 ores.

271 2778 369 2841 Prima
391 2780 469 2841 radit
492 2779 615 2861 Fauno,
639 2780 698 2841 leni
721 2781 799 2842 cadit
821 2781 912 2845 altera
937 2780 1070 2845 Somno:

317 2869 466 2931 Sternitur
489 2871 520 2929 in
544 2869 618 2929 duro
643 2869 737 2930 velius
760 2877 919 2949 nitrumque
943 2870 1024 2932 solo.

206 2968 256 3019 655
271 2957 320 3018 Bis
344 2966 432 3037 caput
455 2960 605 3018 intonsum
628 2958 748 3018 fontana
770 2962 920 3037 spargitur
943 2958 1040 3039 unda,

315 3045 365 3106 Bis
388 3064 441 3107 sua
465 3046 584 3125 faginea·
602 3055 735 3125 tempora
758 3046 862 3107 fronde
885 3049 1010 3126 premit.

271 3133 349 3197 Usus
372 3134 456 3196 abest
478 3133 624 3215 Veneris,
647 3152 702 3195 neo
725 3136 768 3194 ias
792 3135 924 3195 animalia
949 3138 1064 3198 mensis

281 3282 284 3291 ἡ
315 3222 453 3302 Ponere,
477 3241 532 3284 nec
556 3223 655 3302 digitis
679 3223 784 3284 anulus
808 3222 886 3284 ultus
908 3227 1003 3284 inest.

271 3310 359 3373 Veste
382 3311 450 3373 rudi
473 3320 571 3372 tectus
595 3330 683 3391 supra
707 3330 781 3372 nova
804 3312 912 3372 vellera
935 3330 1045 3391 eorpus

206 3413 257 3462 660
317 3400 426 3480 Ponit,
449 3400 569 3460 adorato
592 3418 646 3479 per
670 3418 723 3461 sua
746 3399 834 3460 verba
858 3400 932 3460 deo.

272 3487 388 3549 interea
412 3488 556 3567 placidam
580 3489 716 3549 redimita
738 3507 883 3567 papavere
907 3489 1035 3549 frontem

316 3575 380 3635 Nox
404 3579 484 3636 venit
496 3623 506 3657 ,
530 3585 560 3637 et
583 3595 684 3637 serum
709 3580 820 3638 somnia
844 3579 926 3656 nigra
951 3577 1061 3638 trabit.
