2467 4042
190 200 256 270 266
402 221 463 259 mx
605 202 784 262 ΜΕΤΔΜΜ.

278 368 355 431 Huic
378 369 444 431 date
458 363 478 429 i'
501 375 533 430 ot
554 369 684 432 ostendit
707 371 826 449 signum
848 369 933 432 iatale
956 370 1133 434 Minervae.

322 457 400 519 biota
417 473 522 518 manus
535 475 695 537 procerum
713 465 760 518 est
771 505 781 541 ,
800 458 915 537 etquid
928 459 1067 520 facundia
1079 469 1209 542 posset,

278 544 322 607 lie
339 547 456 625 patuit3
479 545 626 625 fortisque
647 547 704 606 viri
727 545 795 607 tulit
817 563 898 607 arma
921 546 1071 609 disertus.

278 632 407 695 Hectora
429 633 482 712 qui
504 632 607 716 solus,
631 635 683 712 qui
705 632 819 698 ierrum
841 636 1000 714 ignemque
1024 634 1191 716 iovemque

213 730 265 785 tat
280 720 430 783 Sustinuit
451 722 583 802 totiens,
606 738 696 782 unam
719 739 779 783 non
801 724 930 783 sustinet
951 724 1046 785 bam:

278 808 483 889 Invictumque
505 811 602 871 virum
626 811 717 871 vincit
738 809 844 871 dolor.
871 811 976 890 arripit
999 829 1127 894 ensem,

277 895 316 970 Et
338 893 435 960 ‘meus
457 895 506 958 bic
529 905 610 958 certo
634 904 700 959 est.
729 915 766 959 an
789 905 821 959 ot
841 896 922 959 huuc
944 896 1002 959 sibi
1024 902 1129 980 poscit

1075 983 1207 1050 Ulixes?

279 1069 355 1136 lloo’
378 1077 419 1136 uit
437 1069 592 1136 ‘utendum
612 1082 659 1135 est
680 1075 712 1135 in
734 1091 782 1135 me
804 1073 897 1136 mihi.
925 1076 1039 1155 quique
1062 1094 1177 1138 cruore

279 1161 373 1245 Saepe
391 1162 542 1243 Phrygum
559 1161 694 1245 maduit,
716 1162 828 1223 domini
844 1180 926 1224 nune
943 1163 1035 1226 caede
1054 1163 1206 1247 madebit,

211 1262 264 1313 oso
278 1250 322 1312 Ne
346 1252 502 1330 quisquam
524 1249 642 1312 Aiacem
664 1252 759 1329 possit
781 1267 923 1330 superare
945 1253 1005 1313 nisi
1027 1251 1103 1313 Aiax
1115 1248 1136 1314 .'

277 1337 378 1420 Dixit,
401 1346 432 1400 et
453 1340 485 1400 in
507 1346 614 1418 pectus
638 1347 703 1400 tum
726 1338 846 1400 demum
866 1337 989 1402 vulnera
1011 1357 1140 1420 passum

278 1426 343 1498 Qua
365 1429 461 1507 patuit
482 1428 618 1508 ierrum,
640 1424 757 1489 letalem
780 1425 911 1488 condidit
932 1445 1054 1490 ensem.

277 1513 341 1577 Nee
362 1514 481 1577 valuere
503 1532 609 1577 manus
631 1515 755 1576 infixum
778 1512 905 1576 educere
928 1514 1042 1579 telum:

245 1656 256 1673 ι
276 1599 399 1683 Expulit
420 1605 485 1683 ipse
508 1620 620 1684 cruor3
642 1601 855 1682 rubefactaque
878 1605 1021 1683 sanguine
1046 1603 1139 1667 teilus

212 1703 266 1758 sai
276 1689 466 1771 Purpureum
488 1691 575 1752 viridi
597 1692 701 1771 genuit
718 1690 755 1752 de
773 1692 902 1769 caespite
920 1691 1044 1773 iiorem,
1068 1705 1089 1746 r.
1103 1704 1198 1748 amn

278 1778 337 1853 oui
358 1782 443 1860 prius
466 1777 587 1840 Oebalio
609 1778 709 1840 iuerat
730 1778 767 1839 de
789 1777 911 1840 vulnere
934 1787 1040 1842 natus.

277 1866 389 1930 Littera
412 1868 578 1929 eommunis
600 1867 709 1928 mediis
730 1884 884 1947 pueroque
907 1867 1031 1947 viroque

278 1954 424 2037 Inscripta
446 1964 493 2018 est
514 1954 613 2037 ioiiis,
634 1953 709 2016 baec
731 1956 880 2036 nominis,
902 1953 952 2016 iiia
974 1956 1143 2034 querellae.

323 2043 424 2106 Victor
447 2042 483 2106 ad
506 2042 680 2124 hypsipyles
703 2045 827 2122 patriam
851 2042 981 2122 clarique
1003 2042 1149 2107 Thoantis

212 2145 265 2196 400
278 2132 317 2195 Et
338 2141 473 2195 veterum
495 2139 590 2194 terras
612 2131 737 2192 infames
760 2130 850 2193 caede
872 2132 1005 2192 virorum

278 2219 348 2283 Veia
371 2221 442 2302 dat,
463 2229 504 2283 ut
521 2220 631 2281 reierat
652 2217 807 2300 Tirynthia
828 2217 909 2301 teia,
932 2221 1072 2299 sagittas.

279 2310 362 2382 Quae
374 2316 531 2389 postquam
545 2308 581 2369 ad
595 2306 721 2391 Graios,
739 2307 857 2368 domino
873 2308 1031 2369 eomitante
1038 2354 1050 2389 ,
1070 2312 1193 2391 revexit,

278 2397 409 2477 Inposita
430 2404 477 2458 esi
499 2414 567 2457 sero
586 2396 705 2457 tandem
727 2413 832 2456 manus
855 2395 957 2457 ultirna
979 2393 1075 2458 bebo.

280 2485 383 2564 [Troia
410 2483 498 2547 simul
519 2484 715 2563 Priamusque
743 2485 875 2547 eadunt:
896 2482 1042 2544 Priameia
1071 2486 1192 2548 coniunx

212 2585 264 2636 too
279 2572 411 2636 Perdidit
433 2572 535 2634 infelix
557 2573 686 2634 bominis
708 2580 777 2652 post
799 2572 897 2633 omnia
919 2571 1063 2654 formam,

277 2661 485 2741 Externasque
508 2677 584 2722 noro
606 2660 715 2721 latratu
737 2661 847 2722 terruit
868 2676 973 2740 auras,

277 2748 398 2830 Longus
420 2751 451 2811 in
474 2756 633 2829 angustum
655 2763 714 2828 qua
737 2747 884 2809 clauditur
905 2745 1146 2828 Hellespontus]

278 2837 353 2900 ilion
376 2835 520 2919 ardebat,
542 2854 641 2916 neque
664 2835 760 2898 adhuc
783 2834 958 2897 consederat
980 2836 1077 2919 ignis,

280 2925 500 3006 [Exiguumque
523 2927 603 2986 senis
625 2923 735 2986 Priami
757 2922 834 2984 lovis
856 2940 906 2984 ara
928 2940 1068 2984 cruorem

212 3025 265 3076 410
279 3012 480 3075 Conbiberat.
507 3019 632 3075 tractata
654 3013 747 3073 comis
770 3011 901 3072 antistita
922 3007 1036 3072 Phoebi

277 3101 345 3163 Non
366 3102 553 3182 proiecturas
575 3099 716 3162 tendehat
738 3099 774 3160 ad
796 3098 916 3160 aethera
938 3097 1067 3178 palmas.

278 3188 458 3251 Dardanidas
480 3196 591 3251 matres
613 3189 779 3269 patriorum
802 3188 885 3266 signa
907 3185 1051 3270 deorum,

278 3277 355 3339 bum
376 3277 468 3358 lieet,
491 3275 662 3356 amplexas,
685 3292 886 3353 succensaque
909 3274 1019 3355 templa
1041 3283 1171 3341 tenentes

278 3365 425 3427 invidiosa
447 3364 570 3426 trahunt
591 3366 721 3426 victores
743 3364 873 3443 praemia
896 3361 982 3424 Grai.

212 3464 264 3514 tro
278 3453 406 3515 Mittitur
427 3452 574 3533 Astyanax
595 3451 655 3514 illis
678 3452 715 3513 de
737 3450 894 3534 turribus,
917 3450 997 3512 unde

277 3539 463 3621 Puynautem
485 3558 540 3620 pro
564 3558 596 3602 se
619 3541 811 3621 proavitaque
833 3555 925 3619 regna
946 3546 1084 3601 tuentem
