2467 4042
437 191 495 260 lx,
516 196 673 248 506-579.
790 210 882 246 aranu
997 191 1059 256 189

122 358 326 437 Pugnaviqne
350 356 401 418 diu
424 356 552 420 violenta
575 355 727 437 Cupidinis
750 375 830 417 arma

123 446 275 526 Effugere
298 446 401 509 infelix
413 492 423 528 ,
445 454 477 507 et
497 444 565 526 plus
577 493 588 527 ,
611 464 701 526 quam
723 446 803 506 ierre
826 444 954 525 pueliam

51 545 108 596 ⁶45
123 533 229 596 Posse
251 542 362 614 putes,
386 552 440 613 ego
463 533 539 595 dura
561 533 638 596 tuli.
666 541 804 615 superata
827 535 915 595 iateri

125 622 256 706 Cogor,
280 640 427 703 opemque
450 629 531 685 tuam
553 622 665 685 timidis
689 640 850 703 exposcere
872 624 966 684 votis.

123 710 178 772 Tu
206 728 326 772 servare
348 718 462 793 poteo,
483 719 517 772 tu
539 710 667 791 perdere
690 710 772 773 solus
794 719 957 773 amantem.

125 798 244 880 Elige,
267 807 370 862 utrum
393 800 504 860 iacias.
530 817 592 861 non
615 799 673 861 hoc
695 800 813 861 inimica
835 807 994 882 precatur,

126 887 197 949 Sed
223 905 322 969 quae,
345 905 414 951 cum
437 886 492 949 tibi
514 889 554 948 sit
576 889 783 970 iunctissima,
804 890 935 950 iunctior
959 906 1025 949 esse

55 985 109 1039 tto
126 976 259 1057 Expetit
281 983 312 1037 et
334 975 430 1041 vinclo
454 984 554 1037 tecum
576 978 717 1056 propiore
739 976 842 1056 ligari.

126 1065 206 1127 Iura
229 1082 317 1128 senes
340 1066 463 1146 norint,
487 1072 517 1125 et
540 1063 611 1144 quid
633 1064 780 1145 liceatque
803 1065 946 1144 nefasque

126 1153 254 1233 Fasque
277 1155 317 1215 sit
328 1201 338 1236 ,
359 1154 535 1234 inquirant,
556 1152 716 1233 legumque
738 1156 873 1215 examina
896 1161 1031 1215 servent.

127 1241 325 1305 Conveniens
347 1239 517 1321 Venus-est
539 1243 625 1303 annis
647 1244 804 1305 temeraria
826 1245 955 1304 nostris.

128 1330 218 1404 Quid
239 1329 328 1401 liceat
338 1377 349 1413 ,
371 1332 522 1397 nescimus
545 1329 663 1412 adhuc,
686 1338 717 1391 et
739 1337 847 1409 cuncta
867 1331 960 1393 licere

59 1428 113 1481 ooo
130 1418 319 1502 Credimus,
343 1425 374 1480 et
396 1421 549 1498 sequimur
572 1435 748 1501 magnorum
770 1419 905 1499 exempla
918 1417 1060 1481 deorum.

128 1507 200 1570 Nec
223 1525 279 1571 nos
302 1516 353 1569 aut
375 1507 469 1571 durus
491 1515 576 1587 pater
591 1509 840 1589 ,aut3reuereptia
862 1509 955 1579 iamae

130 1598 198 1659 Ant
222 1598 311 1658 timor
333 1594 519 1676 impedient:
541 1603 657 1677 tantum
679 1596 720 1657 sit
742 1612 831 1657 causa
852 1595 993 1656 timendi.

131 1684 243 1761 Dulcia
265 1685 397 1746 fraterno
420 1683 476 1745 sub
499 1685 620 1765 nomine
643 1684 723 1749 iurta
745 1692 898 1764 tegemus.

131 1772 194 1835 Est
215 1771 290 1835 mitri
311 1771 433 1837 libertas
456 1781 557 1837 tecum
579 1780 696 1847 secreta
717 1771 882 1855 loquendi,

64 1869 117 1924 too
131 1861 175 1923 Et
200 1860 479 1942 damusamplexus
491 1909 501 1942 ,
525 1870 555 1922 et
576 1862 727 1940 iungimus
750 1860 851 1922 oscula
874 1879 991 1923 coram.
1025 1901 1027 1904 >

133 1951 291 2028 Quantum
306 1957 373 2032 est,
396 1949 475 2029 quod
499 1945 606 2011 desit?
624 1950 768 2027 miserere¹
781 1949 901 2023 fatentis
915 1967 1063 2032 amorem,

133 2038 177 2101 Et
199 2057 261 2100 non
279 2038 440 2120 iassurae,
462 2039 522 2100 nisi
544 2046 666 2118 cogeret
688 2037 810 2123 ultimus
833 2037 939 2100 ardor:

133 2126 220 2188 Nero
243 2144 360 2188 merere
382 2143 449 2191 roeo
473 2124 622 2191 subscribi
645 2144 738 2207 causa,
751 2125 910 2208 sepulchro
919 2120 940 2188 .'

134 2214 222 2278 Talia
240 2216 425 2307 ,nequiquam
447 2213 745 2297 perarantemplena
766 2214 888 2297 reliquit

69 2313 120 2364 tot
136 2303 350 2383 Ceramanupn
358 2350 368 2386 ,
381 2320 576 2385 summusque
594 2304 628 2365 in
644 2307 777 2383 margine
791 2321 896 2385 req-‚sus
915 2303 1063 2365 adhaesit.

135 2392 283 2463 Protinus
305 2394 451 2477 impressa
474 2393 570 2471 signat
591 2408 647 2457 sua
670 2393 794 2473 crimina
817 2409 950 2474 gemma,

137 2481 239 2557 Quam
260 2480 349 2559 tinxit
370 2479 523 2561 lacrimis,
549 2477 681 2560 linguam
703 2479 854 2545 deiecerat
875 2498 980 2544 umora

136 2569 244 2648 Deque
268 2572 332 2635 suis
354 2585 448 2645 unum
471 2567 588 2631 famulis
610 2565 936 2649 pudibundavoeavit,

136 2657 179 2719 Et
201 2658 340 2737 pavidum
362 2654 493 2718 blandita
516 2651 574 2719 ‘ier
596 2657 672 2739 has,
695 2656 859 2738 fidissime,
881 2651 998 2720 nostro’
1021 2687 1063 2701 —·

71 2753 122 2810 tto
136 2746 243 2827 Dixit,
265 2755 296 2808 et
318 2746 426 2809 adiecit
446 2744 535 2825 longo
557 2754 627 2825 post
648 2754 783 2826 tempore
806 2741 932 2807 ‘fratri'

137 2835 218 2896 Cum
240 2834 345 2916 daret,
368 2833 484 2914 elapsae
507 2833 645 2897 manibus
667 2834 803 2896 cecidere
825 2834 967 2896 tabellae.

138 2923 248 2985 Omine
271 2923 389 2986 turbata
411 2931 459 2984 est
470 2970 480 3004 ,
501 2924 584 2987 misit
605 2919 727 2985 tamen.
755 2930 822 3003 apta
844 2925 980 2995 minister

137 3011 289 3091 Tempora
311 3021 417 3074 nactus
440 3010 501 3075 adit
521 3012 672 3090 traditque
695 3010 815 3073 latentia
837 3010 945 3073 verba.

138 3100 292 3163 Attonitus
316 3099 414 3163 subita
436 3102 551 3162 iuvenis
574 3099 762 3163 Maeandrius
784 3102 829 3161 ira

73 3196 123 3253 tit
137 3187 254 3250 Proicit
276 3198 413 3270 acceptas
434 3188 512 3250 lecta
535 3187 593 3250 sibi
613 3196 698 3269 parte
721 3187 861 3269 tabellas,

138 3274 255 3357 Virque
278 3296 384 3340 manns
406 3278 540 3339 retinens
563 3277 740 3357 trepidantis
763 3277 799 3338 ab
824 3295 876 3338 ore
899 3275 1046 3359 ministri,

139 3360 232 3427 ‘num
254 3365 346 3448 licet,
369 3363 409 3428 oi
433 3367 540 3428 vetitae
559 3365 708 3429 scelerate
731 3364 862 3427 libidinis
885 3372 1008 3447 auctor,

138 3451 245 3535 Effuge
260 3450 280 3517 1'
304 3457 345 3516 ait
367 3450 432 3536 ‘qui
443 3501 453 3535 ,
476 3457 503 3516 si
525 3461 662 3519 nostrum
685 3463 736 3516 tua
759 3455 818 3515 iata
840 3453 985 3534 pudorem

139 3540 206 3603 Non
230 3543 384 3606 traherent
406 3561 507 3606 secum
519 3591 530 3628 ,
551 3561 664 3625 poenas
687 3542 760 3604 mihi
782 3552 878 3604 morte
902 3541 1034 3605 dedisses
1043 3534 1063 3602 .’
