2467 4042
427 202 633 270 Ι,400-413.
764 217 869 254 orem
995 198 1037 263 13

103 367 245 429 Rettulit
265 370 423 450 antiquas,
445 370 553 448 partim
575 384 651 428 nora
672 373 806 427 monstra
829 367 957 427 creavit.

103 457 175 517 llla
196 456 310 537 quidem
333 456 425 518 nollet
437 503 447 537 ,
470 456 522 517 sed
545 463 575 517 te
598 473 741 536 quoque,
763 456 889 516 maxime
903 453 1037 534 Python,

104 545 197 606 Tum
217 548 341 626 gennit,
361 545 539 626 populisque
561 546 668 626 novis,
689 545 839 622 incognite
862 559 1003 625 serpens,

14 647 86 697 440
105 634 228 695 Terror
250 652 339 715 eras3
362 642 479 696 tantum
500 635 589 713 spatii
611 632 649 693 de
671 640 772 694 monte
796 630 936 693 tenebas.

101 721 202 783 Hunc
224 721 298 784 deus
320 725 514 804 arcitenens,
536 730 568 783 et
589 738 751 801 numquam
773 719 882 783 talibus
903 721 993 781 nmis

102 812 191 872 Ante
212 814 271 872 nisi
292 814 324 872 in
349 810 475 874 dammis
498 812 673 891 capreisque
696 810 851 890 fugacibus
872 825 966 889 usus,

103 898 192 960 Mille
210 917 330 979 gravem
353 900 443 980 telis,
466 899 608 962 exhausta
630 916 725 980 paene
748 899 906 980 pharetro,

104 987 246 1048 Perdidit
268 989 364 1049 effuso
386 1006 441 1067 per
462 988 585 1050 vulnera
608 990 693 1068 nigra
711 1005 843 1049 veneno.

19 1089 87 1139 445
105 1075 191 1138 Neve
214 1078 316 1156 operis
338 1077 446 1137 lamam
466 1079 563 1156 ,possit
585 1076 685 1138 delere
708 1084 860 1157 vetustas,

104 1165 246 1226 Instituit
267 1181 369 1226 saeros
393 1164 504 1226 celebri
526 1168 689 1227 certamine
711 1164 798 1227 ludos

105 1253 216 1333 Pythia
238 1253 424 1332 perdomitae
447 1256 596 1334 serpentis
619 1257 740 1315 nomine
762 1254 876 1315 dictos.

106 1341 164 1402 llis
186 1344 331 1403 iuvenum
354 1343 534 1421 quicumque
558 1359 648 1403 manu
669 1342 833 1422 pedibusve
856 1351 956 1403 rotave

107 1429 252 1512 Vicerat,
276 1429 428 1491 aesculeae
453 1429 588 1511 capiebat
609 1430 724 1492 frondis
746 1430 908 1493 honorem.

26 1530 91 1581 4⁶0
108 1518 251 1579 Nondum
274 1517 377 1580 laurus
400 1529 486 1602 erat,
508 1518 657 1599 longoque
680 1518 816 1581 decentia
839 1521 921 1580 crine

108 1607 260 1687 Tempora
283 1606 421 1686 cingebat
443 1606 481 1669 de
504 1607 636 1686 qualibet
657 1607 763 1669 arbore
785 1606 942 1668 Phoebus.

153 1695 277 1757 Primus
298 1713 382 1756 amor
404 1695 517 1758 Phoebi
535 1696 657 1776 Daphne
679 1695 807 1777 Peneia,
830 1712 919 1775 quern
943 1712 1002 1756 uon

106 1784 185 1847 Fors
208 1786 312 1863 ignara
334 1783 439 1865 dedit,
462 1784 514 1846 scd
537 1803 623 1846 saera
645 1783 800 1864 Cupidinis
821 1787 882 1845 ira.

105 1873 213 1935 Delius
235 1872 317 1934 bunc
340 1890 461 1953 nuper,
481 1875 559 1934 victo
583 1881 723 1952 serpente
746 1872 913 1954 superbus,

32 1974 92 2024 455
105 1961 233 2022 Viderat
254 1959 384 2022 adducto
406 1960 576 2023 flectentem
598 1978 712 2022 cornua
734 1978 844 2043 nervo,

107 2044 215 2121 ‘Quid'
239 2067 298 2128 qne
322 2044 411 2130 ρ1111,
433 2048 541 2110 lascive
563 2068 640 2129 puer
652 2097 662 2131 ,
685 2066 754 2110 cum
768 2049 896 2111 fortibus
910 2044 1035 2111 armisi’

107 2138 256 2218 Dixerat3
280 2133 348 2198 ‘ista
371 2136 479 2199 decent
500 2155 622 2199 umeros
644 2140 806 2217 gestamina
829 2146 967 2219 nostros,

107 2227 170 2298 Qui
193 2225 267 2286 dare
289 2233 373 2287 certa
394 2226 498 2307 ierac,
519 2226 591 2287 dare
613 2227 737 2288 vulnera
758 2244 918 2306 possumus
941 2226 1037 2307 hosti,

108 2315 169 2385 Qui
193 2313 284 2374 modo
306 2315 449 2393 pestifero
471 2322 517 2375 tot
538 2317 642 2394 iugera
664 2323 769 2375 ventre
791 2323 976 2394 prementem

37 2402 279 2466 consuevimus
302 2403 467 2463 innumeris
489 2402 638 2464 tumidum
660 2402 794 2482 Pythona
816 2405 949 2482 sagittis.

106 2491 157 2553 'l'u
180 2492 247 2551 lace
271 2493 372 2551 nescio
394 2509 471 2570 quos
494 2498 558 2552 esto
581 2499 740 2552 contentus
763 2508 879 2552 amores

108 2579 256 2657 lndagare
280 2587 353 2660 tua,
375 2596 431 2640 nec
453 2578 556 2641 laudes
579 2597 680 2641 assere
703 2586 822 2641 nostras
831 2575 851 2641 .'

107 2668 208 2730 Pilius
229 2666 300 2728 hulc
322 2665 447 2728 Veneris
470 2664 554 2747 ‘ligat
576 2673 647 2729 tuus
670 2670 791 2748 omnia,
812 2667 950 2749 Phoebe,

107 2756 153 2817 'l'e
177 2773 266 2817 mens
283 2773 371 2816 arcus
385 2751 406 2836 ς’
428 2757 470 2817 ait
493 2753 675 2836 ‘quantoque
698 2756 832 2817 animalia
851 2756 962 2817 cedunt

41 2856 95 2907 tet
109 2844 230 2906 Cuncta
253 2842 332 2925 deo,
354 2852 436 2905 tanto
460 2846 557 2905 minor
580 2853 628 2906 cst
650 2854 701 2906 tua
723 2844 816 2924 gloria
839 2840 971 2906 nostra?

108 2932 215 3012 Dixit,
238 2941 270 2993 et
291 2931 364 2993 eliso
386 2935 539 3011 percussis
561 2938 630 2995 aere
653 2936 759 3013 pennis

108 3021 242 3100 Impiger
264 3019 405 3082 umbrosa
427 3020 550 3082 Parnasi
573 3023 707 3083 constitit
729 3040 797 3084 arce

108 3108 199 3188 Eque
221 3109 385 3188 sagittifera
406 3111 554 3190 prompsit
575 3109 635 3172 duo
658 3109 716 3171 tela
738 3110 878 3190 pharetra

110 3196 307 3260 lliversorum
328 3215 477 3279 opernm3
498 3199 582 3278 lugat
602 3198 682 3280 hoc,
704 3199 776 3260 lacit
796 3198 869 3259 illud
888 3216 1036 3262 amorem.

43 3300 96 3349 4⁷0
111 3284 201 3357 Quod
223 3286 317 3367 lacit,
339 3285 490 3347 bamatnm
513 3296 613 3348 estet
636 3286 758 3368 cuspide
781 3287 875 3367 fulget
898 3298 1002 3350 acuta:

110 3373 200 3446 Quod
229 3375 334 3456 lugat,
362 3374 503 3436 obtusum
531 3383 578 3436 est
608 3384 639 3437 et
670 3374 760 3437 babet
786 3375 844 3436 sub
869 3376 1035 3438 harundine

109 3462 178 3524 lloc
191 3461 267 3524 deus
279 3465 312 3524 in
326 3463 454 3543 nympha
468 3463 597 3525 Peneide
610 3464 693 3545 fixit3
706 3472 736 3525 at
749 3463 799 3524 illo
850 3463 1035 3545 [plumbum.

109 3550 214 3612 laesit
235 3551 405 3632 Apollineas
426 3554 549 3614 traiecta
570 3571 626 3631 per
648 3570 716 3613 ossa
738 3551 898 3615 medullas.
