2467 4042
178 238 245 305 224
370 255 468 295 asam
590 235 768 295 Maiiam,

265 402 480 483 Dissimilisque
502 404 551 465 sui
571 402 696 464 batrem
716 401 835 483 lugebat
856 401 1049 484 ademptam.

266 492 333 564 Quo
353 500 511 573 postquam
533 490 675 552 Aeacides
697 492 794 552 lessus
816 509 948 570 curaque
970 494 1084 572 viaque

201 591 252 644 att
266 580 375 662 Venit,
396 587 428 642 et
449 581 571 642 intravit
591 582 695 660 paucis
718 578 928 641 comitantibus
950 579 1080 661 urbem,

266 667 407 748 Quosque
433 685 540 749 greges
566 686 726 751 pecorum,
754 685 829 747 quae
856 685 960 730 secum
987 678 1128 730 umente

1033 756 1187 820 trahebat

265 845 351 908 Haud
372 844 479 927 procul
500 862 519 907 a
539 847 635 907 mamis
658 844 714 906 sub
736 862 827 925 opaca
848 844 923 906 valle
946 845 1091 928 reliquit,
1194 806 1205 839 ’

266 933 358 1015 Copia
380 952 450 996 cum
471 935 549 996 facta
571 943 618 994 est
641 932 767 994 adeundi
789 935 885 1013 prima
906 936 1042 1016 tyranni,

265 1021 436 1085 Velamenta
457 1040 547 1084 mann
568 1022 767 1101 praetendens
788 1021 945 1103 supplice,
969 1023 1021 1102 qai
1041 1024 1105 1105 dt,

200 1123 253 1176 000
267 1112 393 1191 Quoque
415 1119 519 1192 satus,
542 1118 708 1172 memorat.
734 1117 851 1172 tantm
872 1127 927 1171 sus
950 1111 1078 1171 crimina
1102 1111 1203 1194 celat,

266 1199 467 1279 Mentitasrqua
489 1200 576 1279 fugae
599 1215 740 1279 causam3
764 1200 861 1279 petit,
883 1197 959 1259 urbe
981 1198 1028 1259 val
1049 1217 1126 1279 agro

268 1287 307 1349 Se
329 1290 433 1349 iuvet.
459 1286 541 1348 bunc
563 1294 668 1348 contra
689 1286 805 1366 placldo
827 1285 1005 1348 Trachinius
1027 1304 1085 1348 ors

266 1374 387 1437 Talibus
410 1374 592 1455 alloquitur:
620 1369 746 1437 ‘mediae
769 1392 887 1454 quoqne
910 1374 1066 1437 commoda
1088 1375 1180 1457 plebi

266 1463 375 1526 Nostra
395 1470 519 1545 patent,
541 1462 656 1545 Pelen,
678 1480 735 1524 nec
755 1463 905 1543 inhospita
922 1481 1016 1544 regna
1031 1471 1200 1528 tenemus.

201 1563 253 1614 aso
267 1551 367 1614 Adicis
388 1551 459 1614 bule
481 1554 579 1613 animo
602 1558 753 1614 momenta
773 1553 907 1632 potentia
918 1599 928 1634 ,
950 1551 1066 1613 clarum

265 1639 381 1702 Nomen
399 1657 544 1719 aramque
557 1639 679 1702 lovem.
705 1657 744 1701 ne
763 1647 896 1720 tempora
912 1639 1006 1720 perde
1022 1642 1200 1720 precando:

268 1726 354 1800 Quod
367 1730 461 1811 pob‘s,
474 1746 562 1790 omne
575 1728 673 1790 fcres.
690 1737 801 1808 tuaque
814 1728 888 1789 baec
900 1745 957 1809 pro
970 1736 1054 1810 parte
1069 1739 1200 1813 vocato,

267 1814 500 1897 Qualiaomquo
521 1816 626 1879 vides.
653 1818 768 1879 utinam
789 1815 911 1878 meliora
932 1816 1049 1879 micres
1062 1812 1087 1880 1’

266 1903 307 1968 Et
326 1897 438 1968 flebat.
464 1912 581 1967 moreat
602 1912 701 1967 tantos
723 1921 800 1984 quaa
822 1921 912 1966 causa
933 1904 1070 1988 dolores,

201 2004 254 2058 aso
267 1994 435 2075 Peleusque
457 1995 642 2073 comitesque
664 2001 791 2073 rogant.
819 1991 928 2072 quibas
950 1992 999 2054 ille
1021 1994 1184 2073 profatur:

267 2079 416 2145 ‘Forsitan
437 2082 514 2144 banc
535 2080 712 2163 volucrem,
732 2089 818 2162 rapto
840 2098 916 2160 quae
940 2083 1011 2143 vivit
1032 2088 1064 2143 ct
1088 2100 1197 2146 omnes

266 2171 376 2233 Terret
396 2188 466 2233 aves
477 2218 488 2253 ,
511 2187 631 2251 sempor
652 2187 766 2251 pennas
787 2168 928 2231 babuisse
948 2171 1081 2251 putetis.

268 2258 666 2338 Uennonenses
686 2260 777 2320 mimi
798 2259 985 2339 00000000,
1008 2259 1173 2340 mmmm]

266 2347 372 2409 Frater
393 2355 459 2410 erat
479 2346 618 2428 belloque
641 2347 726 2408 faex
749 2346 785 2408 ad
806 2347 926 2426 vimque
947 2353 1091 2431 paratus,

201 2446 253 2499 ato
275 2434 401 2498 Nomina
423 2434 606 2517 Daedalion,
627 2434 678 2496 illo
701 2436 835 2515 genitore
858 2442 995 2517 creatus,

268 2524 327 2596 Qui
347 2532 434 2586 vocat
454 2541 594 2586 auroram
615 2523 758 2603 caeloque
781 2524 959 2585 norissimus
982 2526 1061 2586 exit.

267 2611 353 2674 Culta
374 2611 448 2675 mibi
469 2630 527 2693 pax
549 2619 618 2694 est,
640 2615 723 2693 pacis
744 2611 818 2674 mibi
839 2629 911 2673 eura
933 2612 1081 2674 tenendae

267 2700 462 2781 Coniugiique
485 2701 564 2763 luit:
586 2701 673 2762 fratri
694 2701 758 2762 fera
779 2699 857 2762 bella
877 2698 1052 2781 placebant.

266 2788 348 2851 Illius
370 2791 465 2851 virtus
487 2807 576 2869 reges
598 2796 763 2869 gentesque
785 2787 925 2871 subegit,

200 2879 349 2951 abnouae
373 2895 454 2939 nunc
476 2876 637 2939 Thisbaeas
660 2878 752 2957 agitat
773 2885 886 2938 munta
908 2877 1078 2942 columbas.

265 2966 341 3029 Nata
363 2973 429 3028 erat
449 2965 521 3028 buic
542 2964 680 3048 Chione,
703 2984 779 3046 quae
801 2964 985 3028 dotatissima
1007 2968 1105 3030 forma

266 3054 346 3116 liille
367 3072 476 3136 procos
497 3053 603 3117 babuit
614 3102 624 3136 ,
647 3054 693 3116 bis
716 3063 831 3135 septem
852 3053 962 3116 nubilis
985 3057 1090 3118 annis.

266 3143 355 3205 Forte
379 3150 565 3206 revertentes
587 3142 726 3205 Phoebus
748 3141 883 3221 blaiaque
906 3151 1044 3226 creatus,

266 3231 319 3293 ille
341 3233 404 3294 suis
426 3229 570 3314 Delphis,
592 3231 642 3294 hle
663 3232 776 3294 vertice
800 3229 956 3315 Cyllenen,

201 3330 253 3384 sos
266 3318 373 3382 Videre
396 3319 473 3381 hanc
494 3323 630 3402 pariter,
651 3322 764 3401 pariter
786 3328 905 3382 uexere
927 3320 1074 3385 onorem.

268 3407 358 3488 Spem
379 3411 498 3470 veneris
521 3409 622 3471 differt
642 3412 675 3471 in
697 3417 832 3490 tempora
854 3411 952 3471 nectis
974 3409 1099 3491 Apollo:

266 3495 334 3557 Non
356 3498 416 3559 fert
437 3496 487 3559 ille
509 3515 631 3579 moras,
653 3500 794 3578 virgaque
817 3505 954 3561 movente
976 3517 1119 3580 soporem

267 3580 396 3664 Virginis
418 3602 452 3645 os
476 3587 590 3665 tangit.
619 3594 701 3648 tactu
723 3588 801 3649 iacet
821 3586 871 3649 illa
892 3590 1025 3671 potami,
