2467 4042
423 304 471 355 111.
492 307 640 359 alt-oto.

54 473 104 523 000
160 464 301 545 Asperior
325 469 428 546 quovis
451 486 579 547 aequore
602 471 695 531 irater
718 479 798 533 erat.

116 549 169 612 Est
191 571 284 634 prope
307 557 440 634 piscosos
463 556 587 637 lapidosi
610 557 758 619 Crathidis
781 576 881 619 amnes

158 640 271 702 Parvus
294 661 384 724 ager,
409 643 552 706 Cameren
574 646 671 706 incola
694 645 780 707 turba
804 656 904 708 vocat:

115 726 187 790 llluc
211 748 318 792 cursus
342 739 426 793 erat.
467 750 523 794 nec
546 734 663 813 longius
686 735 760 795 aluit
781 735 868 814 inde,

158 815 251 888 Quam
275 827 418 898 quantum
441 823 543 882 novies
566 825 684 883 mittere
707 822 797 884 irrnda
820 831 935 902 potest:

51 915 100 965 000
114 903 181 966 Vela
205 907 316 968 cadunt
336 911 434 988 primo
457 919 488 970 01
509 909 598 970 dubia
621 910 767 972 librantur
790 910 826 972 ab
850 928 938 973 aura.

159 988 291 1057 ‘Findite
314 992 455 1077 remigio'
480 1000 576 1059 navita
599 998 673 1060 dixit
696 994 837 1078 ‘aqnasi'

113 1080 248 1162 Dumque
271 1092 376 1164 parant
399 1093 477 1148 torto
501 1085 669 1148 subducere
693 1086 813 1149 carhasa
836 1086 912 1169 lino,

156 1170 328 1235 Percutitur
349 1174 452 1255 rapido
475 1178 583 1256 puppis
606 1175 720 1237 adunca
742 1185 830 1255 noto,

8 1344 9 1347 Ἴ
113 1258 205 1339 Inque
228 1270 333 1341 patens
356 1280 489 1343 aequor,
513 1265 623 1325 trustra
647 1273 796 1343 pugnante
819 1265 977 1344 magistro,

8 1372 11 1423 j„
49 1356 100 1407 000
157 1345 288 1428 Fertur,
311 1359 400 1412 etex
423 1351 518 1412 oculis
540 1355 602 1413 nisa
626 1354 736 1432 refugit
758 1353 883 1415 humus.

112 1433 260 1497 hdsiliunt
281 1436 413 1520 lluctus,
436 1442 555 1518 imoque
579 1458 595 1499 a
618 1443 735 1519 gurgite
757 1450 867 1520 pontus

7 1520 10 1559 l
158 1522 312 1607 Vertitur,
335 1535 366 1588 et
388 1544 476 1588 canas
498 1526 598 1588 alveus
622 1526 721 1588 haurit
743 1545 851 1608 aquas.

114 1608 260 1688 [Vincitur
282 1632 331 1675 ars
353 1624 462 1677 vento.
504 1633 560 1676 nec
582 1618 640 1676 iam
663 1615 832 1678 moderator
854 1615 977 1678 habenis

157 1700 279 1784 Utitur,
302 1712 353 1764 aut
375 1706 450 1764 votis
472 1702 519 1764 his
543 1721 662 1783 qunque
685 1708 782 1784 poscit
804 1704 922 1785 opem]

46 1798 98 1850 000
113 1788 242 1852 lactatur
265 1792 392 1854 tumidas
416 1791 484 1854 exul
506 1790 668 1854 Phoenissa
689 1811 744 1873 per
766 1793 879 1874 undas,
973 1806 1030 1856 (1⁰0)

155 1879 319 1961 Umidaque
342 1883 476 1961 opposita
498 1880 609 1942 lumina
632 1890 713 1943 veste
737 1883 827 1961 tegit.

64 1976 66 1979 '
112 1970 196 2032 'lunc
219 1971 348 2051 primum
370 1969 445 2031 Dido
469 1970 538 2032 ielix
561 1978 607 2031 est
630 1971 708 2032 dicta
731 1972 828 2032 sorori

8 2128 10 2135 ,
156 2058 195 2121 Et
217 2079 421 2142 quaecumque
445 2060 570 2142 aliquam
594 2079 720 2142 corpore
742 2062 853 2140 pressit
875 2059 1015 2122 humum.

8 2138 11 2185 t
112 2146 227 2228 Figitur
250 2152 285 2212 ad
308 2150 441 2213 Laurens
463 2153 586 2231 ingenti·
599 2151 718 2211 flamine
741 2151 811 2211 litus

43 2248 98 2300 000
156 2237 290 2320 Puppis,
313 2247 343 2301 et
366 2242 506 2320 expositis
530 2239 668 2301 omnihus
690 2239 795 2299 hausta
818 2239 912 2317 perit.

8 2326 10 2365 ‘
111 2323 172 2387 lam
195 2330 263 2407 pius
285 2327 399 2389 leneas
423 2345 514 2407 regno
538 2336 666 2407 nataque
688 2326 786 2389 Latini

157 2415 270 2478 luctus
292 2425 377 2498 erat,
401 2416 526 2496 populos
549 2419 769 2495 miscueratque
792 2414 884 2475 (1000.

8 2506 9 2543 ³
112 2501 213 2564 Litore
236 2503 327 2565 (101011
349 2505 412 2566 0010
435 2507 591 2566 comitatus
614 2504 725 2566 Achate

158 2590 312 2653 Secretum
335 2593 415 2653 nudo
438 2593 509 2654 (lum
531 2593 606 2674 pede
631 2594 726 2672 carpit
747 2594 822 2671 iter,

41 2691 97 2743 000
113 2679 227 2760 Aspicit
249 2688 420 2762 errantem,
444 2699 499 2743 nec
523 2682 646 2744 credere
670 2682 798 2742 sustinet
820 2679 933 2740 Annam

157 2767 252 2831 Esse.
295 2770 365 2849 quid
387 2772 419 2830 in
442 2768 542 2831 Latios
564 2770 613 2831 illa
636 2772 751 2830 veniret
774 2764 886 2850 agros?

111 2856 313 2920 llumsccum
336 2858 472 2940 leneas,
496 2854 592 2920 ‘Anna
614 2854 694 2920 estl'
722 2858 865 2920 exclamat
887 2856 1035 2918 Achates.

155 2947 199 3007 lo
222 2965 331 3008 nomen
354 2947 450 3009 voltus
474 2946 594 3010 sustulit
616 2947 665 3009 illa
688 2965 775 3009 suos.

112 3033 178 3106 Quo
197 3032 318 3114 lugiet?
344 3037 416 3115 qnid
435 3033 529 3116 agat?
556 3054 632 3115 quos
650 3046 749 3098 terrae
769 3042 892 3115 quaerat
909 3030 1034 3095 hiatus?

39 3135 98 3188 010
157 3121 232 3183 hntc
255 3123 357 3184 oculos
380 3126 506 3186 miserae
529 3126 588 3185 iata
611 3126 724 3185 sororis
747 3131 849 3184 erant.

113 3208 235 3291 Sensit,
258 3219 288 3271 et
310 3211 479 3291 adloquitur
501 3212 648 3292 trepidam
671 3211 846 3291 Cythereius
870 3209 977 3292 heros3

157 3297 223 3359 Flet
244 3306 343 3360 tamen
366 3300 517 3362 admonitu
540 3310 662 3380 motus,
685 3298 802 3381 Elissa,
824 3301 887 3360 tui:

112 3381 230 3466 Sinna,
253 3404 309 3466 per
330 3387 406 3449 hanc
427 3391 517 3469 iuro,
540 3407 628 3468 quam
647 3387 795 3467 quondam
819 3387 920 3449 audire

660 3474 776 3537 solebas

157 3563 390 3624 Tellurem'iatn
413 3566 601 3645 prosperiore
625 3564 706 3645 dari,

35 3666 96 3719 010
110 3651 229 3734 Perque
253 3651 325 3713 deos
348 3654 472 3714 comites
484 3699 494 3734 ,
516 3652 571 3714 hac
594 3671 691 3733 nuper
714 3652 784 3714 sede
806 3652 935 3732 locatos,

817 3755 871 3808 18*

7 978 11 1019 l
