2467 4042
348 222 479 328 unta,
495 252 537 314 aa
602 250 658 326 14,
679 252 728 316 ts.
1009 255 1049 318 os

99 406 197 468 lilius
214 407 323 466 iudicio
339 406 428 467 silvis
443 406 568 465 inventa
582 405 640 467 sub
654 407 722 467 altis

53 503 89 552 ²0
149 489 274 551 Dicitur
288 492 441 568 inceptam
458 488 636 550 destituisse
652 491 763 566 lugam.

98 575 200 636 Nunc
217 592 339 651 quoque
352 590 409 651 per
424 591 540 650 pueros
553 573 662 635 iaculis
676 575 840 636 incessitur
855 575 964 650 index,

144 659 191 719 Et
211 661 336 734 pretium
350 658 470 720 melori
485 658 620 718 vulneris
638 657 709 735 ipsa
725 659 823 720 datur.

97 743 175 819 Qua
193 750 322 804 ventura
340 743 400 803 dea
414 749 477 815 est,
501 743 632 804 iuvenes
652 743 839 817 timidaeque
854 745 975 819 puellae

144 827 358 888 Praeverrunt
372 828 450 886 latas
466 834 553 886 veste
568 825 687 887 iacente
704 828 780 887 vias.

51 923 86 973 aa
102 912 253 986 Virginei
268 913 368 971 crines
384 927 460 971 auro
475 925 659 986 gemmaque
675 919 867 986 premuntur,

144 995 191 1056 Et
203 995 278 1071 tegit
292 1002 416 1056 auratos
433 995 515 1070 palla
530 994 666 1070 superba
684 996 797 1071 pedes:
984 1003 985 1006 ’

97 1080 197 1140 More
214 1087 332 1154 patrum
347 1080 439 1141 Graio
453 1079 575 1157 velatae
590 1078 731 1140 vestibus
749 1079 827 1140 albis

105 1160 110 1166 '
145 1163 279 1223 Tradita
287 1163 455 1240 supposito
474 1163 589 1224 vertice
604 1179 695 1224 sacra
711 1165 820 1225 icrunt.

99 1247 167 1307 Ore
185 1249 291 1307 tavent
307 1245 517 1323 populitalia,
536 1263 610 1307 curn
626 1248 709 1307 venit
721 1265 815 1310 aurea
829 1262 953 1325 pompa

52 1340 89 1393 30
150 1332 228 1407 Ipsa
244 1332 425 1393 sacerdotes
438 1330 702 1406 subsequiturque
717 1348 800 1393 suas.

100 1416 228 1489 Argiva
243 1424 294 1475 est
307 1431 442 1491 pompae
460 1415 566 1475 lactes.
594 1416 828 1490 Agamemnone
842 1431 935 1477 caeso

145 1499 189 1559 Et
211 1500 314 1560 scelus
330 1508 360 1560 et
373 1500 488 1575 patrias
505 1499 581 1573 fugit
593 1500 748 1563 Halaesus
766 1516 859 1578 opes:

98 1584 236 1657 lamque
251 1582 416 1658 pererrat-is
430 1583 580 1658 profugus
593 1592 737 1661 terraque
755 1587 895 1662 natoque

145 1667 276 1727 Moenia
291 1669 371 1728 felici
387 1666 527 1729 condidit
543 1669 604 1727 alta
620 1684 722 1730 manu

55 1759 90 1812 ss
103 1752 161 1811 llle
179 1767 259 1811 suos
276 1752 380 1813 docuit
391 1751 520 1811 Iunonia
535 1767 626 1811 sacra
639 1752 791 1815 Faliscos.

148 1834 222 1896 Sint
235 1836 323 1910 mihi,
346 1838 408 1897 sint
419 1836 538 1911 poprrlo
557 1851 681 1911 semper
696 1839 795 1897 amica
809 1845 882 1898 suo!

27 1969 74 2063 14
104 1967 187 2067 Nou
206 2021 266 2081 ego
281 2023 465 2084 capecelo,
489 2026 556 2081 cum
574 2011 619 2071 sis
636 2010 788 2081 formosa,
811 2023 941 2083 recuso,

147 2090 217 2152 Sed
232 2105 272 2150 ne
285 2092 327 2151 sit
337 2093 454 2153 nriscro
470 2094 552 2154 scire
569 2109 701 2154 necesse
717 2092 800 2152 mihi.

102 2175 171 2236 Nec
193 2183 224 2234 te
240 2182 346 2236 nostra
358 2176 444 2239 iubet
457 2177 526 2238 fieri
539 2193 672 2239 censura
689 2176 849 2253 pudicam,

148 2258 218 2319 Sed
235 2266 352 2335 lunens,
371 2267 405 2321 ul
419 2267 550 2337 temptes
568 2262 777 2334 dissimulare,
795 2270 892 2335 rogat.

75 2343 175 2404 atton
194 2352 318 2417 peccat,
342 2360 556 2420 quaecumque
571 2353 676 2425 potest
692 2360 843 2421 peccasse
860 2360 984 2420 negare:

147 2426 291 2503 Solaque
308 2429 460 2491 larnosam
476 2430 567 2505 culpa
581 2430 729 2506 professa
744 2429 825 2490 facit

104 2511 186 2586 Quis
201 2511 287 2572 luror
303 2518 366 2583 est,
386 2529 471 2587 quae
484 2520 575 2575 nocte
591 2516 701 2586 latent,
724 2513 755 2573 in
773 2515 842 2573 luce
857 2512 959 2585 lateri,

145 2595 190 2655 Et
205 2612 285 2670 quae
303 2597 381 2657 clam
397 2597 507 2671 iacias,
531 2600 612 2658 lacta
626 2599 741 2658 referre
758 2597 880 2672 palam?

101 2681 214 2754 Ignoto
231 2680 374 2741 meretrix
388 2697 502 2756 corpus
518 2682 659 2744 iunctura
675 2681 780 2756 Quiriti

64 2775 93 2825 lo
151 2763 305 2839 Opposita
320 2766 469 2841 populum
485 2774 661 2828 summovet
676 2774 748 2828 aule
761 2779 842 2826 sera.

99 2850 147 2908 Tu
163 2855 216 2907 tua
232 2848 399 2922 prostitues
414 2850 513 2911 lanae
529 2857 657 2924 peccata
670 2850 829 2922 sinistrae,

147 2930 313 2992 commissi
329 2948 462 3009 peragas
480 2933 690 3010 indiciumque
704 2934 770 2995 tuit

99 3016 150 3076 Sit
166 3014 220 3076 tibi
236 3032 322 3076 mens
337 3017 461 3092 melior,
484 3019 635 3080 saltemve
649 3019 767 3080 imitare
785 3018 930 3093 pudicas:

143 3100 253 3175 Teque
268 3099 414 3177 probam,
437 3102 578 3178 quamvis
593 3119 656 3163 non
672 3103 749 3175 eris,
772 3117 845 3163 esse
860 3109 972 3178 putem.

64 3195 90 3246 ts
104 3184 197 3258 Quae
215 3184 308 3261 lacis,
330 3184 410 3247 haec
425 3186 526 3247 facito.
553 3194 669 3248 tantum
682 3188 800 3249 iecisse
815 3195 942 3262 negato,

145 3267 210 3328 Nec
225 3269 342 3345 pudeat
356 3285 460 3330 coram
477 3270 572 3331 verba
588 3272 729 3334 modesta
744 3272 841 3346 loqui.

97 3353 157 3412 Est
172 3352 226 3427 qui
245 3355 412 3429 nequitiam
427 3356 514 3414 locus
529 3356 642 3431 exigat
669 3355 810 3417 omnibus
827 3356 910 3418 illurn

145 3436 270 3498 Deliciis
286 3438 380 3515 inple.
406 3445 465 3500 stet
481 3441 591 3515 procul
606 3439 678 3502 inde
695 3440 807 3518 pudor.

98 3521 183 3580 ilinc
199 3521 289 3584 simut
305 3523 435 3598 exieris,
459 3524 589 3585 lascivia
602 3526 742 3601 protinus
762 3525 862 3586 omnis

58 3622 141 3666 cvm.
168 3606 191 3664 l.
863 3613 879 3662 5
