2467 4042
338 273 389 332 Xl.
412 270 598 333 CANACE
621 269 661 335 17
675 307 711 318 -
725 271 775 334 92.
1010 275 1065 340 lll

75 438 116 491 55
128 428 213 488 Mors
228 433 296 486 erat
309 432 382 485 aute
398 426 518 487 oculos.
540 431 570 484 et
585 440 676 500 opem
690 426 807 487 Lucina
821 405 966 502 ne'gabata

167 511 208 572 Et
221 526 335 586 grave,
357 509 385 569 si
400 510 529 582 moriar,
552 524 635 570 mors
652 525 778 585 quoque
793 511 907 571 crimen
921 520 1001 574 erat:

126 596 204 656 cum
219 592 512 670 superincumbens
527 592 628 653 scissa
641 593 807 669 tunicaque
822 610 972 672 comaque

167 678 284 739 Pressa
298 676 441 738 refovisti
456 684 583 753 pectora
597 684 704 738 nostra
717 677 787 753 tuis,

123 764 163 825 Et
176 761 251 822 mihi
266 762 377 836 ‘Vive‚
400 776 504 834 soror,
527 776 651 821 sonoro
667 759 854 836 carissima‚'
877 763 946 826 aisti

76 860 115 913 so
170 844 280 920 ‘Viva
305 860 363 906 nec
379 846 472 906 unius
487 859 618 921 corpore
635 846 732 921 perde
747 846 842 905 duos!

123 931 211 1008 Spes
224 931 309 991 bona
324 929 377 990 det
390 929 482 991 vires.
502 929 585 989 tratri
601 944 672 989 nam
686 935 782 1005 nupta
796 930 896 991 iutura
909 948 953 992 es.

166 1014 271 1090 iiiios,
294 1013 334 1076 de
349 1028 412 1089 quo
426 1019 534 1088 mater,
558 1016 681 1074 et‘uxor
697 1014 781 1074 eris?

122 1100 282 1161 Mortua...
297 1098 391 1158 crede
404 1096 509 1158 mihi...
524 1103 627 1158 umen
642 1096 681 1157 ad
695 1104 747 1159 tua
762 1098 857 1158 verba
870 1099 984 1162 revixia

166 1183 209 1243 Et
222 1181 356 1258 positum
372 1188 420 1242 est
433 1182 510 1243 uteri
526 1182 639 1242 crimen
657 1196 800 1259 onusque
814 1182 883 1242 mei.

75 1279 112 1332 65
124 1264 213 1344 Quid
228 1266 281 1326 tibi
297 1265 449 1341 gratensi
467 1265 568 1326 medie
583 1265 673 1326 sedet
686 1266 803 1345 Aeolus
818 1267 901 1326 auia:

170 1348 306 1411 Crimina
323 1357 393 1410 sunt
407 1348 504 1411 ocutis
520 1349 720 1426 subripienda
734 1350 840 1425 patris.

121 1432 303 1497 Frondibus
320 1433 464 1494 infantem
479 1432 636 1510 ramisque
651 1433 779 1495 albentis
795 1434 896 1495 olivae

169 1519 210 1580 Et
222 1516 342 1579 levibus
360 1518 443 1580 vittis
458 1519 568 1580 sedula
585 1519 663 1580 celat
677 1534 764 1592 anus,

124 1604 278 1679 Fictaque
292 1617 381 1663 sacra
397 1603 483 1678 iacit,
507 1602 642 1679 dicitque
656 1601 812 1678 precantia
828 1601 936 1662 verbus

78 1699 119 1755 'to
173 1687 235 1749 Dat
248 1688 383 1764 populus
401 1687 514 1760 sacris,
538 1688 590 1747 dat
606 1694 692 1762 pater
707 1688 776 1762 ipse
788 1685 879 1746 viam.

104 1775 191 1835 iam
208 1786 309 1849 prope
323 1771 415 1832 limen
431 1777 505 1831 erat
528 1772 644 1846 patrias
663 1771 783 1847 vagitus
798 1770 837 1832 ad
858 1772 941 1835 auris

168 1857 277 1927 Venit,
302 1862 332 1916 et
344 1854 457 1916 indicio
472 1855 612 1930 proditur
626 1855 677 1916 itie
691 1871 759 1916 suo.

124 1940 227 2017 Eripit
239 1939 385 2000 infantem
400 1939 586 2016 mentitaque
601 1954 692 2000 sacra
704 1940 821 2000 revelat

169 2025 300 2086 Aeolus.
323 2024 433 2084 insana
446 2023 532 2099 regia
545 2039 625 2084 voce
639 2030 738 2085 sonat.

79 2119 117 2175 ts
128 2111 170 2171 Ut
186 2123 271 2169 mare
284 2108 319 2168 fit
334 2107 510 2181 tremulum,
533 2108 615 2168 tenui
632 2124 700 2168 cum
715 2108 870 2184 stringitur
884 2124 967 2183 aura,

169 2194 210 2254 Ut
226 2193 361 2267 quatitur
374 2191 479 2267 tepido
495 2192 616 2252 fraxina
630 2191 717 2268 virga
731 2200 814 2268 noto,

126 2276 181 2339 Sic
195 2292 265 2336 mea
280 2273 393 2337 vibrari
409 2275 552 2352 pallentia
567 2276 704 2336 membra
718 2275 856 2336 videres:

171 2359 311 2435 Quassus
326 2360 365 2419 ab
383 2359 517 2435 inposito
537 2375 669 2435 corpore
683 2360 779 2420 tectus
797 2366 872 2421 erat.

125 2444 223 2505 inruit
236 2449 268 2505 et
281 2450 419 2504 nostrum
434 2445 539 2519 vulget
555 2444 689 2505 clamore
703 2445 862 2519 pudorem,

80 2539 119 2593 8⁰
175 2528 213 2589 Et
224 2527 277 2588 vix
292 2545 311 2589 a
324 2527 439 2589 misero
455 2528 590 2588 eontinet
608 2544 663 2589 ore
676 2545 796 2589 manus,

125 2614 203 2691 lpsa
216 2611 292 2672 nihii
306 2616 429 2688 praeter
443 2612 584 2674 lacrimas
600 2612 780 2688 pudibunda
795 2612 928 2688 profudi.

171 2696 341 2772 Torpuerat
355 2696 457 2772 gelido
472 2696 575 2772 lingua
589 2702 707 2757 retenta
720 2702 812 2758 metu.

125 2782 258 2857 lamque
271 2780 337 2841 dari
353 2796 478 2856 parvum
496 2781 686 2857 canibusque
701 2781 873 2856 avibusque
887 2785 1029 2855 nepotem

172 2865 324 2937 Iusserat,
347 2864 377 2924 iu
392 2864 469 2925 sotis
484 2864 671 2940 destituique
685 2864 773 2926 iocis.

83 2959 118 3014 itt
128 2948 262 3026 Vagitus
277 2945 428 3009 dedititia
443 2947 546 3008 miser.
568 2948 707 3009 sensisse
722 2955 861 3024 putares:

173 3033 302 3109 Quaque
315 3048 406 3093 suum
419 3038 540 3109 poterat
552 3047 632 3093 voce
646 3032 775 3109 rogabat
790 3048 890 3093 evum.

127 3116 209 3193 (tuid
222 3116 296 3177 mihi
309 3124 383 3179 tunc
398 3116 490 3177 animi
505 3116 621 3190 credis,
644 3132 802 3192 germane,
825 3117 966 3191 fuisse...

171 3201 247 3262 Nam
263 3208 353 3277 potes
368 3217 408 3261 ex
422 3200 522 3262 animo
538 3200 683 3276 colligere
698 3201 767 3277 ipse
781 3207 864 3262 tuo...

127 3287 204 3348 Cum
219 3301 288 3346 mea
301 3301 352 3347 me
366 3300 468 3346 coram
485 3285 579 3346 siivas
594 3284 734 3347 inimicus
749 3285 778 3345 in
794 3286 871 3346 attus

84 3380 119 3436 90
174 3369 306 3432 Viscera
320 3369 472 3432 montenis
488 3370 581 3431 terret
594 3369 717 3443 edenda
729 3370 833 3446 iupist

126 3455 254 3516 Exierat
266 3454 411 3518 thalamo.
444 3455 528 3516 'lunc
542 3454 664 3516 demum
679 3461 805 3531 pectora
819 3452 919 3529 plangi

172 3539 304 3616 Contigit
318 3539 411 3616 inque
425 3555 510 3600 meas
523 3538 677 3615 unguibus
691 3539 736 3598 ire
750 3553 855 3614 genas.
