2467 4042
420 241 466 292 IV.
485 252 511 290 11
525 244 633 312 3⁰·.’111
647 243 688 293 49.
994 240 1057 305 189

137 400 190 462 lile
214 420 291 483 ego,
315 403 367 481 qui
388 405 503 481 primus
526 409 577 463 tua
600 405 677 464 seria
700 420 788 464 nosse
812 402 941 465 solebam

2 561 3 566 γ
161 488 220 561 ,Et
242 489 298 549 tibi
320 490 458 551 iucundis
480 492 595 569 primus
619 490 722 551 adesse
745 493 836 554 iocis:

2 581 3 597 ³
88 589 122 637 15
137 576 189 638 lllc
213 595 268 656 ego
291 579 443 638 convictor
466 578 617 657 densoque
641 578 821 641 domesticus
844 598 919 660 usu,

181 664 234 726 llle
257 683 311 744 ego
334 665 452 727 indiciis
476 668 563 726 unica
585 665 669 726 Musa
692 664 768 728 tuis!

137 752 189 813 lile
213 772 267 833 ego
291 771 380 833 sum,
403 756 454 833 qui
477 772 557 815 nunc
581 771 618 814 an
641 756 736 816 rivam
748 799 758 835 ‚
780 756 918 838 perfide,
941 757 1056 837 nescis,

182 839 345 925 Curatihi-
360 841 397 903 de
421 860 479 921 quo
504 859 647 921 quaerere
671 841 751 904 nulla
773 843 846 904 fuit.

138 928 206 990 Sive
230 930 273 990 ini
295 948 456 1009 numquam
480 948 588 1011 carus,
612 930 766 992 simulasse
790 931 911 994 fateris:

2 1077 3 1102 q
87 1028 123 1079 20
183 1016 242 1078 Seu
265 1034 326 1078 non
349 1017 502 1099 fingebas,
525 1019 677 1079 inveniere
701 1019 790 1080 levis.

135 1104 194 1167 dut
216 1122 292 1188 age,
315 1106 363 1166 dic
386 1106 536 1188 aliquam,
560 1124 635 1186 quae
658 1115 688 1167 te
711 1109 892 1188 mutaverit,
914 1109 1007 1169 iram:

179 1192 253 1255 Nam
276 1195 334 1255 nisi
357 1196 433 1256 iusta
456 1203 508 1256 tua
532 1202 598 1275 est,
622 1197 698 1257 iusta
722 1194 854 1275 querella
876 1213 941 1256 moa
965 1203 1026 1257 est.

136 1281 222 1352 Quod
245 1289 274 1343 te
293 1299 373 1345 nunc
396 1286 510 1344 crimen
533 1283 661 1344 similem
678 1291 757 1345 vetat
776 1302 841 1345 esse
864 1280 985 1363 priori?
998 1296 1055 1348 (11⁰)

180 1371 224 1429 nn
249 1371 384 1450 crimen,
408 1373 493 1449 coepi
517 1369 596 1449 quod
619 1373 709 1432 miser
733 1389 799 1433 esse
812 1419 821 1452 ‚
845 1369 957 1433 vocas?

86 1468 120 1515 ao
137 1456 168 1517 Si
191 1454 263 1516 mihi
285 1456 376 1518 rebus
400 1475 487 1536 opem
509 1457 620 1518 nullam
643 1458 787 1538 factisque
810 1458 946 1541 serebas,

179 1543 315 1605 Venisset
337 1543 436 1605 verbis
459 1544 560 1605 charta
583 1554 683 1606 notata
705 1546 819 1608 trihus.

136 1631 190 1693 Vix
212 1630 350 1711 equidem
373 1632 485 1713 credo,
509 1633 561 1693 sed
585 1641 615 1693 ct
637 1633 780 1695 insultare
803 1636 913 1696 iacenti

179 1718 222 1781 'l'e
245 1720 319 1781 mihi
331 1768 340 1801 ,
363 1739 419 1782 nec
442 1720 541 1781 verbis
563 1740 688 1800 parcere
711 1723 921 1784 famarefert.

136 1807 212 1878 Quid
236 1809 331 1889 iacis,
353 1808 392 1870 al
424 1806 576 1870 demens?
608 1828 684 1890 cur,
708 1813 732 1871 si
756 1811 875 1872 fortuna
897 1809 1036 1891 recedat,

84 1908 121 1957 ao
179 1895 338 1976 Naufragio
362 1896 498 1959 lacrimas
522 1900 613 1977 eripis
637 1901 701 1977 ipse
725 1895 803 1961 tuo?

136 1983 215 2046 Haeo
238 1984 293 2046 dea
315 2003 375 2046 non
399 1985 517 2066 stabili,
542 2004 630 2066 quam
653 1987 808 2068 sitieris,
831 1987 903 2049 orbe
926 1989 1054 2070 latetur,

179 2073 275 2144 Quem
298 2092 447 2135 summum
470 2074 560 2135 dubio
583 2074 639 2135 sub
662 2075 737 2153 pede
762 2094 880 2155 semper
903 2075 1009 2138 habet.

135 2160 275 2232 Quolibet
298 2170 344 2222 est
366 2161 436 2222 lolio
449 2168 463 2244 ,“
483 2164 585 2242 quavis
608 2163 751 2224 incertior
774 2181 864 2226 aura:

178 2250 236 2310 Par
257 2249 301 2310 illi
323 2249 448 2331 levitas,
471 2249 628 2331 improbe,
651 2251 713 2312 sola
737 2261 789 2314 tua
811 2260 874 2313 cst.

86 2349 120 2398 35
135 2336 333 2399 Omniasunt
355 2337 509 2399 hominum
531 2340 617 2400 tenui
638 2338 797 2417 pendentia
820 2339 888 2421 filo,

177 2425 216 2487 Et
239 2425 337 2487 subito
361 2444 432 2487 casu
455 2444 531 2506 quae
554 2426 673 2489 valuere
685 2475 694 2509 ,
718 2436 827 2490 ruunt.

134 2512 238 2575 Divitis
261 2513 360 2575 audita
383 2522 429 2575 est
452 2517 502 2576 cui
524 2532 584 2576 non
607 2514 758 2594 opulentia
781 2512 909 2578 Croesi?
951 2541 954 2546 ·

177 2601 290 2680 Nempe
313 2610 412 2663 tamen
436 2605 525 2664 vitam
548 2611 652 2682 captus
676 2604 711 2665 ab
734 2604 820 2665 hoste
843 2604 928 2666 tulit.
987 2680 991 2688 .

133 2689 185 2751 lile
209 2689 362 2770 Syracosia
386 2691 472 2752 modo
495 2691 671 2753 formidatus
694 2694 725 2753 in
748 2691 823 2756 urbe

87 2790 120 2840 40
177 2778 232 2838 Vix
255 2778 360 2840 humili
383 2778 487 2841 duram
509 2779 641 2860 reppulit
663 2789 726 2842 arte
750 2782 875 2844 famem.

133 2867 211 2940 Quid
233 2868 331 2929 iuerat
353 2866 458 2947 Magno
481 2864 607 2930 maius?
640 2877 738 2931 tamen
760 2869 809 2931 illc
832 2872 947 2951 rogavit

177 2956 341 3017 Summissa
363 2956 480 3035 lugiens
503 2975 574 3017 voco
598 2955 715 3019 clientis
738 2976 842 3039 opem.

133 3043 246 3122 Cuique
269 3046 332 3104 viro
356 3052 437 3104 totus
460 3052 609 3106 terrarum
631 3048 731 3124 paruit
753 3045 852 3126 orbis,

178 3129 312 3209 [indigus
335 3131 459 3193 ollactus
482 3131 621 3194 omnibus
643 3135 706 3212 ipse
730 3136 823 3212 magis
833 3131 855 3210 .]

86 3228 119 3279 46
133 3217 184 3278 lile
207 3216 382 3296 Iugurthino
406 3218 504 3279 clarus
527 3218 706 3299 Cimbroque
730 3220 900 3301 triumpho,
995 3231 1052 3283 (111)

177 3305 241 3377 Quo
265 3306 372 3366 victrix
396 3307 505 3366 totiens
527 3305 650 3367 consule
672 3307 765 3368 Roma
788 3308 862 3389 luit,

132 3394 165 3455 ln
188 3410 280 3455 caeno
303 3392 414 3455 Marius
436 3395 528 3456 iacuit
550 3411 708 3474 cannaque·
725 3395 870 3476 palustri,

174 3481 303 3543 Pertulit
325 3489 356 3543 et
377 3490 459 3543 tanto
482 3481 574 3544 multa
596 3482 734 3562 pudenda
757 3486 838 3545 riro.

131 3569 219 3633 Ludit
240 3572 272 3631 in
295 3570 432 3632 humanis
456 3569 552 3633 divina
575 3574 706 3651 potentia
729 3570 837 3649 rebus,
