2467 4042
350 265 698 342 u‚11,1-12,18.
991 269 1033 335 85

130 423 264 500 Impleat
279 423 332 482 illa
348 428 417 482 tuos
433 419 542 481 lortior
556 435 633 479 aura
647 421 743 481 sinus.

85 510 163 569 lum
177 522 264 567 mare
285 508 317 566 in
332 506 411 566 haee
426 519 555 579 magnus
573 504 724 578 proclinet
738 505 827 566 litora
839 504 972 579 Nereus,

54 604 80 655 it
131 592 201 652 Huc
219 592 304 651 venti
320 591 454 666 spirent,
474 588 535 648 huc
551 597 623 662 agat
638 595 743 649 aestus
758 604 866 666 aquus.

11 738 12 741 ,
86 677 162 753 Ipsa
176 692 288 751 roges,
312 672 442 751 zephyri
459 672 582 733 veniant
597 673 628 733 in
644 674 738 734 lintea
752 675 827 747 soli,

128 762 207 837 lpsa
221 766 274 820 tua
291 774 421 819 moveas
435 757 556 832 turgida
571 759 642 818 vela
658 774 760 819 manu.

85 844 209 905 Primus
225 859 284 919 ego
302 843 453 919 aspiciam
467 849 571 901 uotam
587 842 627 902 de
642 842 731 902 litore
746 844 891 921 puppim,

126 929 168 989 Et
183 929 287 989 dicam
301 930 441 988 ‘nostros
456 925 582 987 advehit
595 924 648 987 illa
666 928 775 988 deos’a

56 1013 318 1089 ltExcipiamque
333 1011 463 1084 umeris,
485 1017 515 1071 et
527 1012 624 1071 multa
639 1011 706 1071 siue
722 1011 831 1073 ordine
845 1029 970 1089 carpam

131 1096 257 1158 Oscula.
283 1113 342 1173 pro
357 1096 458 1156 reditu
473 1095 595 1155 victima
609 1102 683 1157 vota
697 1097 797 1158 cadet.

87 1182 185 1259 lnque
200 1181 261 1241 tori
277 1183 406 1241 formam
422 1181 530 1241 molles
545 1186 719 1242 stamentur
733 1182 884 1257 harenae,

128 1267 167 1326 Et
181 1267 318 1330 tumulus
334 1281 460 1325 mensae
476 1264 602 1340 quilibet
617 1263 715 1326 instar
729 1266 794 1327 erit.

89 1352 152 1413 lllic
166 1350 314 1427 adposito
330 1348 469 1409 narrabis
485 1349 578 1408 multa
591 1349 699 1425 lyaeo:

57 1443 86 1497 5⁰
132 1435 237 1495 Paene
252 1435 293 1494 sit
307 1442 340 1494 ut
354 1434 464 1494 mediis
480 1433 588 1493 obruta
602 1434 692 1494 navis
707 1431 813 1509 aquis,

91 1520 232 1595 Dumque
243 1520 284 1578 ad
296 1534 345 1578 me
353 1533 514 1594 properas,
527 1533 628 1593 neque
639 1517 765 1592 iniquae
771 1524 912 1594 tempora
921 1518 1022 1580 noctis

129 1604 194 1663 Nee
210 1611 240 1662 te
255 1603 442 1679 praecipites
458 1601 637 1662 extimuisse
652 1610 753 1662 notos.

94 1687 198 1748 Omnia
214 1703 272 1763 pro
284 1686 368 1747 veris
384 1687 523 1760 credam,
545 1687 607 1745 sint
620 1686 693 1747 deta
706 1686 818 1749 licebit.

132 1773 192 1833 cur
209 1787 269 1846 ego
283 1788 346 1832 nou
361 1770 443 1832 votis
458 1769 600 1830 blandiar
614 1770 684 1845 ipse
700 1771 798 1831 meist

59 1855 175 1916 sollaec
190 1856 266 1916 mihi
282 1854 507 1931 quampnmum
522 1856 608 1915 caelo
625 1854 827 1916 nitidissimus
844 1857 905 1915 alto

129 1940 254 2001 Lucifer
267 1937 406 2000 admisso
425 1945 566 2015 tempora
579 1943 683 2015 portet
697 1955 788 2014 equo.

32 2068 74 2161 12
95 2068 143 2165 [te
158 2105 362 2180 triumphales
375 2104 488 2164 circum
502 2121 572 2165 mea
586 2112 726 2181 tempora
739 2102 855 2167 laurus.

132 2190 282 2250 Vicimus.
314 2188 345 2248 in
361 2195 469 2248 nostro
484 2195 532 2248 est
547 2205 621 2249 ecee
637 2188 769 2250 Corinna
783 2191 867 2264 sinu,

96 2273 187 2348 Quam
200 2274 264 2348 vir,
280 2288 373 2347 quam
388 2279 510 2347 custos,
526 2289 619 2348 quam
633 2274 725 2334 ianua
740 2275 843 2349 firma,
857 2279 903 2336 tot
911 2274 1028 2348 hostes,

135 2356 321 2432 Servabant,
346 2371 449 2432 nequa
463 2364 571 2431 posset
586 2358 625 2418 ab
642 2366 706 2419 arte
722 2360 801 2434 capi.

71 2441 173 2502 illaec
188 2447 238 2502 est
251 2440 420 2516 praecipuo
436 2440 565 2502 victoria
579 2442 674 2518 digna
687 2443 857 2519 triumpho,

134 2527 168 2586 ln
186 2542 261 2601 qua,
285 2540 498 2602 quaecumque
513 2533 576 2601 est,
598 2527 748 2602 sanguine
763 2528 880 2604 praeda
895 2535 987 2589 caret.

96 2609 160 2669 Nou
173 2609 305 2670 humiles
319 2609 414 2683 muri,
433 2626 495 2670 uon
512 2611 615 2687 parvis
632 2612 749 2688 oppida
763 2611 858 2673 fossis

138 2693 256 2768 Cinam,
276 2694 334 2756 sed
349 2700 397 2753 est
412 2694 505 2755 ductu
522 2702 613 2771 capta
627 2696 730 2770 puella
744 2712 823 2757 meo.

11 2794 12 2807 ¹
97 2776 242 2854 Pergama
255 2793 323 2838 cum
339 2777 484 2838 caderent
497 2779 578 2838 bello
594 2787 741 2855 superata
755 2781 875 2842 bilustri
884 2806 895 2854 ,-

62 2872 91 2925 lo
138 2863 187 2922 Ex
201 2869 245 2922 tot
256 2863 287 2922 in
301 2862 419 2923 Atridis
435 2878 508 2937 pars
524 2869 620 2939 quota
636 2863 735 2926 laudis
751 2871 837 2926 erat?

97 2950 135 3007 At
148 2962 221 3006 mea
239 2948 377 3024 seposita
390 2954 439 3007 est
453 2955 483 3007 et
497 2949 535 3008 ab
552 2948 634 3009 omni
651 2949 745 3009 milite
760 2950 879 3010 dissors

137 3030 254 3104 Gloria,
274 3047 331 3093 nec
345 3031 465 3092 titulum
479 3033 615 3094 muneris
630 3035 706 3094 alter
719 3034 822 3095 habet.

95 3115 144 3176 lle
164 3114 244 3175 duee
257 3117 295 3177 ad
308 3116 390 3176 hanc
405 3116 468 3177 voti
482 3116 590 3191 linem,
612 3134 662 3177 me
676 3119 770 3179 milite
783 3120 868 3179 veni=

137 3202 214 3276 lpse
227 3216 333 3278 eques,
350 3201 419 3276 ipse
434 3201 547 3277 pedes,
572 3202 700 3277 signifer
714 3203 783 3278 ipse
798 3203 849 3263 lui.

62 3294 90 3347 15
98 3285 160 3345 lies
176 3299 279 3346 casum
293 3288 416 3347 fortuna
429 3286 506 3346 meis
520 3286 675 3346 inmiscuit
690 3285 777 3347 actis.

11 3414 12 3435 r
137 3369 209 3430 Huc
222 3370 309 3448 ades,
331 3387 349 3431 o
371 3385 446 3430 cura
461 3378 547 3446 parte
560 3367 724 3447 Triumphe
738 3380 822 3431 mea!

11 3462 12 3473 ¹
98 3454 160 3516 llee
174 3451 245 3514 belli
257 3461 303 3516 est
316 3471 399 3517 nova
415 3470 511 3517 causa
523 3456 593 3516 mei.
620 3455 685 3516 Nisi
700 3462 787 3532 rapta
804 3455 914 3516 luisset

137 3538 302 3616 Tyndaris,
323 3540 467 3614 Europae
482 3558 545 3617 pax
558 3540 718 3615 Asiaeque
732 3542 820 3601 foret,

837 3630 874 3683 3*
