2467 4042
472 324 532 391 677
547 361 584 372 -
602 325 673 389 752.
1024 327 1086 389 ‘249

53 492 118 550 lla
129 482 294 557 Exiguum
308 478 372 554 cst,
395 479 479 556 quod
493 479 605 540 deinde
620 496 738 540 canam.
760 482 816 541 sed
833 482 946 557 profuit
961 481 1033 543 illud

180 566 337 641 Exiguum
353 564 466 623 multis.
489 563 647 638 inquibus
663 564 732 640 ipse
747 564 799 624 lui.

136 650 266 725 Scripta
281 663 359 708 cave
373 648 494 721 relegas
507 646 640 707 blandae
655 656 779 709 servata
794 649 929 724 puellae:

183 730 361 794 constantis
377 731 498 790 animos
513 731 627 806 scripta
641 733 756 791 relecta
771 739 903 793 movent.

137 816 252 879 Omnia
267 831 350 891 pone
365 814 463 888 leros,
484 815 626 888 quamvis
641 815 770 889 invitus,
792 814 823 876 in
838 816 934 891 ignes,

63 911 126 968 tau
179 902 221 960 Et
235 899 286 958 dic
300 898 434 958 'ardoris
449 897 489 960 sit
502 912 596 973 rogus
611 898 669 958 iste
683 900 765 958 mei!

137 984 283 1044 Thestias
298 981 458 1041 absentem
472 982 632 1041 succendit
646 982 749 1057 stipite
763 989 881 1042 natum=

183 1069 232 1128 'l'u
244 1066 349 1126 timide
364 1063 505 1125 flammae
521 1066 640 1127 perfida
655 1067 749 1125 verba
765 1065 874 1127 dabisa

140 1151 175 1211 Si
192 1157 299 1227 potes,
322 1156 353 1208 et
367 1164 455 1208 ceras
472 1165 607 1209 remove.
631 1150 705 1223 quid
721 1149 852 1224 imagine
867 1156 949 1209 muta

184 1232 353 1309 Carperist
372 1231 433 1294 hoc
449 1232 537 1308 periit
550 1233 717 1294 Laodamia
733 1235 836 1295 modo.

68 1329 128 1384 η’»
138 1319 180 1379 Et
196 1320 267 1378 loca
280 1323 365 1377 muta
379 1322 499 1377 nocent.
524 1317 618 1392 lugito
634 1320 703 1377 loca
718 1318 844 1377 conscia
859 1319 952 1379 vestri

187 1399 386 1462 concubitus.
409 1414 522 1460 causas
537 1400 590 1460 illo
604 1401 720 1462 doloris
738 1400 860 1464 habent.

141 1486 214 1545 ‘Hic
228 1482 297 1557 mit,
320 1483 370 1544 hic
385 1482 497 1543 cubuit.
520 1483 653 1544 thalamo
668 1484 867 1545 dormivimus
881 1486 948 1545 illo:

186 1568 244 1629 Hic
261 1566 334 1628 mihi
349 1566 465 1628 lasciva
481 1568 595 1642 gaudia
608 1576 698 1629 nocte
713 1568 821 1629 dedit?

141 1651 315 1714 Admonitu
327 1650 487 1711 refricatur
501 1667 601 1724 amor,
626 1654 800 1726 vulnusque
812 1663 956 1715 novatrun

72 1746 130 1802 tao
185 1735 350 1797 Scinditur.
373 1733 501 1794 infirmis
516 1750 609 1795 causa
626 1736 737 1810 pusilla
752 1742 850 1796 uocet

140 1820 184 1881 Ut
198 1834 299 1896 paene
314 1818 481 1879 extinctum
495 1818 628 1879 cinerem
644 1818 672 1880 si
686 1820 812 1895 sulpure
825 1826 941 1897 tangas,

187 1903 280 1963 Vivet
294 1907 326 1962 et
339 1917 357 1961 a
370 1900 494 1961 minimo
511 1903 661 1963 maximus
677 1903 756 1978 ignis
770 1903 834 1975 erit,

80 1989 85 1997 ’
142 1987 212 2060 Sic,
233 1985 294 2047 nisi
309 1984 415 2046 vitaris
430 1984 579 2059 quidquid
595 1987 756 2047 renovabit
769 2003 913 2061 amorem,

187 2070 324 2130 Flamma
336 2068 548 2139 redardesoet‚
572 2086 652 2145 quae
666 2071 759 2132 modo
775 2072 857 2131 nulla
872 2073 935 2133 luit.

79 2164 130 2219 135
140 2153 311 2229 mgohdes
326 2159 472 2228 cuperent
486 2153 604 2228 fugisse
620 2154 778 2230 capharea
792 2170 923 2232 puppes,

187 2237 307 2312 Teque,
330 2251 443 2311 senex,
462 2239 562 2298 luctus
580 2238 702 2313 ignibus
721 2241 781 2300 ulte
798 2246 878 2300 tuos.

145 2321 312 2382 Praeterita
326 2327 434 2381 cautus
448 2319 573 2381 Niseide
588 2322 691 2381 navita
704 2323 826 2402 gaudet.

186 2403 232 2465 Tu
247 2404 319 2465 loca
334 2419 415 2479 quae
430 2402 553 2465 nimium
566 2413 654 2480 grata
668 2408 768 2480 luere,
791 2422 876 2467 cave.

144 2489 232 2548 Haec
248 2486 303 2549 tibi
317 2486 378 2547 sint
391 2486 508 2567 Syrtes.
531 2488 609 2550 haec
623 2490 851 2551 Acroceraunia
867 2492 944 2552 vita:

81 2579 133 2635 tto
188 2572 245 2631 llic
261 2571 356 2631 vomit
370 2579 479 2646 epotas
494 2571 561 2633 dira
576 2572 749 2653 Charybdis
766 2590 873 2649 aquas.

146 2655 226 2716 Sunt
240 2671 322 2730 quae
336 2670 398 2715 uon
416 2662 548 2731 possunt
562 2656 665 2730 aliquo
682 2666 810 2733 cogente
825 2659 932 2735 iuberi,

189 2738 294 2815 Saepe
308 2745 409 2799 tamen
424 2756 500 2802 casu
514 2741 595 2801 lacta
609 2739 716 2801 iuvare
730 2743 839 2802 solent.

92 2822 257 2883 -Perdat
271 2838 349 2897 opes
362 2822 517 2897 Phaedra,
540 2840 665 2900 parces,
685 2826 838 2901 Neptune,
862 2827 977 2902 nepoti,

92 2941 134 2951 —
186 2906 250 2967 Nec
265 2906 356 2966 faciet
371 2907 502 2982 pavidos
519 2913 624 2968 taurus
638 2910 738 2969 avitus
752 2926 862 2984 equos.

85 2997 133 3053 lto
144 2989 285 3051 Gnosida
300 2990 430 3051 fecisses
444 2991 582 3067 inopem,
606 2994 760 3068 sapienter
773 3003 915 3055 amasset.

190 3074 313 3135 Divitiis
328 3074 418 3136 alitur
433 3076 608 3136 luxuriosus
623 3092 717 3137 amor.

148 3158 208 3220 cur
222 3174 313 3219 nemo
328 3164 390 3234 cst,
406 3159 556 3232 Hecaten,
579 3161 734 3234 palaest,
755 3178 836 3237 quae
851 3164 967 3238 ceperit
981 3164 1068 3221 lront

188 3242 306 3318 Nempe
321 3243 404 3315 quod
419 3243 495 3304 alter
510 3259 621 3318 egens,
643 3246 739 3305 altera
753 3261 871 3321 pauper
885 3254 958 3306 erat.

146 3325 214 3387 Non
231 3325 339 3397 habet,
363 3326 446 3388 unde
459 3342 548 3387 suum
565 3336 731 3403 paupertas
747 3337 855 3404 pascat
869 3347 1012 3391 amorem.

84 3414 136 3473 lto
187 3409 256 3470 Non
273 3416 374 3469 tamen
388 3409 449 3470 hoc
462 3411 536 3472 tanti
550 3419 612 3485 est,
632 3428 751 3487 pauper
763 3420 797 3473 ut
810 3429 883 3475 essa
898 3415 985 3475 vetis.

147 3493 189 3554 At
202 3493 278 3554 tanti
295 3493 349 3553 tibi
365 3494 418 3569 sit,
440 3510 503 3555 non
518 3494 678 3571 indulgere
692 3495 824 3569 theatris,

73 3631 80 3644 ,
189 3577 269 3638 Dum
282 3576 363 3637 bene
376 3579 416 3638 de
430 3593 528 3638 vacuo
543 3587 668 3654 pectore
683 3580 773 3641 cedat
789 3597 885 3641 amor.
