2467 4042
418 268 466 318 111.
487 270 635 322 att-615.

51 436 100 487 660
155 427 296 508 Asperior
319 433 423 510 quinus
446 449 574 512 aequore
597 433 690 494 lrater
713 441 793 496 erat.

111 512 165 576 Est
186 535 279 597 prope
302 522 435 598 piscosos
458 519 582 599 lapidosi
604 520 753 582 Crathidis
776 539 876 583 amnes

153 602 265 666 Parvus
289 624 358 686 ager
369 654 379 688 ,
404 607 547 670 Cameren
569 609 666 670 incola
689 608 775 671 turba
798 619 899 672 vocat:

111 690 182 753 llluc
206 711 313 755 cursus
336 704 421 756 erat.
462 714 518 757 nec
541 697 657 776 longius
681 698 755 759 aluit
776 699 863 778 inde,

153 779 247 851 Quam
271 792 413 862 quantum
436 787 538 846 novies
561 789 679 847 mittere
702 785 792 847 frunda
815 794 929 865 potest:

48 878 96 928 585
109 866 176 929 Vela
200 869 311 932 cadunt
332 874 429 952 primo
452 882 482 934 et
505 872 593 934 dubia
616 873 762 935 librantur
785 874 821 935 ab
844 892 932 936 aura.

153 952 286 1021 ‘Findite
309 956 450 1040 remigio'
475 964 571 1022 narita
593 961 668 1024 dixit
691 957 831 1042 ‘aquasl'

109 1044 243 1125 Dumque
266 1055 371 1127 parant
394 1057 472 1111 torto
496 1049 664 1111 subducere
688 1051 808 1112 carbasa
830 1050 907 1132 lino,

151 1133 323 1198 Pereutitur
345 1137 447 1217 rapido
470 1141 578 1219 puppis
601 1139 715 1201 adunca
737 1147 825 1220 noto,

109 1221 200 1302 Inque
223 1232 328 1304 patens
351 1243 485 1306 aequor,
508 1228 617 1289 frustra
642 1236 792 1306 pugnante
815 1229 972 1307 magistro,

44 1319 95 1370 eeu
152 1309 283 1392 Fertur,
306 1321 396 1374 etex
419 1315 513 1375 oculis
536 1317 597 1376 visa
621 1317 732 1394 refugit
753 1315 879 1378 humus.

108 1396 255 1461 hdsiliunt
276 1400 408 1482 lluctus,
431 1405 550 1481 imoque
574 1421 591 1462 a
613 1406 730 1482 gurgite
753 1411 862 1482 pontus

153 1485 307 1570 Vertitur,
330 1497 362 1551 et
383 1507 471 1551 canas
494 1489 593 1551 alveus
615 1490 716 1551 haurit
738 1509 847 1569 aquas.

109 1571 256 1651 [Vincitur
278 1595 326 1639 ars
349 1585 458 1639 vento.
499 1595 555 1639 nec
577 1580 636 1638 iam
658 1577 827 1640 moderator
850 1577 972 1640 habenis

152 1663 274 1748 Utitur,
297 1675 348 1727 aut
370 1668 446 1728 votis
467 1666 514 1727 his
538 1684 656 1747 quoque
680 1670 777 1746 poscit
799 1685 885 1747 opem
897 1666 918 1744 .]

43 1761 94 1813 696
108 1751 236 1815 lactatur
260 1755 388 1817 tumidas
411 1754 479 1817 exul
501 1754 662 1817 Phoenissa
684 1774 739 1836 per
762 1755 874 1837 undas,
968 1768 1025 1818 (100)

151 1842 314 1924 Umidaque
337 1846 471 1924 opposita
493 1845 604 1906 lumina
628 1853 708 1906 veste
732 1846 822 1925 tegit.

60 1937 62 1942 '
107 1932 192 1995 'lunc
214 1935 343 2014 primum
367 1932 440 1994 Dido
464 1933 533 1995 ielix
556 1940 602 1996 est
625 1934 703 1996 dieta
726 1935 823 1995 sorori

151 2021 190 2084 Et
212 2024 416 2105 quaecumque
440 2024 565 2105 aliquam
589 2043 715 2105 corpore
737 2026 848 2104 pressit
870 2023 1010 2085 humum.

106 2110 222 2191 Figitur
245 2115 282 2176 ad
304 2113 436 2176 Laurens
459 2116 582 2193 ingenti·
595 2115 713 2175 flamine
736 2113 806 2174 litus

38 2212 92 2264 600
151 2201 286 2284 Puppis,
309 2211 339 2264 et
361 2205 502 2284 expositis
525 2203 662 2264 erunibus
685 2201 790 2263 hausta
813 2202 907 2280 perit.

106 2287 168 2350 lam
190 2294 258 2370 pius
281 2291 395 2352 Aeneas
418 2309 510 2371 regno
534 2300 660 2370 nataque
683 2289 781 2351 Latini

152 2379 265 2440 hactus
288 2388 352 2440 erat
363 2427 373 2461 ,
396 2380 522 2459 populos
545 2382 763 2458 miscueratque
787 2378 879 2439 duos.

107 2465 208 2528 Litore
232 2466 322 2529 dotali
344 2469 408 2529 solo
431 2470 586 2530 comitatus
610 2467 720 2529 Achate

153 2554 307 2617 Secretum
331 2557 410 2617 nudo
434 2556 504 2616 dum
527 2556 602 2636 pede
626 2557 721 2634 carpit
742 2556 817 2634 iter,

36 2654 92 2706 606
107 2643 223 2723 Aspicit
244 2651 415 2725 errantem,
439 2661 495 2706 nec
518 2644 641 2706 credere
665 2646 794 2705 sustinet
815 2642 929 2704 hunam

153 2731 248 2794 Esse.
290 2733 361 2812 quid
383 2735 415 2794 in
437 2731 537 2795 Latios
559 2733 608 2794 illa
631 2735 746 2794 veniret
769 2727 881 2813 agros?

106 2819 308 2883 llum-seeum
332 2821 468 2903 leneas,
491 2818 587 2883 ‘huna
610 2817 689 2883 esti'
717 2821 860 2883 exclamat
882 2820 1030 2882 Achates,

151 2909 194 2970 hd
218 2928 326 2971 nomen
349 2909 445 2972 voltus
469 2908 590 2972 sustulit
611 2910 661 2972 illa
683 2928 771 2972 suos.

107 2998 173 3068 Quo
192 2994 313 3078 fugiat?
340 2998 411 3079 quid
431 2995 525 3078 agat?
552 3017 627 3079 quos
646 3009 744 3061 terrae
764 3005 888 3078 quaerat
905 2992 1030 3057 hiatus?

34 3098 93 3150 616
152 3086 227 3147 Ante
251 3086 353 3147 oculos
376 3089 501 3149 miserae
525 3088 583 3148 lata
606 3089 719 3148 sororis
743 3093 845 3147 erant.

108 3172 230 3256 Sensit,
253 3183 282 3234 et
306 3173 475 3253 adloquitur
497 3174 643 3254 trepidam
666 3174 841 3254 Cythereius
864 3172 973 3254 heros3

153 3260 219 3322 Flet
240 3269 339 3323 tamen
362 3262 512 3325 admonitu
536 3272 657 3343 motus,
680 3262 797 3344 Elissa,
820 3264 882 3322 tui:

107 3344 225 3430 ‘Anna,
248 3350 401 3429 perhanc
423 3353 512 3432 iuro,
536 3370 623 3431 quam
643 3350 791 3431 quondam
814 3349 916 3411 audire

656 3437 771 3500 solebas

152 3526 385 3587 Tellurem‘lato
408 3529 597 3607 prosperiore
621 3527 701 3607 dari,

31 3629 90 3680 616
105 3615 224 3697 Perque
248 3615 320 3677 deos
343 3617 490 3696 comites,
511 3616 567 3677 hac
590 3633 686 3695 nuper
710 3614 779 3676 sede
802 3614 930 3695 locatos,

812 3718 866 3771 18*
