2467 4042
183 238 246 300 240
566 237 733 298 REMED.
754 238 829 297 AM.

269 388 371 449 Fortia
384 388 526 448 Maeonio
541 389 676 465 gaudent
689 389 770 464 pede
783 389 864 448 bella
877 390 995 450 relerri.

312 473 434 533 Deliciis
449 472 510 532 illic
525 472 593 548 quis
610 474 699 532 locus
714 486 786 532 esse
802 479 925 547 potesta

205 564 258 620 375
270 557 390 616 Grande
406 561 516 615 sonant
527 554 644 629 tragici.
667 554 800 629 tragicos
815 556 905 617 decet
918 556 963 616 ira
977 557 1170 620 cothurnos.

311 638 426 701 Usibus
441 654 459 699 e
473 638 581 697 mediis
597 654 708 699 soccus
724 637 884 699 habendus
899 642 964 699 erit.

269 723 360 783 Liber
374 722 404 782 iu
419 723 570 782 adversos
585 722 692 782 hostes
708 722 872 796 stringatur
886 722 1014 798 iambus

311 806 373 867 Seu
389 806 484 878 celer,
505 813 673 866 extremum
688 821 743 866 seu
758 806 857 866 trahat
870 806 920 866 ille
934 807 1055 882 pedam.

268 890 386 950 Blanda
401 888 590 963 pharetratos
604 889 721 965 elegeia
735 897 835 950 cantet
848 891 988 963 Amores,

204 982 256 1035 380
307 973 346 1033 Et
359 973 437 1032 levis
452 972 573 1033 arbitrio
590 973 675 1032 ludat
688 973 785 1032 amica
799 989 867 1033 suo.

269 1055 442 1115 Callimachi
457 1055 589 1116 numeris
604 1073 667 1116 non
682 1063 729 1116 est
743 1056 892 1116 dicendus
907 1056 1054 1117 Achilles.

310 1139 451 1215 Cydippe
465 1155 525 1198 nou
541 1146 587 1200 est
604 1140 681 1213 oris,
700 1140 846 1213 Homere,
868 1140 921 1199 tui.

268 1221 341 1296 Quis
359 1223 435 1283 leret
448 1223 681 1283 Andromaches
698 1231 892 1298 peragentem
908 1222 1023 1283 Thaida
1041 1231 1176 1298 pertesi

309 1305 433 1379 Peccat,
456 1306 486 1365 in
501 1306 716 1366 Andromache
730 1306 846 1366 Thaida
863 1305 1003 1382 quisquis
1021 1316 1105 1382 agat.

204 1397 255 1451 385
266 1387 357 1448 Thais
372 1390 402 1448 in
418 1396 482 1450 arte
496 1405 574 1449 mea.
596 1390 724 1451 lascivia
736 1389 832 1449 libera
846 1397 950 1450 nostra
964 1397 1021 1450 est.

310 1471 357 1532 liii
372 1472 443 1531 mihi
459 1489 528 1532 cum
542 1474 631 1533 vitta:
653 1473 744 1533 Thais
759 1474 789 1532 in
804 1480 869 1533 arte
882 1489 950 1533 mea
964 1481 1020 1535 est.

269 1555 301 1616 Sl
316 1572 384 1614 mea
397 1556 542 1616 materiae
555 1558 724 1632 respondet
736 1557 826 1616 Musa
839 1557 973 1631 iocosae,

309 1639 461 1713 Vicimus,
483 1647 513 1699 et
527 1640 597 1700 ialsi
610 1640 743 1700 criminis
758 1647 825 1700 acta
839 1656 892 1700 rea
908 1646 965 1701 est.

267 1724 433 1798 Rumpere,
458 1724 550 1782 Livor
564 1724 654 1783 edax.
684 1739 825 1797 magnum
841 1723 899 1782 iam
915 1739 1025 1783 nomen
1041 1724 1200 1788 babemus

204 1814 257 1869 390
308 1806 407 1866 Maius
421 1807 491 1878 erit,
511 1813 626 1867 tantum
642 1822 703 1881 quo
718 1807 799 1881 pede
814 1807 929 1881 coepit,
952 1814 1010 1867 eat.

269 1890 329 1950 Sed
346 1890 468 1949 nimium
485 1906 643 1965 properas.
665 1890 766 1950 vivam
781 1891 888 1964 modo,
912 1892 999 1966 plura
1014 1891 1158 1956 dolebisr

309 1974 346 2031 Et
360 1974 482 2049 capiunt
494 1973 585 2033 animi
601 1974 735 2033 caunina
749 1975 840 2033 multa
855 1974 924 2033 mei.

266 2057 341 2116 Nam
358 2057 456 2130 iuvat,
478 2064 508 2117 et
523 2058 655 2118 studium
672 2058 770 2117 lamae
784 2057 856 2116 mihi
872 2057 967 2117 erevit
981 2058 1113 2120 honore.

308 2139 459 2216 Principio
476 2142 544 2201 clivi
559 2148 664 2201 noster
677 2141 797 2202 anhelat
812 2157 919 2217 equus.

203 2231 254 2286 395
265 2224 390 2284 Tantum
405 2239 440 2284 se
456 2225 544 2285 nobis
563 2225 640 2299 elegi
657 2225 769 2284 debere
783 2225 921 2296 latentur,

310 2308 456 2381 Quantum
474 2307 609 2384 Vergilio
627 2307 729 2368 nobile
747 2309 838 2368 debet
852 2323 940 2382 epos.

266 2390 420 2452 Hactenus
436 2391 567 2451 invidiae
581 2392 807 2467 respondimus.
829 2392 944 2452 attrahe
958 2391 1024 2452 lora

307 2474 440 2550 Fortius,
463 2483 493 2535 et
507 2492 585 2552 gyro
600 2491 702 2549 curre,
725 2482 830 2551 poeto,
853 2484 914 2535 tuo.

265 2558 346 2633 Ergo
361 2559 414 2619 ubi
429 2559 608 2620 concubitus
623 2566 747 2635 etopus
762 2559 904 2619 iuvenale
918 2564 1044 2634 petetur,

203 2650 253 2703 400
305 2643 342 2703 Et
356 2659 454 2718 prope
469 2644 641 2718 promissae
654 2650 791 2718 tempora
805 2643 904 2704 noctis
919 2650 1014 2714 erunt,

268 2726 384 2786 Gaudia
400 2742 439 2786 ne
454 2728 609 2802 dominae,
634 2728 724 2802 pleno
741 2726 768 2787 si
784 2734 907 2802 pectore
922 2742 1034 2798 sumes,

307 2811 349 2870 Te
364 2809 499 2886 capiant,
520 2810 606 2871 ineas
622 2810 787 2884 quamlibet
800 2818 883 2883 ante,
907 2808 1007 2870 velim.

266 2893 433 2966 Quamlibet
447 2894 600 2968 invenias,
622 2895 651 2953 iu
668 2911 729 2969 qua
743 2901 794 2954 tua
809 2895 906 2969 prima
919 2894 1060 2969 voluptas

307 2977 443 3037 Desinat.
465 2994 484 3036 a
499 2978 594 3052 prima
609 2978 748 3053 proxima
762 2979 866 3052 segnis
880 2976 944 3037 erit.

202 3068 252 3121 ibo
265 3058 439 3120 Sustentata
453 3077 551 3121 venus
566 3061 748 3136 gratissima.
770 3062 881 3137 frigore
896 3062 990 3136 soles,

308 3143 380 3204 Sole
395 3144 499 3205 iuvant
512 3144 653 3218 umbrae,
675 3153 761 3220 grata
774 3146 904 3206 litanda
917 3145 976 3205 siti.

263 3226 302 3286 Et
315 3229 423 3303 pudet,
444 3235 474 3287 et
489 3228 597 3287 dicam.
619 3245 761 3289 venerem
776 3244 901 3303 quoque
916 3226 1128 3303 tangebatur,

307 3309 372 3384 Qua
390 3310 511 3372 minime
524 3310 607 3388 iungi
624 3328 776 3389 quamque
791 3313 902 3373 decere
916 3318 1014 3388 putes.

264 3393 326 3453 liec
340 3394 427 3455 labor
439 3396 563 3456 elllcere
577 3403 635 3457 est.
656 3413 744 3457 rarae
761 3396 819 3456 sibi
832 3412 908 3457 vera
921 3395 1058 3471 latentur,

162 3540 166 3549 ,
201 3484 252 3538 110
303 3477 341 3537 Et
355 3479 428 3539 nihil
443 3486 504 3555 est,
526 3480 610 3555 quod
625 3497 660 3541 se
675 3481 858 3542 dedecuisse
873 3486 988 3557 putent.
