2467 4042
426 237 508 307 XIII,
528 244 686 295 ast-452.
789 257 893 296 uonna
995 238 1059 304 267

137 402 235 484 Saepe
256 403 357 465 ridere
379 410 496 483 patrem
517 411 715 466 monstratum
737 411 870 471 amatre
893 402 1007 468 solebat
1015 403 1037 483 .]

136 490 259 571 lamque
281 493 358 553 riam
381 491 486 554 suadet
507 490 636 574 boreas,
657 491 788 571 flatuque
810 493 942 555 seeundo

136 578 267 642 Carbasa
288 588 370 641 mola
392 587 521 661 sonant3
543 578 628 643 iubet
649 582 695 642 uti
717 582 813 642 carita
835 583 949 644 venda.
1061 578 1067 588 ’

54 681 119 731 440
136 665 262 750 ‘Troia,
284 666 369 729 ralel
392 662 537 748 rapimur’
559 668 709 752 clamant,
738 668 809 731 dani
838 668 939 731 oscula
961 677 1078 731 tarrae·

134 756 292 838 Troades,
315 763 346 817 et
367 758 480 836 pamiae
503 756 646 818 fumantia
668 764 747 819 tacta
768 756 958 837 relinquunt.

135 844 247 906 Ultima
270 843 444 906 conscendit
466 844 590 906 classem
602 892 612 926 ‚
635 843 804 907 miserabile
826 848 910 928 dau,

134 932 171 995 ln
195 932 302 995 medin
324 931 446 994 Hecuba
468 940 674 995 cetratorum
696 935 815 996 inventa
836 933 1020 1014 sepulchris:

132 1020 334 1082 Prousantem
355 1020 486 1083 tumulos
509 1028 597 1101 atque
621 1020 738 1083 ossibus
761 1021 862 1084 oscula
884 1021 1003 1084 dautem

55 1120 119 1171 42⁶
132 1108 290 1171 Dulichiae
311 1117 430 1171 manera
452 1126 580 1171 manus.
607 1118 708 1171 tamen
730 1111 820 1171 unius
841 1109 958 1192 hausit,

133 1197 232 1277 loque
255 1199 323 1259 sinu
345 1199 463 1259 cineres
485 1214 589 1260 secum
610 1198 680 1260 tulit
701 1197 839 1260 Hectoris
861 1198 1001 1261 haustos:
1082 1204 1090 1219 ⁶

133 1284 278 1347 Hectoris
297 1286 330 1347 in
352 1285 466 1347 tumulo
490 1302 596 1348 omum
620 1286 656 1347 de
679 1288 790 1348 verace
813 1288 945 1369 crinem,

134 1373 264 1436 lniaias
286 1376 391 1454 inopes
402 1419 413 1455 ,
435 1376 548 1436 crinem
571 1374 766 1455 lacrimasque
789 1373 926 1454 reliquit.

182 1461 237 1523 Est
248 1510 258 1543 ,
281 1460 334 1523 ubi
356 1461 445 1523 Troia
466 1462 525 1524 iuit
536 1509 546 1544 ,
567 1462 712 1543 Phrygiae
735 1464 884 1525 cornaria
904 1460 994 1524 tellm

59 1563 120 1613 430
133 1549 281 1611 Bistoniis
303 1548 433 1611 habitata
454 1552 548 1612 viris.
575 1549 787 1631 Polymestoris
809 1550 869 1612 illic

132 1638 231 1717 Regia
252 1637 334 1699 dives
357 1645 422 1699 erat
433 1684 443 1719 ,
465 1640 567 1700 cuiae
582 1640 739 1701 ‘commisit
761 1638 899 1701 alendum

135 1726 238 1807 Clam,
256 1724 418 1807 Polydoro,
436 1734 538 1808 pater,
555 1725 751 1807 Phrygiisque
764 1729 890 1789 remouit
903 1725 939 1788 ab
953 1728 1060 1808 armis;

134 1813 303 1877 Consilium
324 1816 465 1896 sapiens,
487 1813 610 1876 sceleris
632 1816 691 1876 nisi
712 1818 843 1895 praemia
864 1831 985 1895 magnas

134 1902 303 1964 Adiecisset
324 1919 418 1984 opes,
441 1903 531 1964 animi
552 1904 707 1964 irritamen
730 1905 830 1966 arari.

61 2003 120 2054 400
134 1990 179 2052 Ui
200 1990 309 2052 cecidit
330 1990 449 2052 lartum
469 1989 644 2073 Phrygum,
666 1992 745 2071 capit
766 1993 876 2071 impius
898 2008 1001 2053 ensem

135 2078 203 2141 llex
225 2077 395 2159 Thraciam,
416 2077 579 2158 iuguloque
602 2081 650 2141 sui
672 2078 791 2142 demisit
812 2078 941 2161 alumni3

135 2166 179 2228 Et
199 2172 349 2245 mam
370 2165 435 2228 tolli
457 2184 526 2227 cum
549 2183 675 2248 eorpora
698 2169 823 2229 erimina
844 2176 985 2249 possent,

136 2254 312 2317 Exenirrm
334 2254 457 2335 scopulo
479 2253 629 2317 subiectas
651 2257 733 2317 misit
752 2258 785 2317 in
807 2256 919 2317 undas.

135 2342 240 2404 litore
263 2342 401 2404 Threicio
425 2342 550 2405 classem
572 2343 713 2423 religarat
733 2341 869 2426 Atrides,

64 2445 123 2495 440
138 2431 218 2494 llum
239 2448 320 2492 mare
342 2438 502 2515 pacatum,
524 2431 596 2493 dum
617 2440 725 2494 ventus
747 2434 870 2494 amicior
892 2440 988 2494 esset.

137 2519 196 2580 ilie
218 2517 339 2602 subito,
361 2527 492 2599 quantus
514 2537 583 2581 cum
603 2521 718 2582 vireret
739 2537 806 2583 esse
829 2517 960 2602 solebat,

137 2607 208 2669 Exit
229 2606 319 2669 humo
341 2607 399 2677 late
422 2614 533 2690 rupta,
555 2607 719 2689 similisque
741 2610 868 2672 minanti

138 2695 296 2776 Temporis
317 2695 398 2757 illins
419 2695 534 2758 vultum
556 2695 707 2759 referebat
728 2696 875 2779 Achillas,

138 2783 207 2855 Quo
228 2784 312 2845 ierus
333 2786 444 2847 iniusto
467 2786 554 2865 petiit
575 2784 794 2864 Agamemnona
815 2785 915 2848 ferro:

66 2885 124 2937 440
140 2868 346 2934 ‘Inmemores'
369 2890 428 2952 que
451 2867 523 2933 ‘mei
544 2869 708 2935 disceditis'
730 2875 828 2954 inqrrit
850 2869 991 2935 ‘Achivii

140 2959 315 3040 Obrutique
337 2968 385 3022 est
406 2978 525 3023 meeum
545 2962 666 3023 virtutis
689 2963 783 3041 gratia
804 2958 951 3023 noemae?

59 3038 65 3047 ’
137 3047 184 3110 Ne
206 3045 317 3110 lactei
339 3056 433 3128 utque
456 3065 556 3111 meum
577 3066 639 3110 non
662 3050 702 3111 sit
723 3051 788 3110 sine
809 3049 924 3111 honore

851 3135 1059 3215 sepulchrum,

138 3224 240 3287 Placet
260 3223 409 3308 Achilleos
430 3231 556 3286 macuta
577 3223 726 3304 Polyxena
748 3218 880 3286 manea!

138 3312 241 3375 Dixit:
263 3320 316 3394 ct,
337 3313 434 3373 inmiti
456 3315 546 3374 sociis
567 3312 742 3395 parentibus
764 3311 905 3392 umbrae,

68 3413 126 3466 400
139 3400 234 3482 liapla
255 3401 324 3462 siun
345 3402 471 3483 matris,
494 3417 582 3480 mam
603 3402 663 3462 iam
685 3419 779 3482 prope
802 3399 864 3461 sola
886 3396 1020 3482 fovebat,

137 3490 237 3552 Portis
259 3497 291 3551 et
311 3488 414 3551 infelix
437 3497 468 3551 et
488 3488 556 3569 plus
579 3506 668 3568 mam
691 3490 801 3551 lomina
821 3489 905 3568 virgo

137 3576 265 3640 Pueitm
283 3576 320 3640 ad
342 3576 511 3658 tumulum,
534 3578 661 3657 diroque
682 3578 716 3639 flt
737 3576 834 3639 hostia
856 3574 963 3639 busto.
