2467 4042
312 259 318 268 ·
435 235 484 286 111.
504 236 652 286 eoa-336.
979 227 1044 294 267

56 411 112 464 300
170 398 235 460 Huc
258 397 360 475 venit,
383 403 414 457 et
435 395 523 457 Fonti
545 413 599 458 rex
621 395 716 457 Numa
739 402 847 456 mactat
870 411 972 457 ovem:

126 486 274 564 Plenaque
298 484 413 545 odorati
436 482 694 565 disponitpocnla
717 482 844 564 Bacchi,

169 573 303 652 Cumque
326 573 390 633 suis
413 579 498 633 antro
522 570 659 633 conditus
682 573 747 651 ipsc
770 569 858 632 latet.

9 654 10 659 ’
125 662 169 723 td
193 661 295 722 solitos
317 661 441 721 veniunt
464 658 610 720 silvestria
633 661 754 721 numina
778 659 892 741 lontes,

169 748 208 810 Et
230 747 363 809 relevant
384 746 477 808 multo
500 754 621 826 pectora
644 748 723 808 sicca
745 764 845 807 mero.

57 850 111 902 300
127 837 198 899 Vina
222 838 308 915 quies
331 838 488 915 sequitur.
524 834 621 914 gelido
644 832 740 895 Numa
761 832 862 914 prodit
884 830 920 894 ab
941 840 1044 914 antro,

9 994 10 999 ἵ
169 923 330 1003 Vinclaque
353 925 464 1003 sopitas
486 923 567 986 addit
589 925 620 984 in
644 929 707 983 arta
729 939 852 984 manus.

126 1013 254 1075 Somnus
277 1020 312 1073 ut
333 1010 499 1092 abscessit,
522 1010 681 1091 pugnaudo
703 1010 820 1072 vincula
843 1016 989 1090 temptant
1084 1073 1087 1077 ,

9 1162 10 1179 2
168 1101 342 1180 Rumpere:
373 1107 540 1180 pugnantes
563 1099 671 1160 lortius
692 1098 742 1160 illa
766 1108 886 1160 tenent.

9 1192 10 1197 ’
123 1189 208 1251 Tunc
230 1188 343 1250 Numae
370 1183 415 1250 ‘di
438 1205 616 1267 nemorum,
639 1187 726 1249 lactis
747 1189 892 1268 ignoscite
915 1186 1045 1266 nostris,

56 1292 110 1342 310
170 1277 203 1339 Si
225 1277 323 1338 scelus
344 1278 464 1356 ingenio
487 1278 570 1338 scitis
592 1275 697 1336 abesse
720 1292 805 1356 meo;
892 1343 897 1350 ,

126 1365 251 1444 Quoque
275 1363 362 1424 modo
384 1365 480 1443 possit
502 1363 637 1444 lnlmen,
660 1372 845 1443 monstrate,
868 1356 977 1442 piari.'

9 1496 10 1535 q
170 1451 220 1513 Sic
242 1449 359 1511 Numa.
400 1452 443 1511 sic
467 1453 603 1530 quatiens
626 1468 737 1511 cornua
760 1450 880 1511 Faunus
903 1452 961 1511 ait:

9 1542 10 1551 ’
125 1535 245 1619 ‘Magna
266 1540 344 1618 petis
356 1582 366 1618 ,
389 1554 445 1598 nac
467 1554 542 1616 qnae
564 1539 681 1599 monitu
704 1537 759 1599 tibi
781 1537 897 1599 discere
920 1545 1023 1598 nostro

169 1627 226 1689 Fas
248 1628 310 1688 sit.
351 1623 461 1686 habent
482 1626 549 1686 linis
572 1627 694 1687 numina
717 1634 818 1687 nostra
842 1642 930 1687 suos.

58 1726 111 1782 310
125 1716 160 1777 lii
183 1733 287 1779 sumus
310 1721 441 1795 agrestes
465 1715 571 1793 etqui
594 1713 781 1775 dominemur
803 1716 835 1776 in
857 1713 925 1776 altis

169 1803 340 1865 Montibus.
382 1800 538 1863 arbitrium
561 1805 661 1863 estin
685 1820 738 1864 sua
760 1802 818 1864 tela
841 1802 919 1862 lovi.

124 1892 212 1954 Hunc
235 1900 267 1953 tn
291 1908 351 1951 non
373 1891 486 1970 poteris
508 1907 562 1970 per
585 1897 615 1951 te
639 1889 787 1954 deducere
811 1890 910 1970 caelo,

169 1982 206 2043 tt
228 1980 341 2061 poteris
363 1987 464 2039 nostra
487 1978 611 2040 forsitan
635 1996 708 2040 usus
730 1975 822 2059 ope.'

124 2069 245 2133 Dixerat
267 2069 341 2129 haec
363 2066 505 2128 Faunus.
545 2084 598 2146 par
622 2076 669 2128 est
691 2068 838 2129 sententia
860 2065 942 2127 Pici.

58 2172 110 2223 320
170 2152 292 2218 ‘lieme'
316 2165 414 2216 tamen
438 2149 540 2215 ‘nobis
563 2153 679 2216 vincula
693 2149 717 2235 ,'
741 2155 830 2217 Picus
853 2156 895 2215 ait

125 2243 274 2327 ‘luppiter
297 2243 356 2305 huc
379 2244 499 2323 veniet,
521 2242 616 2304 valida
638 2243 803 2323 perductus
825 2241 861 2304 ab
885 2250 966 2304 arte.

168 2332 437 2412 Nubilapromissi
460 2330 532 2409 Styx
554 2330 628 2391 mihi
651 2334 736 2392 testis
759 2325 852 2392 enit.2

124 2422 234 2484 Emissi
257 2421 371 2501 laqueis
390 2418 465 2499 quid
489 2426 597 2500 agant,
622 2436 698 2499 quae
720 2421 851 2481 carmina
875 2418 991 2499 dicant,

170 2510 294 2589 Quaque
316 2507 434 2569 trahant
456 2509 574 2586 superis
597 2506 719 2569 sedibus
741 2515 805 2569 arte
828 2506 944 2589 lovem,

58 2613 111 2664 sto
126 2599 210 2660 Scire
233 2598 315 2659 neias
338 2595 471 2657 homini.
513 2594 600 2656 nobis
623 2613 763 2657 concessa
787 2603 931 2657 canentur

170 2687 310 2766 Quaeque
333 2686 383 2764 pio
405 2683 465 2745 dici
487 2686 562 2745 vatis
584 2681 622 2743 ab
645 2701 697 2744 ora
720 2684 806 2746 licet.

124 2776 255 2838 Elicinnt
277 2773 358 2835 caelo
382 2781 434 2853 te,
457 2772 612 2853 luppiter.
656 2772 735 2834 unde
758 2775 889 2834 minores

167 2864 254 2927 Nunc
277 2878 396 2943 quoque
419 2870 448 2922 te
471 2860 647 2941 celebrant,
669 2859 855 2942 Eliciumque
878 2867 1001 2922 vocant.

124 2954 246 3017 Constat
267 2952 430 3012 Aventinae
452 2951 611 3011 tremuisse
635 2951 787 3011 cacumina
810 2949 918 3030 silvae,

60 3055 112 3105 330
170 3042 322 3118 Terraque
345 3036 481 3100 subsedit
502 3037 636 3118 pondere
658 3055 762 3116 pressa
784 3036 878 3098 lovis.

125 3128 221 3191 Corda
243 3128 353 3188 micant
374 3127 477 3206 regis,
499 3135 622 3204 totoque
645 3143 662 3185 e
685 3142 811 3205 corpore
835 3124 955 3203 sangnis

169 3216 278 3295 Fugit,
302 3222 333 3274 et
354 3212 487 3273 hirsutae
510 3212 668 3291 deriguere
690 3229 809 3274 comae.
964 3199 971 3213 ⁰

126 3305 164 3367 Ut
186 3302 276 3366 rediit
297 3303 435 3380 animus,
459 3295 511 3360 ‘da
534 3307 615 3361 certa
638 3295 780 3380 piamina’
805 3299 879 3360 dixit

169 3392 336 3471 Fulminis,
359 3387 486 3450 altorum
509 3404 621 3466 rexque
644 3396 788 3467 paterque
811 3387 918 3466 deum,

59 3497 110 3548 330
126 3483 157 3545 Si
180 3492 231 3544 tua
254 3481 433 3559 contigimus
455 3475 592 3539 manibus
614 3475 736 3539 donaria
758 3478 860 3557 puris,

168 3571 230 3633 iloc
254 3586 396 3650 quoque,
419 3566 497 3648 quod
521 3566 634 3647 petitur
646 3613 656 3647 ‚
685 3567 781 3645 sipia
804 3565 904 3644 lingua
926 3558 1042 3644 rogat!
