2467 4042
114 815 553 932 METAMORPHOSPON
580 814 721 899 trouu
743 813 940 899 PRIMUS.

107 1059 246 1143 Innova
270 1083 331 1143 icrt
352 1082 468 1142 animus
491 1086 618 1141 mutatas
642 1078 742 1140 dicere
765 1079 876 1139 formas

110 1169 264 1249 Corpora.
288 1170 319 1231 di
331 1217 341 1251 ‚
361 1170 474 1249 coeptis
489 1185 686 1234 -nemvos
706 1169 899 1228 mutastis-
920 1165 1035 1227 otiliae

109 1258 264 1338 Adspirate
287 1259 384 1339 meis,
401 1258 556 1337 primaque
580 1255 616 1320 ab
640 1256 754 1334 origiue
772 1254 876 1316 mundi

111 1346 150 1406 td
173 1364 241 1408 mea
264 1353 446 1426 perpetuum
470 1343 608 1407 deducite
632 1353 765 1423 tempora
789 1361 926 1405 emman.

86 1435 184 1496 odnte
208 1452 293 1495 mare
317 1440 348 1495 et
369 1442 466 1495 terras
490 1441 520 1495 et
543 1432 623 1512 quod
646 1434 720 1511 tegit
743 1434 863 1513 omnia,
885 1430 999 1493 caelum

111 1521 189 1583 Unus
214 1530 281 1584 erat
304 1529 367 1583 toto
390 1530 514 1584 naturae
537 1520 637 1582 vultus
659 1522 691 1580 in
714 1518 805 1601 orbe,

113 1609 205 1680 Quem
228 1611 334 1672 dixere
358 1608 475 1691 Gba0s3
498 1609 583 1671 rudis
606 1608 812 1689 indigestaque
836 1608 929 1669 moles

111 1697 169 1759 Nee
191 1700 355 1779 quicquam
378 1699 435 1759 nisi
457 1697 575 1778 pondus
597 1699 680 1759 iners
708 1705 907 1777 congestaque
931 1695 1034 1758 eodem

114 1785 175 1847 Non
197 1785 277 1849 bene
300 1790 471 1848 iunctarum
493 1786 642 1848 discordia
665 1786 778 1847 semina
800 1803 920 1847 rerum.

75 1883 102 1934 to
113 1873 212 1937 Nullus
237 1875 336 1937 adhuc
358 1874 469 1936 mundo
492 1873 654 1955 praebebat
676 1874 787 1934 lumina
810 1872 915 1954 Titan,

113 1962 171 2024 Nec
192 1982 269 2025 nova
294 1962 458 2025 crescendo
482 1961 638 2043 reparabat
661 1980 773 2024 cornua
795 1960 933 2041 Phoebe,

116 2050 172 2113 Nec
194 2053 380 2115 circumfuso
403 2050 553 2131 pendebat
573 2054 605 2112 in
629 2055 698 2112 atre
721 2050 810 2112 telius

40 2193 46 2204 .
116 2138 300 2203 Ponderibus
323 2140 428 2202 librata
451 2142 537 2221 suis,
555 2158 612 2201 nec
636 2138 774 2200 bracchia
788 2138 875 2218 longo

117 2227 240 2309 Margine
265 2237 416 2291 terrarum
437 2236 613 2309 porrexerat
635 2228 830 2308 Mpbitrite.

79 2323 106 2373 to
116 2313 207 2397 thue
231 2325 298 2380 erat
321 2326 351 2379 ct
374 2316 462 2379 tellus
485 2316 546 2378 illic
568 2324 599 2377 et
620 2324 731 2397 pontus
754 2323 785 2377 et
807 2319 877 2397 aer,

119 2403 163 2465 Sic
184 2414 248 2468 erat
270 2404 417 2468 instabilis
440 2404 552 2487 tellus,
570 2404 708 2468 innabilis
731 2403 828 2485 nuda,

118 2490 199 2555 Lucis
221 2513 314 2575 egeus
332 2498 404 2556 abr.
427 2493 501 2555 nulli
523 2511 576 2556 sua
599 2495 694 2554 torma
716 2490 871 2572 manebat,

120 2578 314 2662 obstabatque
338 2582 403 2644 aliis
426 2581 527 2663 aliud,
547 2584 615 2661 quia
639 2599 765 2661 corpore
787 2582 819 2641 in
842 2598 902 2642 unc

119 2666 228 2749 Frigida
250 2670 423 2752 pugnabant
445 2670 569 2751 calidis,
587 2672 720 2731 umentia
743 2671 849 2750 siccis,

84 2754 209 2819 tobioiiia
231 2777 302 2820 cum
324 2759 431 2839 dnus,
449 2760 514 2820 sine
536 2758 669 2838 pondere
681 2805 691 2839 ‚
713 2756 852 2819 habentia
873 2756 1008 2837 pondus.

121 2842 194 2908 Hauc
217 2847 292 2909 deus
315 2855 345 2908 ct
367 2845 473 2907 melior
495 2845 577 2907 litem
600 2854 706 2908 natura
730 2845 867 2927 diremit3

122 2931 188 2996 Nam
211 2934 294 2998 caelo
317 2943 414 2997 terras
437 2943 468 2996 et
490 2936 580 2996 terris
603 2933 729 2995 abscidit
750 2932 846 2996 undas

123 3017 156 3081 tt
174 3024 319 3104 liquidum
342 3025 438 3104 spisso
461 3024 590 3085 secrevit
613 3020 650 3083 ab
674 3027 741 3083 atre
765 3022 897 3084 caelum.

123 3107 195 3179 Quae
216 3120 374 3194 postquam
398 3110 506 3173 evolvit
528 3130 677 3191 caecoque
701 3114 809 3173 exemit
832 3128 958 3193 acervo,

87 3195 276 3263 ubissooiata
298 3199 371 3263 locis
395 3200 536 3263 concordi
557 3219 631 3281 pace
654 3199 771 3280 ligarit.

124 3283 201 3364 ignea
224 3291 348 3352 convexi
370 3290 414 3351 vis
438 3297 469 3351 et
491 3291 556 3350 sinc
578 3288 711 3370 pondere
735 3288 809 3350 caeli

125 3369 240 3440 Emicuit
263 3396 436 3458 summaque
460 3377 558 3440 locum
582 3376 640 3438 sibi
662 3378 734 3439 iecit
755 3379 786 3437 in
810 3394 894 3438 arce.

125 3459 267 3529 Proximus
291 3476 337 3529 est
359 3471 410 3529 abr
432 3465 475 3528 illi
496 3466 615 3529 levitate
638 3465 783 3546 locoque;

126 3546 237 3617 beusior
258 3554 306 3618 his
329 3554 417 3617 tciius
429 3603 439 3637 ,
463 3554 667 3635 elementaque
690 3553 812 3634 grandia
835 3555 924 3617 traxit

99 3652 207 3706 unam
289 3695 292 3702 .
807 3660 821 3708 1
