2467 4042
130 206 197 271 274
233 222 347 260 canora.
367 220 511 258 cosomnss
547 200 712 255 METAMM

153 383 206 434 ooo
220 369 352 431 Muneris
375 374 479 429 auctor
501 384 611 446 opem:
635 370 660 427 si
682 368 759 427 mho
780 367 914 446 perdere*
930 387 1014 431 more

221 457 314 520 Terre
336 464 459 518 vocatur
481 472 590 535 opem.
618 472 674 517 nec
697 473 756 534 qua
777 458 892 517 ratione
915 457 1046 537 liguram

220 545 430 626 Perdiderint,
451 545 537 623 potui
559 545 637 604 scire
660 551 712 604 aut
733 561 814 605 nunc
836 544 936 606 dicere
959 564 1107 626 possum.

222 634 343 695 Summa
365 631 434 694 mali
456 638 526 693 nota
549 639 616 692 est:
639 649 752 712 pennas
775 640 952 715 sumpsere,
975 644 1113 714 tuaeque

222 722 361 800 Coniugis
374 723 406 781 in
419 719 556 781 volucres
563 767 573 801 ,
586 721 687 781 niveas
701 719 800 781 abiere
815 719 966 782 columbas
976 717 996 783 .'
1033 737 1057 778 r.
1067 737 1167 782 oux.

156 823 209 875 eto
267 808 388 871 Talibus
411 816 500 887 atque
523 807 587 868 aliis
609 815 768 888 postquam
791 811 924 870 convivia
945 810 1035 872 dictis

221 899 408 979 lmplerunt,
430 914 533 958 mensa
555 913 693 958 somnum
715 899 831 976 petiere
852 906 984 960 remota.

223 987 357 1066 Cumque
379 985 428 1046 die
451 992 600 1065 surgunt,
623 984 793 1064 adeuntque
815 985 934 1047 oracula
955 984 1094 1050 Phoebi:

224 1074 284 1147 Qui
304 1082 408 1155 petere
431 1075 583 1152 antiquam
605 1080 732 1134 matrem
754 1082 937 1153 cognataque
959 1076 1053 1136 iussit

222 1163 343 1224 Litora.
370 1163 564 1242 prosequitur
586 1179 641 1222 rex
653 1209 662 1243 ,
685 1168 716 1222 et
738 1161 789 1222 dat
811 1179 919 1223 munus
941 1165 1051 1245 ituris,

157 1264 209 1315 680
222 1251 367 1313 Anchisae
391 1258 542 1330 sceptrum
554 1297 563 1332 ,
582 1248 1013 1333 chlamydempharetramque
1027 1256 1164 1337 nepoti,

224 1339 373 1401 Craterum
397 1338 535 1419 Aeneae,
558 1354 647 1417 quam
670 1337 819 1418 quondam
840 1339 994 1399 transtulit
1016 1340 1062 1402 illi

223 1427 340 1507 Hospes
362 1425 399 1487 ab
422 1426 524 1487 Aoniis
545 1425 675 1488 Therses
698 1425 845 1487 Ismenius
866 1428 946 1487 oris.

222 1516 344 1578 Miserat
364 1514 441 1576 hanc
464 1513 507 1576 illi
529 1513 682 1594 Therses,
704 1512 899 1576 fabricaverat
920 1514 1015 1576 hlcon

222 1603 356 1686 Hyleus,
378 1610 409 1664 et
430 1602 520 1682 longo
543 1602 707 1663 caelaverat
728 1611 919 1682 argumento.

158 1703 210 1756 ott
223 1692 302 1754 Urbs
324 1697 390 1753 erat
402 1739 411 1771 ,
434 1697 465 1752 et
488 1697 603 1770 septem
625 1707 729 1770 posses
752 1690 911 1752 ostendere
932 1700 1056 1770 portas:

223 1780 286 1842 liae
303 1797 359 1861 pro
377 1781 496 1840 nomine
516 1785 623 1859 erant,
646 1786 776 1857 et-quae
793 1779 871 1840 ieret
888 1778 960 1861 illa,
983 1779 1156 1844 docebant.

223 1869 299 1930 Ante
321 1866 428 1929 urbem
450 1868 592 1946 exequiae
614 1865 782 1946 tumulique
804 1868 947 1947 ignesque
970 1885 1126 1950 pyraeque

223 1955 403 2034 Eliusaeque
426 1972 525 2016 comas
548 1962 578 2016 et
600 1962 721 2034 apertae
743 1962 864 2035 pectora
887 1962 997 2016 matres

225 2045 398 2125 Significant
418 2042 554 2105 luctum.
581 2041 727 2122 nymphae
750 2060 869 2122 quoque
896 2042 969 2104 here
990 2045 1155 2130 ridentur,

158 2145 212 2198 eto
226 2134 418 2212 siccatosque
441 2132 528 2211 queri
550 2130 671 2192 fontes:
693 2132 759 2191 sine
780 2130 937 2192 frondibus
961 2131 1051 2194 arbor

224 2220 309 2283 Nuda
332 2223 431 2299 riget:
453 2219 564 2280 rodunt
586 2220 700 2280 arentia
723 2236 791 2279 saxa
815 2219 960 2299 capellae.

223 2309 302 2372 llcce
325 2310 396 2370 iacit
417 2307 524 2369 medlls
546 2314 631 2369 natas
648 2305 759 2367 Orione
782 2306 909 2389 Thebis,

224 2397 287 2459 Hac
299 2445 309 2480 ,
331 2414 392 2457 noo
414 2397 576 2457 femineum
598 2394 701 2474 iugulo
723 2395 795 2456 dare
816 2395 924 2457 vulnus
946 2406 1070 2481 aperto,

226 2486 318 2568 lllac,
340 2485 469 2546 demisso
492 2501 546 2564 per
569 2485 678 2544 inertia
700 2483 823 2545 volnere
846 2484 904 2545 tela

159 2584 210 2638 oto
224 2574 284 2635 Pro
306 2573 416 2654 populo
439 2571 582 2633 cecidisse
605 2589 660 2633 suo
683 2570 875 2651 pulchrisque
898 2590 953 2653 per
975 2572 1084 2634 urbem

225 2660 395 2724 Funeribus
417 2661 491 2722 lerri
513 2658 683 2739 celebrique
706 2662 737 2720 iu
759 2668 844 2739 porte
867 2663 1011 2743 cremari,

225 2749 302 2811 Tum
314 2797 325 2832 ,
346 2749 383 2810 de
407 2749 538 2829 virgime
559 2750 693 2828 geminos
715 2749 796 2809 exire
819 2748 932 2831 larilla,
1017 2762 1042 2805 r.
1056 2763 1149 2808 cunr.

225 2838 269 2900 Ne
292 2855 387 2918 genus
409 2839 559 2919 intereat,
581 2839 726 2918 iuvenes,
749 2853 824 2915 quos
847 2837 924 2898 lama
946 2836 1078 2900 Coronas

226 2927 386 3008 Nominat,
409 2933 440 2987 et
462 2926 556 2987 cineri
578 2932 713 2986 materno
735 2924 846 2986 ducere
868 2942 1023 3006 pompam.

161 3028 213 3079 too
227 3015 379 3077 Hactenus
402 3016 524 3094 antiquo
547 3014 640 3093 siguis
663 3012 844 3092 fulgentibus
868 3031 954 3096 aere,

228 3103 368 3165 Summus
391 3103 526 3164 lnaurato
551 3109 649 3164 crater
673 3109 737 3163 erat
759 3119 846 3181 asper
868 3103 1010 3164 acantho.

226 3192 289 3254 Nec
311 3191 421 3253 leviora
443 3190 520 3251 datis
542 3189 664 3251 Troiani
686 3189 762 3251 dona
786 3192 959 3272 remittunt,

228 3279 363 3359 llantque
388 3278 535 3340 sacerdoti
559 3278 714 3339 custodem
737 3279 813 3339 turis
836 3297 985 3361 acerram,

227 3367 304 3427 Dant
326 3375 458 3446 pateram
481 3366 649 3445 claramque
673 3384 745 3427 auro
768 3369 951 3447 gemmisque
975 3385 1133 3432 coronam.

162 3463 213 3515 tot
271 3453 343 3514 lnde
366 3452 515 3514 recordati
537 3453 671 3515 Teucros
694 3472 710 3514 a
734 3458 877 3534 sanguine
900 3455 1008 3517 Teucri

227 3538 343 3601 Ducere
365 3542 568 3624 principium,
591 3541 700 3604 Creten
724 3551 872 3606 tenuere:
893 3544 1010 3624 locique
