2467 4042
412 239 648 311 xl,tso-X11,
667 246 718 296 60.
826 258 897 296 vm
1005 240 1069 306 239

189 407 349 470 Permanet
371 405 473 470 doniis
495 405 612 469 Nereus
635 405 781 468 violentus
804 408 836 467 ln
859 405 964 487 unda,

87 508 125 559 ne
142 496 288 576 Bellaque
311 512 371 557 non
395 495 559 577 transiert3
582 502 613 557 et
635 502 707 558 sunt
729 497 781 574 qui
803 513 927 576 parcere
950 495 1056 560 Troiae

140 585 318 666 Neptunum
341 584 465 646 credent
476 632 486 665 ,
509 586 578 663 quia
601 585 718 645 moenia
740 584 853 646 iecerat
874 582 959 645 urbi.

141 674 183 735 At
205 690 268 735 non
290 672 503 733 Thestorides.
531 689 587 734 nee
611 674 691 734 enlm
713 675 844 734 nescitve
868 680 998 753 tacetve,

141 762 297 842 Sanguine
315 763 448 842 virgineo
470 760 643 842 placandam
665 761 787 840 virginis
810 762 885 822 iram

141 849 221 912 Esse
244 849 338 912 deae.
365 856 523 929 postquam
545 851 687 928 pietatem
709 847 828 929 publica
846 866 952 931 cansa,

59 1014 63 1021 ι
87 951 125 1001 so
140 938 270 1018 aerque
292 945 409 1018 patrem
430 940 522 1019 vicit,
545 946 723 1016 castumque¹
743 935 847 999 datura
870 955 1008 999 cruorem

140 1026 303 1088 Flentibus
325 1023 392 1093 inte
416 1044 498 1086 aram
520 1027 603 1087 stetit
625 1023 778 1106 Iphigenia
799 1028 961 1107 ministris,
1078 1039 1083 1047 ·

141 1115 230 1177 Victa
253 1115 308 1176 dea
330 1122 376 1176 est
388 1162 398 1195 ,
421 1113 590 1195 nubemque
613 1113 709 1195 oculis
731 1113 862 1196 obiecit,
885 1124 916 1176 et
937 1117 1016 1175 inter

142 1204 286 1266 Officium
309 1203 486 1283 turbamque
510 1204 588 1264 sacri
610 1220 758 1282 vocesque
780 1211 956 1284 precantum

142 1291 309 1371 Subposita
330 1293 426 1353 fertur
449 1298 578 1353 mutasse
601 1290 880 1370 Mycenida-cerva.
951 1305 973 1346 t.
987 1302 1069 1346 oluit·

89 1392 126 1442 36
140 1380 227 1460 Ergo
250 1379 302 1440 ubi
314 1428 323 1461 ,
347 1398 405 1459 qna
427 1378 549 1461 decuit,
563 1379 664 1446 ,lenita
687 1388 733 1441 est
756 1379 856 1441 caede·
869 1378 977 1461 Diana,

140 1468 183 1531 Et
207 1470 321 1548 pariter
342 1467 500 1550 Phoebes,
523 1470 635 1548 pariter
657 1469 747 1529 maris
770 1470 815 1528 ira
837 1470 980 1550 recessit,

143 1556 307 1636 Accipiunt
328 1564 432 1617 ventos
456 1575 472 1616 a
495 1564 579 1636 tergo
602 1555 683 1617 mille
707 1558 842 1638 carinae,

142 1644 298 1724 blnltaque
321 1661 480 1725 perpessae
503 1643 633 1724 Phrygia·
652 1645 810 1725 potiuntur
831 1644 958 1706 harena.

191 1731 273 1794 Orbe
295 1732 378 1794 locus
402 1732 499 1794 medio
523 1740 569 1793 est
591 1735 671 1793 inter
694 1740 849 1812 terrasque
873 1733 1041 1812 fretumque

91 1833 129 1883 to
144 1821 358 1900 caelestesque
381 1820 503 1902 plagas,
526 1820 652 1900 triplicis
674 1822 802 1882 confinia
824 1821 944 1883 mundi:

143 1909 232 1972 Unde
257 1909 336 1989 quod
359 1916 405 1970 est
427 1927 554 1988 usquam
566 1956 575 1992 ,
598 1910 732 1988 quamvis
755 1910 927 1989 regionibus
950 1913 1044 1991 ansit,

144 2000 310 2077 lnspicitur
322 2046 331 2080 ,
354 2006 549 2077 penetratque
573 2015 658 2058 cavas
681 2015 737 2059 vox
760 2001 856 2059 omnis
879 1998 915 2058 ad
939 2016 1044 2060 aures.

143 2087 237 2148 Fama
260 2093 341 2147 tenet
353 2133 363 2167 ,
386 2103 560 2164 summaque
583 2085 705 2146 domum
729 2084 786 2148 sibi
808 2086 881 2166 legit
901 2089 933 2147 in
957 2105 1043 2165 arce,

143 2174 383 2254 Innumerosq'ue
408 2174 504 2236 aditus
528 2192 561 2235 ac
584 2174 664 2235 mille
688 2175 831 2235 foramina
853 2176 941 2236 tectis

93 2275 130 2325 45
144 2262 268 2324 Addidit
280 2311 290 2345 ,
313 2271 343 2324 et
365 2262 454 2324 nullis
476 2262 598 2324 inclusit
621 2262 720 2323 limina
743 2265 855 2342 portis,

144 2352 242 2413 Nocte
265 2350 373 2430 dieque
395 2357 498 2431 patet.
525 2358 588 2412 tota
611 2360 657 2413 est
680 2368 716 2412 ex
740 2369 808 2411 aere
832 2352 967 2431 sonanti;

144 2440 223 2501 Tota
246 2439 368 2521 fremit,
391 2457 538 2518 vocesque
561 2434 677 2520 refert,
700 2441 848 2518 iteratque
872 2440 952 2518 quod
974 2439 1066 2501 audit.

145 2527 236 2590 Nulla
258 2530 343 2607 quies
365 2529 469 2609 intus,
492 2526 632 2607 nrdlaque
655 2526 773 2589 silentia
794 2536 896 2607 parte.

146 2616 211 2679 Nec
233 2623 333 2677 tamen
355 2625 402 2678 est
425 2615 535 2685 clamor
547 2664 557 2697 ,
580 2614 632 2677 sed
656 2633 763 2696 parvae
786 2634 939 2677 murmura
962 2619 1061 2678 vocis:
1139 2664 1143 2673 .

95 2704 253 2777 monella
275 2704 311 2766 de
335 2704 452 2785 pelagi,
475 2706 569 2784 siquis
592 2704 698 2783 procul
721 2704 842 2787 audiat,
865 2705 954 2766 undis

145 2794 223 2855 Esse
247 2792 365 2874 solent3
388 2792 541 2873 qualemve
565 2810 694 2874 sonum,
717 2810 787 2854 eum
809 2791 942 2874 luppiter
966 2802 1044 2855 atras

146 2882 301 2962 lncrepuit
323 2881 441 2963 nubes,
464 2888 595 2944 extrema
617 2883 750 2942 tonitrua
772 2880 918 2943 reddunt.

146 2970 231 3032 Atria
254 2968 341 3031 turba
362 2976 463 3032 tenet:
484 2970 609 3031 veniunt
629 2969 694 3031 leve
717 2969 823 3049 vulgus
847 2977 998 3052 euntque3

147 3058 299 3138 Mixtaque
322 3076 390 3119 cum
413 3059 492 3119 veris
514 3059 625 3138 passim
648 3066 815 3126 commenta
836 3067 980 3137 vagantur

98 3157 133 3209 be
147 3146 228 3208 blilla
251 3164 428 3229 rumorum,
451 3146 634 3226 confessaque
657 3145 747 3208 verba
769 3146 919 3208 volutant.

148 3235 174 3296 ll
197 3234 306 3315 quibus
329 3235 360 3296 hi
382 3252 489 3296 vacuas
512 3234 638 3315 implent
660 3234 848 3296 sermonibus
871 3251 978 3314 avares,

147 3322 188 3384 lli
209 3331 329 3385 narrata
350 3324 452 3385 ierunt
474 3322 554 3406 elio,
577 3315 777 3402 mensdraqne
800 3323 862 3383 fleti

149 3411 287 3494 Crescit,
310 3421 341 3474 et
362 3411 470 3474 auditis
493 3411 603 3491 aliquid
626 3430 721 3473 novus
743 3410 834 3472 adicit
855 3416 977 3471 auctor.

149 3498 213 3562 lllic
236 3499 424 3583 Credulitas,
447 3500 506 3562 illic
528 3501 707 3561 temerarius
730 3498 824 3559 Error

101 3600 136 3652 oo
149 3587 289 3670 Vanaque
312 3588 436 3663 baetitla
458 3597 505 3651 est
527 3590 770 3667 consternatique
792 3586 946 3668 Timores,
