2467 4042
449 301 485 353 H.
504 311 551 351 vn
566 302 679 352 12-84.

188 462 294 525 Infelix
316 464 394 543 perii
417 461 536 524 dotibus
559 464 624 542 ipse
646 463 739 525 meis.

147 551 212 614 Vita
234 554 318 631 prior
341 553 412 612 vitio
436 559 518 613 caret
540 559 572 612 et
594 553 659 612 sine
681 549 746 611 labe
768 559 906 630 peracta:

96 653 131 702 50
188 640 297 701 Auxilii
320 641 430 700 misero
453 639 495 700 nil
520 639 589 701 tulit
610 639 660 700 illa
684 638 772 700 mihi.

144 728 237 809 Culpa
259 730 356 808 gravis
379 727 519 807 precibus
542 727 671 789 donatur
694 745 782 807 saepe
806 745 947 789 suorum:

191 816 295 878 Omnis
317 834 372 896 pro
396 815 482 877 nobis
504 818 599 895 gratia
622 823 703 878 muta
726 817 800 877 luit.
839 880 845 885 ,

145 905 324 966 Adiuvatin
348 904 431 965 duris
454 904 552 984 aliqua
574 907 743 983 praesentia
766 902 876 967 rebus:

190 992 300 1054 Obruit
321 993 378 1053 hoc
401 991 508 1054 absens
531 1000 612 1054 vasta
634 992 764 1072 procella
787 1001 893 1072 caput.

95 1092 130 1144 ⁶5
146 1081 220 1153 Quis
243 1099 303 1144 nou
325 1082 479 1143 horruerit
501 1083 621 1142 tacitam
644 1099 763 1161 quoque
788 1080 922 1143 Caesaris
943 1078 1044 1143 iram?

188 1170 294 1232 Addita
317 1177 389 1231 sunt
410 1172 515 1249 poenis
538 1187 643 1249 aspera
666 1169 756 1230 verba
778 1172 871 1233 mels.

144 1258 191 1320 Fit
213 1259 282 1338 luga
305 1258 491 1338 temporibus
514 1258 628 1319 levior:
669 1259 821 1337 proiectus
844 1261 876 1319 iu
898 1276 1010 1339 aequor

190 1346 351 1408 Arcturum
375 1346 453 1407 subii
477 1345 687 1426 Pleiadumque
711 1349 823 1408 minas.

147 1433 241 1513 Saepe
265 1434 362 1496 solent
384 1435 511 1496 hiemem
534 1434 679 1514 placidam
702 1437 814 1496 sentire
838 1437 972 1497 carinae:
1023 1448 1067 1501 (ao)

98 1535 132 1585 60
190 1521 256 1583 Non
279 1522 396 1584 ltlraoae
419 1526 512 1603 puppi
535 1525 650 1584 saevior
673 1523 752 1584 unda
775 1523 850 1585 fuit.

145 1610 237 1672 Recta
260 1611 334 1672 tides
357 1614 499 1672 comitum
521 1620 639 1696 poterat
661 1612 736 1673 mala
759 1619 862 1673 nostra
884 1611 1000 1675 leuare:

190 1699 287 1761 Ditata
310 1709 356 1761 est
378 1700 480 1781 spoliis
502 1700 614 1779 perlida
638 1699 726 1761 turha
749 1702 841 1762 meis.

147 1787 248 1849 llitius
273 1789 393 1850 exilium
416 1790 530 1850 iaciunt
551 1789 638 1851 loca:
678 1791 794 1850 tristior
816 1790 873 1850 ista

189 1876 362 1939 Terra‘sub
385 1876 528 1938 ambobus
546 1895 607 1938 non
630 1878 708 1939 iacet
729 1877 789 1939 ulla
811 1878 907 1956 polis.

96 1963 200 2027 esest
222 1965 354 2047 aliquid,
376 1968 481 2045 patriis
502 1967 634 2027 vicinum
656 1965 766 2027 finibus
790 1984 874 2028 esse:

190 2052 298 2114 Ultima
321 2072 368 2115 me
391 2053 481 2115 tellus
493 2101 503 2134 ‚
526 2054 650 2115 ultimus
673 2054 754 2115 orbis
777 2053 884 2117 habet.

146 2142 281 2203 Praestat
303 2150 333 2204 et
356 2142 493 2204 exulibus
516 2160 620 2222 paoem
643 2151 694 2204 tua
716 2143 839 2224 laurea,
863 2142 988 2207 Caesar:

189 2230 313 2292 Pontica
335 2232 460 2292 finitimo
482 2240 564 2292 terra
587 2231 643 2292 sub
666 2231 753 2292 hoste
775 2234 869 2292 iacet.

145 2319 276 2399 Tempus
298 2321 329 2380 ln
352 2337 492 2400 agrorum
515 2318 597 2381 cultu
622 2337 798 2381 consumere
822 2319 908 2381 dulce
933 2328 995 2382 est:

103 2420 136 2469 so
195 2407 261 2468 Non
283 2410 396 2487 patitur
418 2410 494 2470 verti
516 2406 662 2469 barbarus
684 2406 779 2470 hostis
802 2407 943 2471 humum.

146 2495 303 2576 Temperie
326 2496 400 2558 eseli
422 2514 591 2577 corpusque
614 2498 790 2577 animusque
812 2499 968 2560 iuvantur:

190 2584 313 2665 Frigore
336 2594 481 2665 perpetuo
505 2584 648 2646 Sarmatis
671 2603 724 2647 ora
746 2587 840 2666 riget.

146 2671 200 2735 Est
222 2676 254 2735 iu
276 2693 352 2755 aqua
376 2675 455 2736 dulci
478 2691 538 2736 uon
561 2674 705 2736 inuidiosa
727 2675 880 2756 voluptas:

190 2762 347 2843 Aequoreo
370 2762 483 2825 bibitur
506 2780 574 2825 cum
599 2762 659 2825 sale
682 2766 773 2825 mixta
794 2764 896 2844 palus.

97 2862 130 2912 ⁷5
145 2849 250 2913 Omnia
274 2852 437 2914 deliciunt.
478 2854 593 2913 animus
615 2861 715 2914 mmen
738 2856 836 2914 omnia
859 2855 967 2915 vincit:

189 2938 241 3000 llle
265 2943 354 3002 etiam
376 2943 455 3002 vires
479 2958 588 3021 corpus
611 2940 721 3003 habere
745 2941 832 3005 lacit.

146 3026 300 3089 Sustineas
322 3036 358 3090 ut
380 3046 478 3108 onus,
502 3029 656 3091 nitendum
679 3032 791 3090 vertice
813 3029 902 3109 pleno
925 3037 991 3110 est,

189 3115 249 3177 Aut
270 3117 351 3177 ilecti
373 3133 481 3178 nervos
504 3118 530 3177 si
552 3120 688 3198 patiere,
710 3116 813 3178 cades.

146 3201 221 3281 Spes
244 3221 386 3286 quoque,
409 3221 496 3283 posse
519 3220 602 3264 mora
626 3206 783 3265 mitescere
806 3206 951 3286 principis
974 3206 1066 3285 iram,

97 3301 131 3353 80
190 3290 294 3354 Vivere
317 3310 355 3353 ne
378 3292 469 3353 uolim
493 3291 708 3372 deiciamque,
732 3302 833 3354 caret.

143 3379 205 3442 Neo
227 3399 281 3443 vos
302 3398 393 3463 parva
415 3381 491 3442 daus
513 3382 601 3461 pauci
624 3380 733 3441 solacia
755 3379 859 3463 nobis,
1021 3394 1065 3447 <aq

190 3468 324 3542 Quorum
349 3478 481 3550 spectata
503 3477 551 3530 est
572 3485 627 3549 per
650 3469 724 3530 mala
748 3477 850 3531 nostra
872 3470 964 3532 fides.

143 3556 255 3640 Coepta
274 3568 342 3622 terre
351 3607 360 3642 ,
375 3576 485 3639 quaeso
493 3607 503 3640 ‚
517 3576 615 3637 neque
634 3560 665 3620 in
681 3575 809 3638 aequore
824 3558 929 3621 desere
948 3577 1064 3643 navem,

187 3647 294 3729 lleque
318 3649 405 3710 simul
429 3666 514 3710 serva
536 3647 740 3727 iudiciumque
763 3656 865 3709 tuum.
