2467 4042
460 224 530 297 XV,
549 232 707 282 alt-879,
781 247 844 282 mr.
863 244 951 281 murus
1023 224 1087 289 329

168 392 243 454 Esse
266 395 329 453 suis
352 394 485 473 maiora,
509 400 539 453 et
561 395 640 453 vinci
662 393 771 472 gaudet
794 391 829 451 ab
852 391 918 453 illo.

168 480 223 541 Hie
246 498 300 541 sua
322 481 466 560 praeferri
489 498 666 560 quamquam
689 489 767 541 votat
785 489 848 540 acta
871 480 1019 558 paternis,

132 644 136 650 ἱ
167 568 274 630 Libera
297 570 372 630 tama
394 577 493 629 mmor
515 569 663 648 nullisque
687 567 813 629 obnoxia
834 571 924 629 iussis

168 657 296 718 Invitum
318 658 471 739 praefert,
494 674 612 737 unaque
635 660 666 717 in
689 665 773 736 parte
795 664 958 737 repugnat.

102 756 154 806 855
170 745 219 806 Sic
241 748 340 825 magni
363 746 442 807 cedit
463 746 558 807 titulis
581 746 807 825 Agamemnonis
829 745 955 826 Atreus3

168 835 265 913 Aegea
288 836 331 895 sio
354 833 510 915 Theseus,
534 837 576 895 sic
600 834 687 895 Pelea
712 836 801 895 vincit
823 833 967 893 Achilles.
1044 839 1046 843 '

169 922 325 1005 Denique,
347 932 381 984 ut
404 922 547 1002 exemplis
570 925 650 1002 ipsos
673 922 870 1001 aequantibus
893 931 977 1002 utar,

170 1010 220 1072 Sio
243 1018 274 1071 et
297 1009 443 1073 Saturnus
467 1013 563 1072 minor
587 1020 633 1072 est
655 1010 744 1073 Iove.
772 1010 905 1091 iuppiter
928 1028 1011 1070 arces

169 1099 327 1178 Temperat
350 1099 496 1161 aetherias
519 1107 550 1162 et
571 1099 674 1161 mundi
697 1117 788 1179 regna
810 1099 971 1178 triformis3

101 1198 154 1248 eoo
169 1187 263 1247 Terra
285 1186 340 1248 sub
365 1187 519 1267 Augusto.
546 1196 632 1268 pater
654 1195 701 1249 est
723 1196 754 1248 ot
776 1194 875 1248 rector
898 1195 1043 1266 uterque.

169 1275 205 1336 Di
217 1322 227 1357 ,
250 1293 379 1357 precor,
402 1276 517 1336 Aeneae
546 1278 692 1357 comites,
715 1275 824 1355 quibus
852 1277 931 1336 ensis
959 1283 989 1336 et
1011 1277 1089 1355 ignis

169 1363 352 1445 Cesserunt,
376 1364 465 1442 dique
488 1363 659 1447 Indigetes,
681 1367 857 1444 genitorque
881 1363 1003 1435 Quirine

168 1449 280 1531 Urbis,
303 1459 333 1512 et
356 1454 458 1513 invicti
475 1454 592 1532 genitor
615 1451 739 1513 Gradive
764 1452 898 1533 Quirini,

169 1538 315 1618 Vestaque
340 1538 500 1600 Caesareos
522 1542 601 1601 inter
624 1549 737 1601 sacrata
759 1547 899 1623 penates,

103 1639 155 1690 855
169 1626 208 1688 Et
230 1645 299 1688 cum
322 1626 464 1688 Caesarea
486 1635 542 1709 tu,
564 1628 684 1689 Phoebe
708 1629 890 1708 domestice,
913 1627 1018 1710 Vesta,

171 1715 287 1794 Quique
311 1723 396 1777 tenes
420 1716 496 1777 altus
520 1716 659 1795 Tarpeias
683 1716 815 1796 luppiter
839 1716 943 1796 aedes,

171 1802 313 1881 Quosque
337 1802 409 1863 alios
431 1806 491 1865 vati
513 1804 557 1864 155
580 1803 727 1883 appellare
750 1807 891 1884 piumque
916 1813 978 1866 est:

171 1890 266 1951 Tarda
290 1892 328 1952 sit
350 1891 398 1951 illa
422 1892 486 1953 dies
508 1899 539 1953 et
560 1900 664 1953 nostro
688 1894 783 1952 serior
806 1911 896 1972 aevo,

172 1979 236 2050 Qua
258 1987 347 2059 eaput
369 1980 558 2063 Augustum,
581 1998 670 2060 quem
698 1988 864 2062 temperat,
887 1979 959 2041 orbe
985 1979 1090 2042 relicto

104 2080 157 2131 870
171 2067 299 2129 Accedat
321 2068 401 2129 caelo
424 2070 577 2148 faveatque
600 2068 792 2149 precantibus
816 2067 939 2129 absens.

217 2155 336 2235 lamque
360 2176 435 2237 opus
459 2159 565 2239 exegi,
589 2157 669 2236 quod
692 2175 748 2218 neo
769 2157 846 2218 iovis
869 2159 913 2217 ira
935 2174 991 2218 neo
1013 2158 1090 2235 ignis

171 2245 233 2306 Neo
256 2247 366 2324 poterit
388 2246 502 2306 ferrum
524 2263 580 2306 neo
603 2245 677 2306 odax
700 2245 818 2307 abolere
840 2253 988 2305 vetustas.

173 2332 247 2394 Cum
269 2333 370 2416 volet,
393 2333 441 2394 1115
464 2333 549 2416 dies,
573 2352 649 2412 quae
671 2334 714 2394 nil
736 2336 794 2395 nisi
817 2334 950 2412 corporis
973 2332 1061 2392 huius

172 2421 221 2483 lus
242 2419 355 2503 babet,
377 2424 485 2483 incerti
508 2425 635 2502 spatium
657 2423 728 2482 mibi
753 2423 834 2483 finiat
857 2423 936 2483 aevi:

105 2522 159 2571 855
173 2510 262 2571 Parte
285 2518 384 2570 tamen
406 2510 529 2571 meliore
552 2513 611 2571 mei
635 2529 725 2590 super
748 2510 806 2571 alta
827 2511 968 2590 perennis

173 2599 260 2658 Astra
283 2599 384 2679 sorar,
406 2616 574 2679 nomenque
598 2601 657 2661 erit
678 2597 835 2660 indelebile
858 2605 1010 2658 nostrum.

174 2685 297 2765 Quaque
320 2693 402 2766 patet
424 2686 542 2749 domitis
565 2686 697 2747 Romana
719 2688 852 2766 potentia
873 2688 981 2768 terris,

173 2772 233 2834 Qre
255 2774 336 2854 legar
358 2775 481 2857 populi,
503 2794 617 2856 perque
641 2778 739 2836 omnia
762 2775 878 2837 saecula
901 2775 995 2855 fama,

174 2861 280 2964 Siquid
301 2861 411 2925 bahent
433 2867 496 2926 veri
513 2872 612 2925 vatum
635 2866 808 2947 praesagia,
830 2866 941 2926 vivam.
