2467 4042
431 239 481 289 111.
499 240 648 292 444-444.
977 235 1040 300 211

124 400 259 463 Fulmina
282 410 350 480 post
372 419 460 463 ausos
483 400 598 463 caelum
621 401 769 463 adfectare
793 401 932 481 Gigantes
999 414 1042 464 (44)

58 501 109 552 444
168 489 293 569 Sumpta
314 489 397 550 lovi.
438 492 534 569 primo
557 500 692 569 tempore
715 492 838 551 inermis
861 491 942 552 erat.

12 632 14 659 ,
125 575 259 658 [lgnibus
283 576 358 639 Ossa
380 580 464 639 novis
488 585 518 639 44
540 577 643 639 Ρ41144
666 578 754 640 414144
777 578 851 640 Ossa

12 710 14 751 ,
165 667 248 728 Arsit
270 675 301 728 et
323 668 355 727 in
378 665 470 727 solida
493 666 569 727 fixus
593 665 735 746 Olympus
758 665 882 744 humo]

12 802 13 841 ,
122 754 186 816 Stat
209 772 328 835 quoque
351 772 439 833 capra
457 753 565 816 simul.
602 754 747 834 nymphae
764 757 880 835 pavisse
904 755 1042 816 14444444

166 842 300 926 1144414144
312 890 321 923 ,
344 843 449 904 14144441
471 842 516 903 144
540 841 623 903 dedit
646 841 693 904 illa
716 842 793 904 lovi.

12 980 14 1019 ,
55 941 107 992 444
121 929 207 992 Nunc
230 948 319 993 vocor
342 929 378 991 ad
401 948 531 992 nomen.
573 930 731 1010 vegrandia
754 932 832 993 14444
855 930 976 992 colonae

165 1018 246 1091 Quae
270 1017 345 1080 male
368 1027 549 1101 creverunt,
574 1037 718 1100 vescaque
740 1038 830 1099 parta
853 1028 975 1081 vocant.

121 1106 170 1169 Vis
193 1125 227 1169 44
250 1109 276 1169 41
299 1105 382 1169 verbi
405 1116 472 1189 est,
496 1125 551 1169 cnr
573 1125 633 1168 non
657 1125 712 1187 ego
735 1106 872 1169 Vediovis
894 1107 997 1170 aedem

164 1196 275 1258 lledem
298 1214 357 1258 non
380 1199 479 1276 magui
501 1198 638 1277 suspicer
661 1215 726 1258 4444
749 1192 852 1259 lovis?

12 1334 13 1339 ,
120 1282 241 1364 lamque
264 1283 315 1345 ubi
339 1284 508 1346 caeruleum
531 1283 688 1346 variabunt
711 1286 809 1347 sidera
831 1285 963 1366 caelum,

54 1382 108 1432 444
166 1369 310 1450 Suspice:
344 1371 492 1452 Gorgonei
515 1372 589 1433 colla
612 1371 725 1434 videbis
749 1376 836 1453 oqui.

122 1457 260 1520 Creditur
283 1458 331 1520 hic
355 1476 439 1520 caesa
461 1459 598 1539 gravidae
622 1462 738 1521 cervice
761 1461 899 1522 Medusae

168 1544 316 1626 Sanguine
339 1550 487 1626 respersis
509 1547 683 1626 prosiluisse
706 1548 802 1610 iubis.

122 1632 199 1696 lluic
222 1652 313 1714 supra
335 1634 432 1697 nubes
454 1643 485 1697 et
508 1634 611 1697 subter
635 1636 732 1698 sidera
755 1637 836 1717 lapso

165 1722 286 1785 Caelum
309 1741 363 1802 pro
387 1732 488 1804 terra,
511 1741 566 1802 pro
589 1725 665 1803 pede
688 1727 778 1806 pinna
801 1726 873 1806 iuit,

51 1822 106 1873 444
121 1811 242 1892 lamque
265 1812 430 1891 indignanti
452 1829 527 1874 nova
550 1812 633 1874 irena
656 1822 811 1893 receperat
834 1831 903 1894 ore,

165 1899 239 1962 Cum
262 1899 335 1961 levis
358 1902 466 1962 Aonias
489 1900 599 1981 ungula
623 1902 698 1962 iodit
718 1920 827 1983 aquas.
853 1908 858 1919 “

120 1988 206 2050 Nunc
229 1989 340 2051 lruitur
362 1989 466 2069 caelo,
490 1988 569 2069 quod
592 1991 692 2069 pinnis
714 2000 781 2052 ante
804 1991 941 2070 petebat,

164 2075 202 2137 Et
224 2078 337 2139 nitidus
360 2077 455 2140 stellis
476 2080 608 2158 quinque
632 2077 794 2158 decemque
819 2081 923 2141 micat.

118 2164 261 2227 Protinus
283 2168 410 2245 aspicies
433 2168 562 2228 venienti
585 2166 673 2229 nocte
698 2166 843 2229 Coronam

50 2265 106 2315 444
165 2252 314 2316 Gnosida.
355 2254 471 2316 'lhasco
495 2256 620 2316 crimine
643 2255 719 2317 iacta
742 2255 797 2317 dea
820 2265 882 2318 est.

118 2341 180 2403 lam
202 2341 279 2403 bene
301 2345 423 2422 periuro
446 2352 574 2405 mutarat
597 2346 722 2424 coniuge
746 2343 911 2425 Bacchum,
994 2358 1039 2410 (44)

164 2430 246 2501 Quae
269 2430 351 2492 dedit
371 2433 488 2509 ingrato
511 2431 558 2492 iila
581 2432 705 2511 legenda
727 2435 808 2493 viro.

120 2518 207 2580 Sorte
231 2521 288 2579 tori
310 2518 443 2599 gaudens
466 2513 554 2598 ‘quid
577 2519 684 2581 llebam
706 2516 860 2583 rustical'
883 2521 957 2583 dixit

164 2602 297 2669 ‘Utiliter
321 2606 407 2668 nobis
429 2608 560 2687 pertidus
582 2608 632 2687 ille
655 2605 744 2671 luit.'

48 2694 236 2757 4441444444
258 2694 348 2757 Liber
371 2695 501 2776 depexos
523 2696 657 2758 crinibus
680 2697 768 2759 ludos

163 2782 240 2846 Vicit
251 2831 260 2866 ,
284 2794 315 2847 44
338 2802 392 2846 444
415 2784 496 2845 dives
519 2784 555 2846 ab
579 2785 651 2847 orbo
674 2787 768 2849 redit.

118 2873 199 2935 luter
222 2877 351 2953 captivas
374 2873 449 2934 facie
472 2883 640 2953 praestante
663 2874 776 2955 puellas

162 2961 251 3023 Grata
274 2964 362 3023 nimis
384 2961 500 3023 Baccho
523 2963 581 3027 fllia
604 2966 685 3042 regis
708 2973 789 3026 erat.

117 3048 219 3110 Flebat
242 3067 342 3111 amans
365 3053 516 3113 coniunx.
557 3053 740 3131 spatiataque
762 3050 858 3112 litore
873 3068 964 3112 44444

46 3148 103 3198 440
162 3134 262 3198 Edidit
284 3138 404 3199 incultis
427 3138 494 3199 44114
517 3138 607 3200 verba
630 3141 740 3200 comis:

118 3220 179 3286 ‘En
202 3227 334 3307 iterum,
357 3225 488 3307 linctus,
511 3226 615 3288 similis
639 3224 739 3288 audite
762 3225 926 3307 querellas!

159 3312 205 3375 En
229 3316 338 3375 iterum
362 3314 497 3375 lacrimas
520 3317 643 3396 accipe,
665 3315 797 3395 harena,
820 3314 917 3376 meas!

115 3401 278 3478 Dicebam,
301 3405 445 3483 memini,
469 3398 617 3482 “periure
641 3413 671 3464 et
693 3403 805 3483 perfide
829 3399 995 3465 Theseu!''

159 3491 211 3553 llle
234 3490 328 3574 abiit,
351 3491 454 3553 eadem
476 3493 600 3554 crimina
623 3491 757 3554 Bacchus
780 3491 885 3554 habet.

40 3590 99 3642 444
115 3578 201 3643 Ν444
220 3599 339 3662 quoque
354 3575 462 3642 “ncilla
480 3575 573 3642 viro''
588 3580 719 3643 clamabo
735 3576 871 3643 “lomina
892 3576 1034 3644 credatl''
