2467 4042
411 238 495 302 44
1227 235 1636 298 AMO-RUM

1086 438 1338 505 LIBER
1391 441 1797 505 TERTIUS*

469 524 509 618 Ῑ
578 521 721 620 Stat
751 565 932 619 vetus
963 564 1023 618 et
1048 558 1274 618 multos
1305 557 1606 618 incaedua
1632 558 1791 618 silva
1827 574 1937 634 per
1964 575 2167 622 annos
2185 585 2202 616 ι

660 642 964 705 Credibile
993 648 1089 702 est
1121 642 1204 702 illi
1240 657 1467 702 numen
1497 641 1708 703 inesse
1739 643 1899 703 loco.

578 728 743 789 Fons
776 743 955 788 sacer
983 726 1046 786 in
1075 726 1280 787 medio
1306 727 1731 802 speluncaque
1762 727 2004 803 pumice
2032 731 2383 809 pendeus,

655 813 732 872 Et
759 813 947 872 latere
978 827 1058 870 ex
1088 810 1253 870 omni
1284 811 1464 871 dulce
1495 818 1828 887 queruntur
1855 827 2024 872 aves.

515 906 547 958 5
570 897 683 957 Hic
713 912 831 971 ego
867 896 1013 956 dum
1043 894 1281 971 spatior
1308 902 1505 957 tectus
1537 895 1952 957 nemoralibus
1980 897 2260 977 umbris,

656 980 837 1055 Quod
863 995 1029 1054 mea,
1079 978 1482 1055 quaerebam,
1530 995 1708 1040 musa
1738 989 2014 1042 moveret
2042 998 2237 1058 opus.

566 1064 750 1126 Venit
778 1064 1073 1126 odoratos
1101 1063 1353 1138 Elegeia
1381 1079 1544 1124 nexa
1573 1064 1862 1140 capilloS,

648 1150 749 1223 Et,
798 1156 978 1224 puto,
1024 1163 1138 1224 pes
1168 1147 1254 1206 illi
1283 1148 1527 1224 longior
1554 1149 1706 1208 alter
1734 1156 1883 1209 erat.

564 1233 786 1295 Forma
817 1234 1078 1306 decens,
1125 1232 1320 1293 vestis
1349 1231 1736 1306 tenuissima,
1783 1233 1984 1296 vultus
2015 1237 2331 1314 amantis,

488 1329 549 1381 ,ο
649 1317 726 1378 Et
752 1316 1016 1394 pedibus
1046 1316 1262 1378 vitium
1290 1333 1480 1378 causa
1508 1317 1753 1377 decoris
1783 1325 1930 1378 erat.

561 1403 748 1462 Venit
777 1408 838 1462 et
867 1402 1096 1477 ingenti
1124 1401 1395 1462 violenta
1421 1401 1764 1477 Tragoedia
1792 1419 2019 1478 passu:

644 1486 871 1547 Fronte
902 1501 1117 1546 comae
1145 1491 1353 1562 torva,
1398 1487 1562 1562 palla
1590 1485 1829 1548 iacebat
1855 1486 2047 1548 humiz

556 1570 765 1631 Laeva
796 1586 1011 1631 manus
1044 1577 1356 1646 sceptrum
1385 1571 1506 1631 late
1534 1571 1745 1646 regale
1774 1571 2091 1646 movebat,

646 1655 885 1734 Lydius
916 1655 1037 1715 alta
1069 1654 1297 1729 pedum
1328 1654 1535 1715 vincla
1564 1655 1898 1716 cothurnus
1930 1662 2086 1717 erata

476 1748 540 1801 15
560 1739 636 1800 Et
665 1739 836 1816 prior
862 1739 1103 1814 ‘ecquis
1134 1739 1270 1799 erit’
1303 1738 1456 1800 dixit
1485 1737 1616 1800 ‘tibi
1645 1739 1788 1799 finis
1818 1739 2091 1814 amandi,

642 1822 689 1884 Ο
720 1823 1058 1899 argumenti
1092 1824 1256 1884 lente
1283 1829 1470 1899 poeta
1496 1821 1628 1883 tui?

553 1908 900 1984 Nequitiam
929 1908 1153 1968 vinosa
1181 1915 1352 1968 tuam
1382 1907 1668 1968 convivia
1697 1916 1974 1982 narrant,

639 1992 898 2053 Narrant
927 1992 990 2052 in
1019 1993 1242 2053 multas
1274 1990 1542 2068 compita
1571 1999 1743 2052 secta
1769 1992 1923 2052 vias.

564 2076 766 2153 Saepe
795 2077 1019 2154 aliquis
1060 2076 1251 2151 digito
1282 2083 1486 2136 vatem
1516 2076 1801 2152 designat
1828 2086 2101 2153 euntem,

468 2172 536 2220 531}
640 2162 846 2236 Atque
881 2160 965 2221 ait
995 2160 1177 2234 “hic,
1223 2160 1325 2221 hic
1355 2167 1477 2234 est,
1526 2177 1708 2236 quem
1739 2161 1905 2221 ferus
1933 2163 2053 2223 urit
2077 2164 2363 2226 Amor.”

558 2244 817 2306 Fabula..
856 2260 972 2306 nec
1002 2244 1242 2306 sentis„
1271 2251 1401 2305 tota
1427 2244 1672 2306 iactaris
1703 2246 1762 2305 in
1791 2245 1989 2321 Urbe,

634 2330 790 2390 Dum
821 2336 925 2391 tua
959 2329 1286 2406 praeterito
1319 2329 1478 2390 facta
1509 2329 1747 2405 pudore
1773 2330 1989 2390 refers.

548 2416 811 2489 Tempus
842 2421 973 2475 erat
998 2414 1217 2492 thyrso
1250 2415 1498 2490 pulsum
1527 2414 1812 2488 graviore
1842 2416 2094 2475 moveri.

629 2497 948 2559 Cessatum
979 2499 1129 2559 satis
1160 2505 1276 2559 est.
1335 2497 1542 2573 incipe
1572 2498 1766 2558 maius
1799 2514 1978 2574 opus.

464 2592 528 2640 25
552 2582 804 2643 Materia
835 2583 1062 2659 premis
1093 2582 1424 2658 ingenium.
1484 2597 1638 2642 cane
1669 2583 1828 2643 facta
1859 2582 2160 2644 virorum=

628 2667 848 2727 “Haec
879 2666 1136 2729 animo”
1170 2667 1343 2727 dices
1375 2670 1574 2727 “area
1605 2667 1766 2727 facta
1795 2682 1932 2727 meo
1963 2673 2131 2729 est.”

547 2752 722 2828 Quod
750 2757 1001 2812 tenerae
1031 2758 1306 2824 cantent,
1352 2751 1498 2812 lusit
1526 2757 1633 2812 tua
1662 2767 1869 2824 musa,
1912 2752 2184 2828 puellae,

628 2835 951 2910 Primaque
981 2852 1093 2910 per
1122 2851 1416 2897 numeros
1445 2843 1584 2897 acta
1613 2834 1864 2897 iuventa
1893 2851 2077 2896 suos:

540 2920 709 2980 Nunc
738 2919 1000 2981 habeam
1032 2936 1142 2995 per
1172 2927 1232 2980 te
1259 2921 1541 2980 Romana
1569 2918 1916 2995 Tragoedia
1945 2937 2188 2982 nomen.

456 3016 524 3064 ,ἐϋ
629 3003 912 3080 Implebit
938 3005 1111 3080 leges
1142 3004 1398 3081 spiritus
1427 3003 1548 3066 iste
1574 3007 1794 3064 meas!

540 3088 866 3149 Hactenus.
930 3096 991 3150 et
1018 3089 1211 3149 movit
1246 3089 1424 3164 pictis
1458 3088 1668 3149 innixa
1697 3088 2012 3150 cothurnis

628 3172 892 3233 Densum
923 3171 1201 3234 caesarie
1231 3179 1449 3249 terque
1481 3180 1823 3248 quaterque
1853 3179 2056 3248 caput.

540 3256 771 3330 Altera,
816 3257 870 3318 si
900 3257 1175 3330 memini,
1214 3257 1376 3317 limis
1409 3257 1664 3318 subrisit
1695 3257 1931 3318 ocellis,

616 3339 847 3415 Fallor,
891 3357 970 3401 an
1001 3341 1062 3401 in
1093 3341 1312 3401 dextra
1350 3348 1591 3420 myrtea
1619 3342 1792 3417 virga
1822 3340 1975 3402 suit?

448 3436 516 3484 δῇ
540 3423 723 3496 *Quid
752 3425 1045 3499 gravibus
1074 3425 1284 3485 verbis
1302 3473 1317 3500 ,
1363 3425 1645 3487 animosa
1671 3424 2060 3501 Tragoedia,’
2106 3425 2260 3486 dixit

620 3508 741 3568 *Me
771 3508 1045 3584 premis?
1086 3526 1164 3570 an
1194 3525 1530 3586 numquam
1559 3526 1685 3571 non
1715 3510 1924 3585 gravis
1955 3524 2101 3571 esse
2130 3511 2363 3587 pates?
