2467 4042
313 192 396 258 66
651 211 883 248 mccnus
1134 193 1459 249 METAMM
1477 238 1491 251 .

486 357 718 419 Clamat·
751 354 833 419 ‘io
879 360 1123 420 comites
1150 406 1169 441 ‚
1215 377 1365 441 opus
1411 360 1555 421 haec
1601 362 1846 421 victoria
1872 370 2157 428 nostrum
2190 373 2286 425 est
2302 358 2347 427 1’

483 446 614 507 Non
661 448 838 507 citius
882 446 1124 508 frondes
1169 450 1439 510 autumni
1483 450 1703 527 frigore
1751 457 1935 511 tactas

356 547 458 595 ⁷30
483 534 725 613 Iamque
768 534 919 596 male
964 535 1279 597 haerentes
1324 536 1441 597 alta
1484 538 1642 617 rapit
1685 535 1898 599 arbore
1943 548 2167 600 ventus
2186 588 2206 620 ,

485 622 673 694 Quam
718 631 861 685 sunt
903 623 1166 684 membra
1201 625 1313 685 viri
1358 624 1632 686 manibus
1677 624 1911 704 direpta
1956 627 2276 690 nefandis,

483 709 724 770 Talibus
771 711 1054 791 exemplis
1099 714 1357 773 monitae
1393 730 1544 773 nova
1587 731 1755 773 sacra
1798 714 2197 794 frequentant

482 796 760 877 Turaque
807 798 950 859 dant
994 809 1346 880 sanctasque
1384 800 1589 862 colunt
1630 800 1960 863 Ismenides
2004 821 2142 863 aras
2165 850 2184 863 .

905 1180 1184 1263 LIBER
1239 1180 1667 1267 QUARTUS
1688 1240 1709 1267 .

479 1329 555 1390 At
588 1347 708 1390 non
753 1328 1019 1391 Alcithoe
1065 1330 1348 1410 Minyeias
1395 1332 1559 1409 orgia
1604 1339 1812 1392 censet

479 1416 833 1497 Accipienda
878 1417 974 1478 dei
999 1465 1018 1499 ,
1063 1417 1171 1479 sed
1214 1417 1408 1480 adhuc
1453 1420 1767 1480 temeraria
1810 1418 2118 1481 Bacchum

477 1505 832 1585 Progeniem
877 1513 1055 1585 negat
1091 1524 1223 1568 esse
1259 1505 1414 1567 Iovis
1440 1554 1459 1588 ,
1505 1509 1817 1587 sociasque
1862 1525 2108 1569 sorores

479 1594 804 1673 Impietatis
850 1593 1028 1655 hahet
1055 1641 1070 1656 .
1126 1595 1348 1656 festum
1393 1595 1699 1657 celebrare
1743 1594 2061 1677 sacerdos,

418 1693 450 1742 6
477 1683 896 1762 Immunesque
942 1699 1193 1762 operum
1240 1682 1488 1744 famulas
1535 1682 1921 1763 dominasque
1968 1702 2226 1746 suorum

477 1772 725 1832 Pectora
768 1770 922 1852 pelle
969 1773 1091 1850 tegi
1116 1818 1135 1852 ,
1181 1770 1437 1832 crinales
1483 1771 1712 1832 solvere
1757 1774 1932 1833 vittas
1949 1819 1968 1853 ,

478 1859 649 1920 Serta
694 1877 861 1921 coma
885 1906 904 1940 ,
949 1858 1222 1921 manibus
1259 1859 1609 1921 frondentes
1654 1877 1892 1921 sumere
1938 1860 2181 1940 thyrsos

476 1948 739 2009 Iusserat
762 1993 781 2029 ,
827 1955 889 2010 et
933 1965 1166 2009 saevam
1212 1946 1358 2008 laesi
1396 1948 1527 2009 fore
1570 1950 1833 2009 numinis
1878 1950 2033 2009 iram

481 2037 835 2097 vaticinatus
883 2044 1054 2098 erat.
1108 2045 1324 2116 parent
1368 2044 1708 2116 matresque
1917 2054 2107 2118 sque,

391 2141 447 2185 m
479 2125 767 2201 'remaque
813 2124 1194 2203 calathosque
1231 2125 1570 2204 infectaque
1615 2054 2187 2207 penfflponunt,

479 2213 755 2289 ‘sut-aspie
797 2211 938 2274 dant
961 2260 981 2294 ,
1026 2213 1443 2293 Bacchumque
1487 2220 1702 2275 vocant
1740 2212 2170 2293 Bromiumque

1948 2300 2329 2382 Lyaeuer

479 2393 933 2469 ignigenamque
979 2398 1293 2469 satumque
1338 2392 1560 2452 iterum
1616 2390 1928 2469 solumque
1973 2389 2327 2456 bimatrem:

479 2481 723 2537 Additur
768 2478 862 2539 his
906 2478 1137 2559 Nyseus
1181 2478 1658 2558 indetonsusque
1702 2478 2060 2561 Thyoneus,

480 2569 551 2625 Et
595 2585 731 2625 rum
767 2565 1001 2627 Lenaeo
1048 2566 1296 2648 genialis
1342 2569 1607 2628 consitor
1652 2584 1798 2629 uvae
1815 2614 1835 2648 ,

391 2673 443 2709 us.
479 2657 893 2734 Nycteliusque
929 2655 1286 2734 Eleleusque
1332 2674 1548 2735 parens
1595 2663 1656 2717 et
1694 2654 1944 2717 Iacchus
1989 2665 2052 2717 et
2076 2655 2325 2739 Euhan,

479 2745 547 2801 El
599 2761 747 2821 quae
791 2752 1102 2823 praeterea
1146 2762 1258 2824 per
1304 2744 1507 2808 Graias
1553 2744 1809 2824 plurima
1855 2751 2066 2823 gentes

479 2833 723 2893 mannua
751 2879 768 2913 ‚
820 2831 1000 2894 Liber
1025 2879 1045 2914 ,
1098 2832 1282 2894 habes
1310 2878 1326 2893 .
1390 2832 1499 2894 tibi
1555 2834 1715 2894 enim
1771 2835 2194 2912 inconsumpta

1911 2922 2156 2982 iuventa
2203 2930 2323 3002 est,

479 3013 563 3069 'fu
617 3029 763 3089 puer
808 3017 1089 3071 aeternus
1115 3057 1135 3092 ,
1181 3017 1249 3071 tu
1288 3011 1753 3071 formosissimus
1800 3008 1917 3070 alto

479 3097 851 3177 Campi-:aris
898 3097 1059 3158 caelo
1089 3143 1104 3158 .
1161 3098 1271 3159 tibi
1296 3144 1315 3180 ,
1361 3117 1499 3160 cum
1536 3100 1665 3159 sine
1712 3097 1996 3159 cornibus
2043 3105 2239 3179 astas,

383 3201 447 3245 Ἥ]
481 3189 819 3261 virgineum
866 3194 1044 3265 caput
1080 3194 1174 3247 est
1199 3233 1214 3248 .
1272 3189 1472 3248 oriens
1520 3185 1628 3248 tibi
1675 3189 1865 3248 victus
1914 3185 2186 3265 adusque

483 3277 727 3333 lmcnlor
773 3284 1039 3336 extremo
1084 3293 1204 3354 qua
1250 3277 1545 3355 tinguitur
1590 3274 1755 3335 ludia
1800 3274 2004 3353 Gange
2022 3320 2039 3336 .

479 3365 739 3421 {mumma
794 3371 859 3423 tu
886 3408 905 3444 ,
952 3363 1286 3424 venerande
1313 3409 1332 3443 ,
1376 3362 1936 3442 bipenniferumque
1987 3361 2322 3442 Lycurgum

483 3449 807 3525 :sacrilegos
853 3459 1074 3510 mactas
1098 3497 1119 3531 ,
1165 3450 1593 3530 Tyrrhenaque
1639 3453 1825 3513 mittis
1869 3453 1933 3511 in
1985 3468 2216 3530 aequor

483 3537 739 3613 {hstrpnra
768 3579 782 3594 .
837 3545 903 3596 tu
948 3537 1216 3613 biiugum
1258 3540 1438 3617 pictis
1480 3541 1735 3618 insignia
1778 3540 1964 3599 frenis
