2467 4042
311 246 423 309 [86
1027 243 1306 304 ARTIS
1351 244 1625 305 ΑΜΑΤ.

468 399 608 459 Vim
642 413 830 473 passa
860 405 958 458 est
982 395 1249 456 Phoebe.
1296 397 1395 456 vis
1426 404 1522 457 est
1550 399 1731 458 allata
1764 397 1989 456 sorori·

344 495 448 548 680
551 483 627 542 Et
654 487 862 554 gratus
893 488 1106 555 raptae
1135 486 1346 555 raptor
1374 487 1632 555 uterque
1663 483 1787 541 fuit.

467 567 694 627 Fabula
723 573 868 626 nota
899 566 1175 640 quidem,
1223 565 1333 624 sed
1368 580 1489 624 non
1520 566 1770 641 indigna
1799 565 2030 638 referri,

556 648 808 728 Scyrias
838 648 1175 709 Haemonio
1211 649 1417 709 iuncta
1447 651 1651 725 puella
1683 651 1831 708 viro.

472 737 598 794 Iam
627 735 744 795 dea
775 735 1057 794 laudatae
1087 734 1342 792 dederat
1370 750 1483 792 sua
1517 734 1786 808 praemia
1818 735 2050 794 formae
2101 765 2105 768 ·

558 818 724 879 Colle
756 818 871 878 sub
901 819 1086 877 ldaeo
1116 819 1366 877 vincere
1395 818 1581 893 digna
1614 819 1799 878 duas=

344 905 594 969 6851a1n
623 919 810 963 nurus
843 903 920 973 ad
949 901 1249 960 Priamum
1278 902 1525 962 diverso
1557 893 1811 962 vener'at
1839 903 2005 976 orbe,

559 987 864 1061 Graiaque
894 987 952 1045 in
984 985 1184 1046 Iliacis
1214 987 1537 1046 moenibus
1564 1002 1725 1067 uxqr
1756 994 1912 1047 eratz

473 1071 755 1131 Iurabant
786 1086 998 1131 omnes
1027 1070 1086 1129 in
1125 1070 1278 1130 laesi
1292 1071 1498 1130 ·verba
1520 1070 1741 1130 mariti=

554 1157 704 1214 Nam
738 1155 918 1214 dolor
945 1153 1128 1215 unius
1162 1154 1406 1229 publica
1435 1170 1625 1214 causa
1654 1154 1781 1215 fuit.

471 1241 702 1314 Turpe,
747 1239 868 1311 nisi„
895 1239 1016 1298 hoc
1053 1238 1260 1298 matris
1299 1238 1583 1314 precibus
1612 1239 1999 1313 tribuisset,..
2039 1238 2329 1299 Achilles

347 1334 450 1389 690
556 1325 747 1383 Veste
782 1322 975 1382 virum
1006 1323 1189 1398 longa
1220 1323 1638 1384 dissimulatus
1666 1329 1812 1382 erat.

473 1407 626 1482 Quid
660 1406 842 1479 iacis,
887 1407 1202 1467 Aeacide?
1246 1423 1367 1468 non
1399 1413 1540 1467 sunt
1572 1415 1675 1468 tua
1704 1422 1956 1466 munera
1985 1408 2186 1470 lanae.

555 1491 646 1552 Tu
675 1492 881 1551 titulos
913 1491 1033 1551 alia
1059 1490 1328 1552 Palladis
1359 1498 1488 1551 arte
1517 1499 1713 1566 petas,

475 1576 627 1651 Quid
659 1575 762 1634 tibi
795 1591 929 1635 cum
961 1574 1262 1635 calathis?
1306 1575 1504 1649 clipeo
1538 1591 1755 1635 manus
1788 1580 1933 1649 apta
1964 1573 2223 1635 ferendo
2250 1584 2372 1635 est.

557 1661 755 1720 Pensa
786 1660 932 1733 quid
962 1660 1021 1719 in
1056 1659 1298 1732 dextra,
1348 1675 1473 1734 qua
1502 1659 1683 1719 cadet
1707 1658 1963 1733 Hector,
2006 1658 2250 1718 habes?

346 1757 447 1811 695
475 1746 660 1806 Reice
689 1745 1037 1805 succinctos
1069 1758 1338 1818 operoso
1372 1743 1631 1803 stamine
1662 1742 1867 1802 susos!

561 1829 925 1903 Quassanda
953 1835 1050 1888 est
1078 1828 1196 1887 ista
1224 1826 1423 1887 Pelias
1453 1827 1632 1887 hasta
1664 1842 1865 1886 manu.

475 1913 653 1974 Forte
682 1919 814 1973 erat
842 1914 901 1972 in
930 1912 1195 1972 thalamo
1226 1911 1403 1986 virgo
1432 1910 1655 1987 regalis
1686 1909 1927 1971 eodem.

560 1999 726 2057 Haec
756 1997 919 2056 illum
954 2004 1167 2071 stupro
1200 1995 1502 2070 comperit
1528 2010 1673 2054 esse
1701 1995 1917 2053 virum.

474 2082 720 2142 Viribus
752 2081 852 2141 illa
884 2081 1130 2156 quidem
1159 2081 1323 2140 victa
1353 2087 1467 2140 est.
1509 2079 1592 2139 ita
1618 2079 1873 2138 credere
1903 2083 2174 2151 oportet=

351 2177 451 2236 τοο
559 2165 683 2226 Sed
717 2164 908 2225 voluit
935 2165 1096 2226 vinci
1129 2163 1361 2224 viribus
1395 2164 1495 2223 illa
1525 2169 1744 2223 tamen.
1819 2205 1850 2227 .

477 2250 680 2325 Saepe
711 2253 971 2308 ‘manet’
1017 2248 1196 2324 dixit,
1237 2264 1372 2309 cum
1404 2248 1523 2307 iam
1556 2252 1913 2323 properaret
1933 2245 2268 2308 Achilles...

558 2333 760 2395 Fortia
789 2349 929 2392 nam
964 2333 1165 2408 posito
1198 2338 1547 2408 sumpserat
1575 2347 1743 2390 arma
1772 2331 1930 2390 colo.

474 2417 586 2478 Vis
620 2418 723 2478 ubi
753 2433 912 2477 nunc
942 2417 1043 2477 illa
1075 2424 1210 2479 est?
1276 2415 1428 2490 Quid
1456 2416 1684 2476 blanda
1715 2430 1869 2476 voce
1898 2414 2156 2475 moraris

561 2504 886 2563 Auctorem
919 2501 1143 2577 stupri,
1188 2501 1534 2572 Deidamia,
1576 2499 1704 2561 tui?

353 2598 449 2650 rna
477 2587 718 2648 Scilicet
745 2593 810 2647 ut
839 2588 1041 2661 pudor
1068 2591 1162 2646 est
1192 2587 1493 2660 quaedam
1527 2583 1814 2658 coepisse
1845 2581 2131 2659 priorem,

563 2671 665 2732 Sic
694 2671 812 2731 alio
843 2678 1080 2745 gratum
1109 2675 1204 2730 est
1232 2669 1560 2744 incipiente
1588 2668 1731 2743 pati.

477 2759 560 2818 A!
608 2755 791 2815 nimia
823 2761 919 2815 est
946 2754 1149 2815 iuveni
1183 2753 1470 2829 propriae
1506 2753 1733 2812 fiducia
1764 2753 2011 2824 formae,

559 2842 858 2915 Expectat
888 2837 1082 2914 siquis
1101 2885 1115 2913 ,
1158 2839 1301 2897 dum
1335 2839 1500 2912 prior
1528 2837 1631 2896 illa
1658 2845 1849 2912 roget.

477 2926 588 2985 Vir
619 2924 785 2999 prior
813 2924 1097 2996 accedat,
1146 2923 1239 2981 vir
1268 2922 1455 2982 verba
1492 2919 2021 2996 precantia'dicat=

357 3022 453 3070 'lm
554 3009 835 3083 Excipiat
863 3006 1121 3067 blandas
1152 3006 1405 3067 comiter
1430 3006 1533 3065 illa
1562 3020 1799 3080 preces,

477 3095 555 3154 Ut
585 3093 849 3168 potiare,
891 3107 1061 3167 roga.
1107 3097 1338 3151 tantum
1368 3089 1534 3164 cupit
1564 3089 1664 3148 illa
1691 3089 1912 3164 rogari.

561 3179 650 3237 Da
685 3192 932 3236 causam
963 3175 1087 3235 voti
1122 3174 1607 3250 principiumque
1642 3173 1745 3233 tui.

478 3261 748 3336 luppiter
777 3261 853 3319 ad
884 3267 1125 3320 veteres
1155 3260 1420 3334 supplex
1448 3257 1739 3318 heroidas
1772 3257 1923 3316 ibat=

565 3343 846 3419 Corrupit
876 3360 1160 3419 magunum
1195 3344 1359 3402 nulla
1396 3343 1598 3417 puella
1628 3342 1855 3402 Iovem.

361 3438 453 3490 ῖιῇ
482 3427 543 3488 Si
580 3436 774 3489 tamen
808 3445 842 3488 a
875 3427 1160 3503 precibus
1193 3427 1457 3487 tumidos
1491 3425 1789 3486 accedere
1819 3424 2013 3482 fastus

568 3512 880 3582 Senseris,
926 3513 1168 3587 incepto
1202 3526 1387 3585 parce
1413 3511 1699 3584 referque
1732 3508 1967 3584 pedem.
