2467 4042
199 258 245 324 34
606 259 806 321 Altonum

205 460 255 549 11
288 460 392 555 Prima
407 492 503 551 malas
518 491 636 566 docuit,
654 490 830 551 mirantibus
845 491 989 567 aequoris
1007 495 1110 565 undis,

327 576 446 636 Peliaco
462 575 552 649 pinus
567 573 683 633 vertice
698 587 789 632 caesa
806 576 890 646 vias,

287 662 368 737 Quae
385 658 591 719 centunculis
607 656 685 716 inter
697 657 856 716 temeraria
870 662 974 718 cautes

282 796 288 806 s
329 742 530 816 Conspicuam
544 740 628 800 lulvo
643 739 757 798 vellere
772 740 855 798 vexit
869 755 966 800 ovem.

243 827 295 890 50
312 829 438 897 utinam,
460 822 569 896 nequis
584 838 668 882 remo
684 823 760 882 freta
774 823 865 897 longa
879 827 1027 901 moveret,

326 911 410 981 Argo
427 907 563 965 funestas
581 920 690 980 pressu
704 904 833 965 bibisset
848 912 961 980 aquas!

285 993 380 1061 Ecce,
403 988 477 1062 fugit
491 995 658 1062 uotumque
671 995 770 1048 torum
786 987 953 1062 sociosque
972 998 1114 1064 penates,

327 1072 519 1146 Fallacisque
534 1071 600 1130 vias
615 1072 659 1129 ire
675 1069 804 1130 Corinna
818 1080 914 1146 parat.

286 1156 362 1232 Quid
376 1155 460 1216 tibi...
473 1170 521 1213 me
534 1155 724 1213 miseruml...
733 1153 889 1229 zephyros
913 1152 1074 1231 eurosque'
1087 1157 1210 1232 timebo,

244 1251 278 1303 10
330 1239 367 1298 Et
380 1238 512 1312 gelidum
526 1236 641 1297 borean
655 1236 868 1312 egelidumque
882 1245 1005 1297 notum?

286 1323 352 1384 Non
368 1322 427 1381 illic
439 1321 547 1392 urbes,
570 1336 631 1379 non
646 1327 676 1378 tu
688 1320 837 1380 mirabere
853 1321 957 1380 silvas.

327 1404 394 1464 Una
408 1410 454 1463 est
467 1403 569 1463 iniusti
583 1404 705 1463 caerula
719 1404 815 1462 forma
829 1405 931 1464 maris.

286 1489 348 1548 Nec
362 1477 479 1547 mediu's
495 1486 593 1547 tenuis
611 1486 746 1546 conchas
760 1486 922 1561 pictosque
934 1486 1056 1562 lapillos

328 1570 439 1630 Pontus
454 1569 554 1629 habet.
582 1568 676 1629 bibuli
689 1568 785 1630 litoris
800 1570 850 1629 1113
864 1584 949 1630 mora
964 1576 1019 1630 cst.

245 1664 277 1718 11
290 1654 392 1714 Litora
405 1652 582 1712 marmorcis
597 1653 728 1727 pedibus
744 1652 876 1727 signate,
900 1654 1033 1728 puellaer

329 1730 480 1797 Hactenus
496 1742 544 1795 est
553 1741 657 1795 tulum.
689 1742 790 1795 cetera
805 1751 898 1797 caeca
912 1736 960 1795 via
975 1741 1029 1797 est.

287 1821 324 1880 Et
338 1819 424 1879 vobis
439 1819 488 1878 alii
503 1825 661 1878 ventorum
676 1819 793 1893 proelia
807 1826 942 1890 narrent,

329 1903 409 1976 Quas
425 1901 528 1978 Scylla
543 1902 677 1975 infestet,
701 1917 818 1976 quasve
834 1900 1002 1977 charybdis
1017 1916 1131 1977 aquas,

286 1986 323 2046 Et
338 1986 447 2060 quibus
463 1985 613 2044 emineant
627 1984 760 2044 violenta
777 1984 925 2047 Ceraunia
939 1984 1038 2056 saxis,

241 2077 282 2133 to
332 2069 396 2142 Quo
414 2070 525 2127 lateant
540 2066 647 2143 Syrtes
661 2083 772 2143 magna
785 2067 944 2142 minorque
962 2068 1039 2127 sinu
1232 2122 1233 2133 ,

287 2150 368 2212 Haec
384 2150 433 2209 3111
449 2151 588 2209 referant.
620 2158 650 2209 al
664 2167 722 2209 vos
739 2151 823 2225 quod
838 2151 970 2224 quisque
985 2151 1140 2224 loquetur,
1232 2152 1233 2163 ¹

330 2232 456 2294 Credite.
484 2234 616 2292 credenti
635 2234 715 2292 nulla
729 2233 863 2308 procella
878 2240 976 2292 nocet.

289 2316 364 2377 Sero
379 2315 540 2390 respicitur
553 2316 656 2390 tellus,
679 2316 730 2376 ubi
746 2318 817 2376 lune
832 2317 931 2376 soluto

330 2399 425 2459 Currit
438 2399 467 2456 in
483 2399 651 2460 inmensum
667 2400 769 2474 panda
785 2398 887 2458 carina
902 2399 1008 2458 salum.

242 2492 276 2544 11
290 2483 397 2541 Navita
412 2481 557 2541 sollicitus
574 2482 645 2558 quia
661 2489 769 2542 ventos
784 2482 887 2542 horret
900 2481 1036 2556 iniquos,

329 2565 367 2625 Et
380 2581 477 2640 prope
492 2572 551 2624 tam
566 2567 672 2638 letum,
696 2581 786 2639 quam
809 2581 907 2640 prope
923 2565 1017 2625 cernit
1028 2581 1149 2639 aquam.

290 2648 375 2722 Quod
391 2649 416 2707 si
433 2664 601 2709 concussas
616 2647 719 2708 Triton
735 2655 898 2723 exasperet
910 2649 1025 2721 undaS,

332 2733 425 2805 Quam
442 2732 494 2790 tibi
510 2733 548 2791 sit
562 2739 625 2792 1010
641 2731 739 2791 nullus
754 2733 783 2790 in
800 2747 852 2790 013
868 2731 966 2791 001011

289 2815 363 2874 Tum
377 2829 527 2888 generosa
541 2831 635 2874 voces
652 2815 800 2874 fecundae
816 2813 917 2874 sidera
931 2813 1047 2887 Ledae,

249 2904 285 2960 311
336 2898 373 2956 Et
387 2898 500 2970 ‘lelix‚’
516 2899 601 2958 dicas
618 2901 720 2972 ‘quem
737 2914 794 2957 sua
807 2904 887 2957 terra
900 2898 1010 2957 tenett’

289 2981 390 3041 tutius
407 2987 454 3039 est
468 2981 583 3041 lovisse
597 2988 709 3052 torum,
734 2980 847 3054 legisse
861 2981 996 3049 11131103,

331 3064 498 3123 Threiciam
511 3064 612 3139 digitis
625 3064 816 3138 increpuisse
833 3064 938 3140 lyram.

290 3148 329 3204 At
348 3147 375 3206 si
389 3163 468 3205 vana
485 3148 583 3207 terunt
602 3148 743 3207 volueres
762 3163 829 3205 mea
844 3143 1104 3221 diclaprocellac,

334 3233 442 3303 Aequa
457 3237 554 3288 tamen
571 3231 668 3305 puppi
684 3229 723 3289 sit
738 3229 862 3288 Galatea
877 3236 955 3288 tuae.

248 3320 282 3374 11
294 3313 433 3371 Vestrum
450 3313 562 3371 crimen
578 3315 634 3372 erit
649 3313 717 3373 lulis
732 3313 844 3372 iactura
861 3314 995 3387 puellae,

332 3395 538 3470 Nereidesque
553 3397 629 3455 deae
643 3396 867 3470 Nereidumque
883 3403 978 3470 pater.

293 3479 380 3536 Vade
395 3495 510 3539 memor
525 3481 634 3554 nostri,
651 3486 742 3539 vento
757 3479 889 3538 reditura
905 3478 1051 3538 secundo.
