2467 4042
430 258 476 328 V,
494 263 652 314 eet-355.
761 278 895 315 cursorius
1003 259 1044 323 97

121 424 206 485 Bella
228 426 305 486 cenit
327 442 472 505 superum
495 424 628 503 falsoque
651 423 818 486 inhonore
843 425 979 504 Gigantas

36 524 102 573 320
120 512 233 594 Ponit,
255 522 285 574 et
308 520 451 575 extenuat
474 530 649 592 magnorum
671 513 747 574 iacta
771 513 912 575 deorum:

119 600 332 681 Emissumque
355 603 415 661 ime
437 600 475 662 de
497 601 568 662 sede
591 599 730 681 Typhoia
753 609 850 663 terrae

122 689 284 750 Caelitibus
308 689 415 751 iecisse
438 697 573 771 metum,
596 697 781 769 cunctosque
804 689 921 751 dedisse

121 777 220 857 Terga
242 778 351 859 ingae,
375 777 470 839 donec
493 778 588 839 fessos
606 777 748 858 Aegyptia
771 777 859 840 tellus

122 866 242 945 Ceperit
265 875 296 927 et
319 875 434 945 septem
456 865 604 928 discretus
627 867 659 927 in
681 869 757 929 ostia
779 865 881 927 Nilus.

42 965 104 1015 325
122 953 189 1015 Huc
211 971 332 1035 quoque
354 956 535 1034 terrigenam
557 956 674 1016 venisse
697 952 837 1035 Typhoia
859 964 976 1038 narret,

121 1041 162 1103 Et
182 1060 215 1104 sc
237 1044 371 1104 mentitis
394 1060 519 1122 superos
542 1043 654 1104 celasse
677 1043 798 1123 liguris:
952 1054 975 1098 ¹·
989 1055 1045 1097 lvii·

123 1125 272 1211 “Duxque
295 1126 406 1211 gregis'
430 1132 504 1192 dixit
527 1126 572 1194 ‘tt
594 1130 750 1213 luppiter3
777 1130 856 1192 unde
879 1127 1014 1194 recurvis

121 1219 207 1280 Nunc
221 1237 342 1299 quoque
357 1220 500 1281 iormatus
513 1218 602 1299 Libys
616 1227 664 1281 est
673 1237 742 1282 cum
752 1218 892 1282 cornibus
902 1220 1045 1282 Ammon:

123 1306 222 1369 Delius
245 1309 278 1368 in
302 1325 391 1368 corvo
403 1355 413 1388 ,
435 1307 534 1387 proles
558 1307 703 1369 Semelets
727 1325 834 1389 capro,

48 1408 106 1458 seo
122 1395 190 1456 Pele
214 1413 301 1456 soror
324 1393 460 1477 Phoebi,
482 1398 566 1456 nisce
590 1396 728 1457 Saturnia
751 1414 857 1477 vacca,

121 1483 206 1546 Pisce
229 1482 331 1544 Venus
354 1483 461 1565 latuit,
484 1483 633 1563 Cyllenius
656 1484 744 1545 ibidis
767 1478 863 1546 alis.”

121 1571 273 1634 Hactenus
296 1571 333 1632 ad
356 1571 499 1632 citharam
522 1574 633 1633 vocalia
655 1581 789 1634 moverat
805 1590 876 1633 ora.

120 1660 278 1722 Poscimur
301 1659 430 1721 Aonides
453 1692 496 1705 -·
519 1660 572 1722 sod
596 1661 721 1723 forsitan
743 1663 803 1723 otia
825 1677 887 1722 uon
910 1662 988 1742 sint,

119 1747 182 1810 Nec
206 1749 318 1809 nostris
340 1747 485 1829 praebere
508 1757 592 1810 vacet
615 1749 669 1810 tibi
692 1748 828 1811 cantibus
851 1745 977 1810 auresl'

53 1848 106 1899 tec
120 1833 176 1897 ‘Ne
200 1835 326 1918 dubita,
348 1845 541 1916 vestrumque
564 1837 636 1898 mihi
659 1838 740 1900 reier
763 1837 867 1899 ordine
890 1833 1021 1899 carmen'

119 1924 216 1986 Pallas
239 1927 281 1986 ait
292 1971 303 2007 ‚
325 1927 516 2004 nemorisque
538 1926 596 1986 levi
619 1926 755 1988 consedit
776 1928 808 1987 iu
829 1924 952 1988 umbra.

119 2014 204 2075 Musa
228 2013 344 2075 relert:
368 2007 514 2075 ‘dedimus
537 2031 683 2075 summum
707 2016 877 2076 certaminis
900 2016 970 2075 uni.

120 2102 248 2184 Surgit,
271 2109 303 2162 et
323 2104 464 2163 inmissos
486 2102 597 2163 hedera
620 2102 743 2164 collecta
766 2102 887 2183 capillos

120 2189 253 2270 Calliope
276 2189 417 2270 querrtlas
438 2197 637 2271 praetemptat
658 2189 764 2271 pollice
788 2189 931 2270 chordas,

55 2290 107 2341 sto
120 2280 219 2358 Atque
242 2278 316 2338 haec
338 2280 489 2358 percussis
508 2278 662 2358 subiungit
684 2281 814 2340 carmina
837 2279 952 2339 nervis.

120 2363 245 2427 “Prima
269 2365 359 2428 Ceres
382 2384 460 2427 unco
482 2365 615 2446 glaebam
638 2367 760 2428 dimovit
781 2375 901 2447 aratro,

119 2455 220 2517 Prima
243 2455 325 2515 dedit
347 2454 448 2534 fruges
471 2455 667 2535 abnuentesque
692 2457 772 2518 mitia
795 2457 903 2534 terris,

120 2542 221 2603 Prima
245 2543 326 2604 dedit
348 2543 451 2622 leges:
474 2541 592 2605 Cereris
615 2552 686 2605 sunt
708 2547 807 2605 omnia
829 2560 954 2605 munus.

121 2630 174 2692 llic
196 2632 329 2692 canenda
351 2631 424 2692 mihi
447 2640 513 2693 est.
541 2634 655 2693 ntinem
681 2631 768 2693 modo
796 2632 896 2693 dicere
929 2650 1047 2711 possem
1112 2648 1123 2667 ⁰

58 2732 107 2781 34⁵
124 2719 262 2781 Carmina
284 2720 372 2800 digna
395 2719 471 2782 dea:
495 2729 576 2781 certe
599 2721 655 2781 dea
678 2722 807 2782 carmine
831 2720 918 2800 digne
941 2729 1002 2782 est.

123 2805 210 2869 Vasta
232 2807 382 2887 Giganteis
405 2810 519 2888 ingesta
542 2818 588 2869 est
610 2808 705 2870 insula
729 2808 870 2870 membris

122 2895 297 2977 Trinacris,
320 2906 352 2957 et
374 2899 487 2975 magnis
511 2896 677 2958 subiectum
701 2897 828 2960 molibus
851 2907 959 2975 urguet

123 2984 277 3047 Aetherias
290 3003 396 3045 ausum
420 3003 541 3064 sperare
564 2985 702 3065 Typhoia
725 2985 829 3048 sedes.

123 3071 236 3135 Nititur
259 3072 308 3134 illc
332 3073 668 3154 quidem,pugnatque
692 3091 851 3154 resurgere
874 3092 980 3153 saepe:

60 3170 111 3225 tto
124 3160 233 3222 Dextra
256 3161 308 3222 scd
332 3163 462 3222 Ausonio
486 3179 590 3223 manus
613 3171 661 3224 est
683 3163 816 3225 subiecta
838 3161 963 3244 Peloro,

124 3248 239 3333 Laeva,
263 3248 421 3331 Pachyne,
445 3248 520 3312 tibi:
543 3248 681 3330 Lilybaeo
705 3269 793 3314 crura
816 3258 1011 3332 premuntur:

123 3336 268 3418 Degravat
290 3338 384 3400 Aetna
407 3347 517 3418 capnt.
546 3338 601 3400 sub
625 3358 683 3420 qua
705 3342 866 3421 resupinus
888 3339 1015 3402 herenas

123 3424 260 3505 Eiectat,
283 3426 489 3507 flammamque
512 3426 595 3489 leros
618 3431 711 3492 vomit
732 3447 784 3490 ore
807 3426 984 3509 Typhoeus.

123 3513 217 3595 Saepe
241 3516 375 3577 remoliri
397 3514 527 3577 luctetur
549 3517 681 3596 pondera
706 3526 820 3598 terreo,

64 3613 111 3665 stt
124 3601 297 3687 oppidaque
320 3613 351 3668 et
373 3623 495 3687 magnos
518 3604 672 3668 devolvere
697 3624 822 3689 corpore
846 3613 981 3668 montes:

93 3714 230 3760 omn.
818 3712 832 3763 ⁷
