2467 4042
963 271 1081 325 XXXXI

72 450 166 498 ‘mola
220 438 291 497 libri
318 437 442 497 Nomine
468 455 556 512 quom
576 440 680 512 pretio.
735 455 788 496 ara
810 438 907 513 pretio
930 436 1081 497 celebrata

73 525 202 585 absurde
226 525 342 585 dieitur.
397 526 566 585 celebratur
588 525 774 600 adoratione,
802 526 1080 600 consecrationibus,

75 615 162 691 quale
191 617 238 673 est
263 616 370 687 fertum
403 613 481 690 quod
512 616 632 691 praeter
659 613 764 672 Ianum
796 613 861 673 Iovi
890 614 1080 689 potissimum

76 703 251 762 obmovetur
269 700 349 777 apud
368 699 511 760 Catonem
529 715 673 763 cxmm
693 704 711 759 2
732 705 763 761 et
781 704 811 762 4.
834 702 914 777 apud
931 701 1080 761 flaminem

76 789 193 849 Dialem
214 789 379 864 repositum
401 799 505 848 narrat
528 790 642 850 Gellius
665 790 752 848 Xxv
768 792 818 848 14.
931 785 996 849 380
1010 800 1079 849 nnc

76 889 183 937 nasas
211 889 361 954 busana,
389 889 515 955 unsre,
543 889 640 939 noos.
694 877 764 936 libri
786 879 865 938 redes
887 880 983 938 desere
1004 882 1079 944 tuor,

74 984 196 1040 prorsus
228 966 410 1024 eontrarium
440 966 541 1026 versui
573 966 650 1026 365:
683 965 813 1041 virginea
843 965 982 1025 Vestales
1013 983 1080 1024 oum

76 1054 167 1113 saeris
191 1052 283 1113 Caere
305 1054 421 1129 pridem
444 1054 588 1128 abierant,
611 1054 709 1114 forum
733 1054 764 1111 et
786 1072 871 1113 mons
889 1053 1043 1112 Palatinus
1062 1071 1080 1112 a

76 1141 170 1201 Gallis
193 1142 414 1217 obtinebantur,
435 1143 467 1200 in
486 1140 634 1217 Capitolio
658 1141 742 1200 sedes
764 1142 856 1217 nulla,
880 1161 969 1219 quam
988 1140 1080 1201 Vesta

75 1229 211 1289 deserere
233 1233 343 1305 posset.
455 1224 517 1290 571
543 1243 588 1289 ΕΤ
612 1241 771 1290 CONSTAT
790 1242 895 1290 ENIM„
939 1232 1080 1305 corrupta

75 1333 223 1408 videntur,
245 1334 321 1393 nihil
338 1335 370 1392 in
386 1339 539 1410 promptu,
562 1335 708 1410 putabam
720 1336 759 1412 it,
780 1336 863 1396 habet
883 1339 978 1396 instar
996 1338 1078 1396 enim.

164 1417 228 1480 304
255 1434 293 1481 ru
317 1435 385 1494 ona
413 1435 499 1483 rans
527 1435 651 1483 ancras
680 1435 894 1483 nonrnrrana
918 1436 982 1484 sna
1005 1436 1078 1484 aar.

76 1508 146 1567 libri
166 1526 228 1582 por
258 1512 348 1583 socies
373 1511 520 1570 nobilitate
546 1530 609 1571 roo.
663 1511 737 1569 nihil
770 1512 801 1570 in
832 1511 1079 1587 interpretatione

75 1596 254 1671 profectum3
276 1616 336 1657 non
357 1597 551 1675 intelleetum,
574 1601 606 1659 io
629 1618 688 1672 qao
709 1602 799 1673 facies
820 1600 1080 1676 nobilissimo„vel

75 1684 219 1761 quidquid
242 1685 405 1746 eiusmodi
427 1685 551 1762 dicatur,
574 1687 711 1747 indecore
735 1687 800 1747 diei.
855 1688 949 1748 edieoi
966 1707 981 1748 s
998 1688 1079 1747 litte·

75 1790 139 1830 ram
163 1777 194 1831 et
213 1773 364 1850 adsumpsi
383 1779 424 1834 eet
441 1793 457 1832 e
475 1775 624 1835 oodioibue
643 1795 702 1834 non
720 1777 830 1852 paucis,
854 1795 912 1854 quo
931 1776 1080 1836 sententia

75 1859 220 1919 efficietur
243 1855 287 1919 ‘in
305 1881 364 1939 qua
381 1862 538 1923 nobilitate
557 1882 626 1939 pars
645 1858 720 1939 sua',
742 1866 798 1925 hoo
817 1866 871 1939 est,
894 1865 1079 1939 conveniens,

75 1966 163 2025 quam
186 1955 336 2025 expectes,
365 1954 398 2010 ut
420 1969 476 2011 ruo
503 1969 592 2011 eausa
613 1951 676 2010 IIII
700 1955 777 2029 368,
806 1953 848 2011 VI
873 1955 949 2029 284,
978 1947 1079 2012 ‘facies

75 2029 142 2097 est'.
187 2036 276 2096 Triet.
295 2037 483 2098 1111111131
504 2040 604 2113 Deque
625 2042 696 2100 mer'e
716 2043 766 2102 iiio
788 2044 930 2117 referebat
950 2044 1082 2102 uersibus

74 2140 130 2200 ore,
153 2124 195 2183 Io
216 2143 271 2199 quo
288 2145 365 2201 pars
387 2128 464 2187 aliae
485 2130 643 2188 nobilitatis
665 2134 734 2191 erat.

164 2262 225 2323 Sor.
247 2284 286 2324 m.
310 2265 372 2325 Ian.
395 2285 638 2328 unooonxxxnn.
