2467 4042
564 768 617 834 23,
640 767 670 833 (t
687 764 854 831 TVB-rt*

231 910 282 961 tto
298 898 434 961 Proxime
457 894 578 956 Volcani
600 894 652 955 lux
675 903 743 975 eet,
765 893 949 954 Tubilustria
971 895 1103 955 dieunt:
1168 910 1196 947 ea

341 984 520 1047 Lmtrantor
542 1000 635 1063 purae
647 1029 657 1063 ‚
679 1000 754 1061 quaa
776 983 847 1043 lacit
868 980 917 1041 ille
929 1030 940 1061 ‚
963 982 1077 1042 tubae.

564 1120 616 1186 2⁴1„
640 1117 857 1194 uultu-F

297 1250 443 1321 Quattuor
466 1246 535 1308 inde
559 1249 638 1308 notio
660 1246 744 1307 locus
770 1255 839 1326 eet,
867 1244 977 1324 quibua
999 1248 1115 1310 ordine
1136 1249 1196 1309 eeu

341 1334 392 1397 Vel
416 1353 480 1396 moe
502 1352 679 1414 sacrorum,
702 1333 747 1394 vel
769 1334 838 1413 luga
860 1335 939 1413 regia
961 1336 1065 1398 inest.

372 1473 424 1539 25.
448 1470 510 1538 ΑΟ
557 1469 692 1537 26.Βο
736 1467 868 1536 27.ΟΟ
912 1471 966 1535 28.
989 1469 1057 1537 Dc

463 1560 514 1626 29.
538 1559 598 1625 ΕΟ
644 1557 777 1624 abac
822 1559 873 1623 31.
892 1556 952 1622 (tc

260 1748 263 1755 ,
297 1687 358 1750 Neo
382 1697 411 1749 te
435 1696 612 1768 praetereo,
634 1684 738 1766 populi
760 1685 890 1746 Fortuna
912 1689 1051 1764 pomntis

231 1790 284 1840 tto
342 1774 486 1850 Publica,
510 1777 560 1837 cui
582 1772 725 1854 templum
747 1773 814 1835 luee
837 1781 981 1851 sequente
1005 1774 1116 1836 (latum
1137 1788 1185 1837 ert.

298 1864 378 1926 llano
401 1862 453 1926 ubl
476 1863 558 1925 dives
580 1865 667 1941 aquis
690 1863 839 1942 acceperit
860 1859 1063 1944 Amphitrite,

342 1952 431 2014 Grata
454 1951 515 2013 lori
538 1950 634 2012 lulrae
657 1958 754 2011 rostra
777 1948 890 2010 ridebis
913 1951 991 2010 aris.

298 2042 420 2104 inferet
442 2057 479 2102 ex
502 2039 597 2101 oeulis
620 2041 742 2100 veniens
765 2056 872 2099 aurora
894 2036 1029 2117 booten,

342 2129 549 2209 Continuoque
572 2127 621 2188 (lie
644 2127 727 2188 sidus
750 2124 872 2205 Hyantis
894 2127 969 2186 erit.

536 2400 675 2485 LIBER
702 2399 890 2485 burrus,

298 2584 352 2647 llic
377 2574 495 2666 quoque
519 2586 629 2645 mensis
652 2583 740 2644 habet
763 2582 868 2644 dubiae
894 2585 925 2643 in
949 2586 1075 2646 nomine
1099 2605 1202 2648 cause.

342 2674 424 2746 Quae
447 2671 603 2753 placeant,
627 2673 731 2752 positis
754 2671 892 2733 omnibus
915 2673 979 2750 ipse
1003 2671 1107 2752 legen.

297 2760 385 2825 Facto
410 2779 532 2842 onnam,
556 2760 608 2821 sed
633 2767 740 2838 erunt,
760 2762 811 2839 qui
829 2777 876 2820 me
895 2760 1014 2820 finxisse
1041 2760 1203 2841 loquantur.

342 2848 487 2931 Nullaque
510 2847 627 2909 mortali
652 2849 771 2908 numina
796 2849 856 2907 risa
879 2856 1001 2927 putent.

268 2936 351 3001 abst
374 2938 448 3000 deuo
470 2939 501 2998 in
526 2935 635 3015 nobis,
658 2938 785 3015 agitante
809 2935 983 2996 calescimus
1005 2936 1078 2999 illo:

341 3027 473 3107 Impetus
496 3025 544 3085 hie
568 3041 669 3086 sacrae
693 3025 805 3084 semina
827 3026 935 3085 mentis
957 3022 1067 3086 habet.

300 3114 355 3177 Fae
380 3112 450 3175 milti
474 3115 633 3194 praecipue
658 3111 754 3173 voltus
778 3111 885 3173 vidisse
908 3111 1051 3192 deornm,

343 3202 394 3264 Vel
418 3204 485 3283 quio
508 3219 574 3263 eum
599 3208 703 3280 rates,
726 3198 771 3259 rel
794 3200 862 3278 quia
886 3217 968 3260 sacra
992 3217 1086 3262 cano.

300 3291 352 3354 Est
375 3308 480 3354 nemus
503 3287 661 3351 arboribus
684 3286 832 3368 densum,
854 3295 989 3349 secretus
1011 3288 1051 3348 ab
1075 3294 1159 3352 omni

253 3394 285 3442 10
344 3379 421 3442 Voce
445 3379 550 3453 loeus,
574 3380 600 3438 si
623 3395 682 3438 non
705 3375 929 3455 obstreperetur
952 3377 1057 3454 aquis.

300 3466 354 3530 llio
377 3486 431 3547 ego
455 3464 655 3548 quaerebam,
677 3467 776 3543 coepti
800 3482 875 3544 quoe
898 3466 1009 3525 mensio
1032 3469 1122 3545 origo

345 3556 453 3633 lineet,
476 3557 559 3616 etin
582 3570 653 3615 cura
677 3555 805 3614 nominis
827 3553 916 3614 huius
939 3570 1038 3614 oram.
