2467 4042
398 229 444 282 tv.
464 240 511 280 111
527 231 655 281 tit—xm
669 231 712 280 35.

505 425 601 500 XllI.

139 567 163 629 0
187 566 260 628 mibi
283 585 343 628 non
366 565 473 629 dubios
495 567 573 628 inter
596 565 786 629 memorande
810 565 941 646 sodales,

183 654 242 727 Qui
264 655 343 735 quod
366 673 400 716 es
412 700 422 735 ,
444 655 473 716 id
497 673 567 715 vere
579 701 589 736 ,
612 654 709 737 Cere,
731 657 868 736 umoris,
891 671 960 715 ave.

139 740 223 804 llnde
246 743 406 824 solideris,
430 742 512 803 color
534 742 583 803 hic
606 742 661 804 tibi
684 746 821 822 protinus
844 743 933 803 index

182 829 221 892 Et
243 839 393 893 structura
416 832 475 891 mei
498 833 638 892 carminis
661 848 728 893 esse
751 839 867 910 potest.

107 917 204 980 ullor
227 921 296 998 quia
318 920 442 980 mirifica
465 926 533 999 est,
556 919 608 980 sed
630 920 709 999 quod
732 937 789 981 nec
811 917 928 999 publiea
956 923 1056 979 certe:

182 1006 283 1077 Qualis
306 1008 385 1067 enim
408 1024 537 1086 eamque
560 1016 628 1089 est,
648 1025 711 1069 non
734 1007 806 1068 latet
827 1024 892 1068 esse
916 1021 1029 1066 meam.

137 1093 204 1174 lpse
224 1112 347 1175 quoque
359 1141 368 1175 ,
391 1103 426 1157 ut
448 1094 568 1156 titulum
591 1095 710 1157 chartae
734 1094 769 1156 de
793 1096 891 1156 fronte
914 1091 1057 1175 revellas,

182 1182 267 1253 Quod
291 1186 330 1245 sit
349 1201 449 1264 opus,
473 1184 575 1244 videor
598 1183 698 1245 dicere
719 1201 832 1264 posse,
854 1190 957 1245 tunm.

138 1269 306 1340 Quamlibet
328 1272 360 1331 iu
382 1270 484 1332 multis
507 1274 623 1350 positus
646 1290 770 1333 noscere
793 1270 917 1351 libellis,

90 1369 124 1418 10
181 1357 299 1436 Perque
322 1357 492 1419 observatas
515 1361 668 1420 inveniere
690 1368 793 1420 notas.

137 1443 269 1504 Prodent
291 1453 443 1506 auctorem
465 1447 562 1520 vires,
585 1464 660 1524 quas
682 1444 811 1507 Hercule
834 1444 936 1525 dignas

183 1530 323 1593 Novimus
346 1539 435 1612 atque
457 1531 523 1614 illi,
546 1551 635 1611 quem
659 1534 741 1594 canis
753 1579 762 1614 ,
786 1550 852 1595 esse
873 1550 979 1612 pares.

138 1619 177 1681 Et
197 1638 264 1680 mea
286 1619 370 1681 ldusa
392 1628 491 1699 potest
513 1623 635 1700 proprio
659 1622 804 1700 deprensa
827 1619 946 1701 colore,

182 1707 309 1788 Insignis
332 1710 410 1770 vitiis
434 1710 558 1769 forsitan
581 1726 647 1769 esse
671 1711 751 1771 suis.

92 1807 125 1858 ts
139 1795 210 1857 Tam
235 1796 309 1857 mala
332 1796 491 1858 Thersiten
514 1796 689 1876 prohibebat
711 1797 805 1858 lorma
827 1796 942 1878 latere,
996 1808 1056 1859 (1³⁸)

182 1884 277 1954 Quam
299 1883 423 1963 pulchra
446 1884 554 1947 Nireus
578 1883 806 1965 conspiciendus
829 1891 909 1946 erat.

137 1971 199 2033 Nee
222 1979 252 2032 te
275 1973 399 2054 mirari,
422 1974 449 2034 si
471 1974 531 2034 sint
553 1974 678 2055 vitiosa,
702 1971 820 2035 decebit

182 2059 339 2143 Carmina,
363 2078 438 2140 quoe
462 2061 566 2122 faciam
588 2079 682 2141 paene
705 2067 792 2140 poeta
816 2059 921 2123 Getes.

138 2147 179 2209 l!
202 2149 316 2226 pudet,
338 2156 370 2209 et
392 2147 495 2210 Getico
518 2151 625 2229 scripsi
648 2166 785 2210 sermone
807 2147 956 2227 libellum,

90 2246 125 2297 nn
184 2234 363 2315 structaque
385 2244 457 2299 sunt
479 2239 590 2297 uostris
612 2235 738 2298 berbena
760 2236 850 2298 rerba
872 2237 983 2298 modis.

137 2321 177 2384 Et
199 2323 313 2404 placui,
331 2356 368 2369 -
381 2335 497 2403 gratare
520 2323 593 2386 mibi
611 2357 647 2370 -
666 2327 808 2405 coepique
831 2330 936 2406 poetae

182 2411 264 2472 lutor
286 2412 463 2474 inbumsnos
487 2429 594 2473 nomeu
617 2412 727 2474 babere
751 2412 855 2475 Getas.

137 2497 290 2560 Materiam
312 2497 463 2579 quaeris?
494 2499 595 2561 laudes
618 2501 656 2562 de
679 2500 804 2565 Caesare
824 2501 905 2564 dixi.

183 2587 290 2648 Adiuta
313 2597 359 2650 est
381 2590 494 2650 novius
518 2591 639 2650 numine
660 2597 764 2652 nostra
787 2588 851 2652 dei.

90 2686 123 2737 25
137 2673 211 2736 lllam
234 2678 326 2754 patris
346 2676 475 2756 tugusd
497 2676 583 2739 docui
607 2677 731 2740 mortale
755 2678 846 2740 luisse

179 2763 319 2845 Corpus,
342 2765 372 2826 in
395 2765 542 2827 aetherias
565 2784 676 2827 numen
699 2765 795 2828 abisse
819 2767 939 2828 domest

136 2850 211 2913 Esse
233 2870 337 2933 parem
360 2854 468 2915 virtute
492 2856 570 2934 patri
582 2902 592 2935 ,
614 2856 668 2934 qui
690 2855 773 2917 irena
795 2862 916 2935 rogatus

183 2938 276 3019 Saepe
300 2944 429 3002 recusati
452 2944 566 3022 ceperit
588 2944 723 3023 imperii.

137 3026 213 3087 Esse
235 3028 410 3106 pudicarum
432 3036 463 3090 te
486 3028 603 3091 Vestem
615 3076 626 3110 ,
649 3030 753 3111 Liuia,
776 3038 921 3108 matrum,

90 3127 124 3177 80
183 3114 383 3197 Ambiguum,
405 3124 473 3177 nato
497 3116 636 3196 dignior,
659 3135 735 3178 anne
759 3118 842 3178 viro.

136 3201 212 3264 Esse
235 3202 311 3264 dnos
334 3205 478 3282 iuvenes,
500 3204 585 3265 drma
607 3203 776 3265 adiumenta
798 3204 948 3285 parentis,

182 3290 241 3364 eui
263 3290 400 3353 dederint
422 3291 513 3352 animi
534 3293 658 3371 pignora
681 3297 762 3353 certa
784 3292 852 3352 sui.

136 3378 216 3441 Haec
239 3379 291 3441 ubi
314 3397 373 3441 non
397 3381 490 3461 patria
513 3378 627 3459 perlegi
650 3382 759 3459 scripta
780 3378 925 3461 Camena,

182 3466 269 3529 Venit
291 3479 321 3530 et
343 3468 379 3538 ad
402 3469 511 3548 digitos
533 3468 760 3544 dtimmbana
783 3485 883 3549 meos,

90 3567 122 3618 ss
137 3555 175 3618 Et
198 3563 287 3638 caput
310 3567 341 3619 et
362 3557 464 3637 plenas
488 3574 590 3618 omnes
613 3574 733 3618 movere
757 3555 928 3637 pharetras,
