2467 4042
460 216 697 285 1V,1ea-eoc.
771 232 853 269 uss.
870 233 954 269 mus
1035 218 1072 278 τι

154 381 212 443 llic
235 382 344 443 vidisse
367 380 462 441 deus.
489 380 569 441 videt
591 379 640 440 hic
663 380 737 441 deus
760 381 858 440 omnia
878 375 1010 459 primus.

154 470 287 531 Indoluit
309 471 409 548 lacto,
432 469 690 548 Iunonigenaeque
712 469 817 528 marito

154 558 250 619 Furta
272 560 330 619 tori
354 559 486 635 furtique
509 557 607 618 locum
630 558 825 617 monstravit.
852 555 947 617 atilli

83 658 138 707 1⁷5
153 646 194 707 Et
217 665 303 707 mens
330 656 361 707 et
389 644 469 723 quod
496 663 572 724 opus
600 644 714 705 fabrilis
736 643 840 704 dextra
861 643 997 724 tenebat,

154 733 296 795 Excidit.
324 733 471 812 extemplo
494 732 620 812 graciles
642 751 679 793 ex
701 750 770 793 aere
793 740 911 793 catenas

154 823 303 902 Relinque
326 833 357 883 et
378 821 521 902 laqueos,
543 839 619 900 quae
641 820 753 881 lumine
775 819 877 881 tallere
898 833 1038 901 possent,

154 910 287 972 Elimat.
314 927 376 971 nou
397 909 470 969 illud
494 928 569 988 opus
591 911 766 970 tenuissima
788 910 907 970 vincunt

157 1000 312 1079 Stamina,
334 1016 395 1059 non
418 1015 533 1058 mmmo
557 1015 633 1076 quae
651 996 762 1077 pendet
784 1014 890 1057 aranee
912 999 1013 1075 tigno:

84 1100 140 1147 180
155 1088 256 1165 thue
280 1087 359 1147 leves
381 1096 479 1146 tactus
502 1096 710 1165 momentaque
732 1103 822 1164 parva
844 1096 1026 1167 sequantur,

154 1176 278 1256 Eiiicit,
302 1183 332 1236 et
353 1174 431 1235 lecto
454 1174 635 1263 circundata
658 1173 782 1234 collocat
804 1181 888 1252 apte.

154 1263 196 1325 Ut
218 1282 328 1325 venere
350 1273 450 1323 torum
472 1265 602 1323 coniunx
624 1272 656 1324 et
676 1261 792 1323 adulter
812 1264 845 1321 in
866 1279 978 1341 unum,

155 1353 230 1413 Arte
251 1354 309 1412 viri
330 1352 494 1431 vinclisque
516 1369 592 1410 nova
612 1352 728 1410 ratione
750 1352 861 1429 paretis

153 1440 190 1501 ln
215 1440 321 1501 mediis
343 1439 428 1500 embo
452 1439 592 1518 deprensi
614 1437 797 1517 amplexibus
819 1437 960 1499 haerent.

84 1539 139 1589 185
153 1528 299 1590 Lemnius
322 1527 469 1606 extemplo
492 1527 587 1587 valvas
610 1527 751 1605 patefecit
773 1526 920 1606 eburnas,

154 1618 342 1695 Admisitque
365 1616 458 1676 deos.
481 1614 525 1675 illi
547 1617 666 1676 iacuere
689 1615 770 1693 ligati

153 1706 322 1785 Turpiter.
349 1713 438 1782 etque
462 1703 568 1781 aliquis
590 1702 628 1763 de
651 1702 696 1763 dis
719 1721 780 1763 non
802 1702 939 1763 tristibus
961 1714 1044 1783 optat

154 1794 209 1853 Sic
232 1793 297 1853 lieri
319 1794 436 1871 turpis.
464 1794 566 1870 superi
587 1794 706 1872 risere,
729 1790 840 1870 dinque

154 1881 239 1942 Haec
261 1882 319 1942 init
340 1882 372 1941 in
394 1888 457 1940 toto
480 1882 634 1941 notissima
657 1878 754 1941 fabula
777 1879 875 1940 caelo.

88 1982 141 2031 teo
155 1969 259 2048 Exigit
279 1968 382 2029 indicii
404 1985 567 2028 memorem
590 1967 746 2046 Cythereia
768 1985 912 2049 poenam,

154 2059 252 2136 Inque
274 2060 354 2118 vices
376 2056 481 2137 illum,
503 2064 600 2116 tectos
624 2058 675 2135 qui
697 2057 783 2118 laesit
804 2073 938 2138 amores,

154 2145 262 2206 Laedit
284 2163 384 2205 amore
406 2146 492 2224 pari.
521 2144 591 2222 quid
614 2162 695 2204 nunc
707 2192 717 2226 ,
740 2143 907 2223 Hyperione
930 2153 1016 2224 nate,

155 2235 266 2296 Forma
288 2233 428 2311 colorque
451 2231 506 2292 tibi
528 2232 698 2311 radiataque
720 2231 831 2293 lumina
852 2230 1004 2311 prosunt?

155 2323 271 2402 Nempe
290 2324 350 2382 tuis
373 2338 476 2381 omues
498 2323 551 2400 qui
572 2328 669 2381 terras
692 2319 810 2399 ignibus
832 2323 915 2402 uris,

92 2422 142 2473 195
156 2412 262 2473 Ureris
285 2413 353 2489 igne
375 2428 474 2490 uovo3
498 2412 607 2487 quique
630 2412 729 2469 omnia
752 2427 876 2470 cernere
898 2407 1009 2493 debes,

156 2498 350 2560 Leucothoen
372 2507 511 2577 spectas,
535 2507 566 2557 et
587 2498 701 2576 mgine
723 2498 789 2576 figis
811 2499 844 2557 in
865 2514 925 2557 una

158 2588 243 2659 Quos
264 2586 374 2647 mundo
398 2585 511 2667 debes,
534 2585 658 2647 oculos.
685 2586 773 2645 modo
796 2588 895 2664 surgis
917 2603 972 2647 eoo

156 2677 336 2754 Temperius
354 2673 435 2735 caelo
447 2721 457 2756 ,
480 2673 567 2734 modo
591 2677 689 2735 serius
711 2673 817 2734 incidis
840 2672 946 2756 undis,

157 2762 378 2843 spectandique
400 2780 483 2823 mora
500 2761 650 2822 brumales
672 2765 800 2841 porrigis
822 2762 929 2824 horas:

94 2866 143 2915 200
157 2853 267 2914 beficis
288 2852 462 2931 interdum,
479 2852 642 2929 vitiumque
666 2852 697 2909 in
719 2850 830 2910 lumina
852 2852 960 2911 mentis

156 2942 299 3021 Transit,
322 2948 353 3000 et
374 2938 521 2999 obscurus
543 2938 678 2999 mortalia
701 2950 821 3017 pectora
843 2947 954 2999 terres.

156 3029 243 3110 Nec,
265 3027 321 3089 tibi
343 3027 424 3107 quod
445 3026 532 3087 lernae
555 3030 644 3087 terris
666 3030 815 3106 propioris
837 3028 933 3105 imago

158 3117 339 3195 Obstiterit,
360 3115 475 3195 palles:
498 3116 568 3175 lacit
589 3115 670 3176 hune
693 3132 776 3175 amor
798 3116 854 3176 iste
873 3115 1021 3176 colorem.

157 3205 261 3284 Diligis
284 3204 360 3265 hanc
387 3221 498 3264 unam.
525 3221 582 3264 nec
609 3211 639 3264 te
662 3203 859 3283 Clymeneque
883 3203 1078 3285 Rhodosque,

95 3306 144 3356 iot
157 3294 220 3354 Nec
242 3303 326 3355 tenet
346 3292 458 3354 Aeaeae
481 3292 616 3371 genetrix
637 3292 837 3371 pulcherrima
860 3291 978 3374 Circes,

159 3382 301 3461 Quaeque
324 3389 392 3442 tuos
416 3380 509 3459 Clytie
532 3382 666 3458 quamvis
683 3380 827 3459 despecte
845 3380 966 3461 petebat

159 3468 365 3551 Concubitus,
387 3472 512 3549 ipsoque
534 3468 584 3529 illo
607 3486 695 3547 grave
718 3469 826 3529 vulnus
848 3468 974 3530 habebat

158 3558 328 3641 Tempore.
355 3556 526 3619 Leucothoe
548 3556 709 3619 multarum
731 3556 837 3618 oblivia
859 3559 947 3639 iecit,
