2467 4042
426 225 496 296 vn,
514 231 671 283 486-559.
779 244 878 282 moos
988 228 1046 291 141

124 394 196 456 Dira
219 393 286 456 lues
307 396 353 456 ira
374 393 493 474 populis
515 392 639 455 lunonis
656 394 775 472 iniquae

124 482 256 564 Incidit,
280 499 386 543 exosae
409 481 503 544 metas
526 500 543 542 a
564 480 676 561 paelice
699 488 812 543 terras.

59 582 110 632 ceo
124 571 203 632 Dum
226 574 323 632 visum
347 570 472 632 mortale
495 568 628 651 mum,
650 577 808 649 tantaeque
831 568 940 632 latebat

125 659 222 721 Cama
245 677 359 721 nocens
382 658 474 721 cladis
486 706 495 741 ,
518 666 682 739 pugnatum
704 665 837 719 estante
859 656 1015 720 medendi.

125 748 258 827 Eritium
282 747 441 827 superabat
463 765 572 830 opem,
595 764 672 826 quae
693 748 770 808 victa
787 745 918 809 iacebat.

125 836 280 916 Principio
303 835 418 897 caelum
440 837 537 916 spissa
559 834 685 915 caligine
706 842 803 896 terras

126 925 263 1006 Pressit,
287 932 318 986 et
339 925 460 1004 ignams
483 923 603 985 inclusit
627 922 764 985 noctibus
787 930 905 1004 aestus3

64 1013 265 1092 ttollumquc
288 1022 394 1091 quater
415 1014 526 1074 iunctis
549 1011 677 1092 explevit
699 1009 840 1073 cornibus
863 1010 966 1072 orbem

126 1100 232 1183 Luna,
255 1109 363 1180 quater
379 1102 501 1181 plenum
524 1109 645 1163 tenuma
663 1101 793 1162 retexuit
814 1098 935 1180 orbem,

127 1188 269 1251 letiferis
292 1188 380 1251 calidi
402 1191 555 1269 spirarunt
575 1188 695 1252 llatibus
718 1190 829 1250 austri.

127 1277 250 1339 Constat
274 1286 305 1339 et
325 1279 358 1339 in
380 1277 477 1340 lontes
500 1279 605 1340 vitium
628 1279 744 1339 vennse
766 1276 927 1358 lacusque,

126 1365 268 1445 Miliaque
290 1365 420 1427 incultos
443 1374 617 1445 serpentum
640 1365 733 1427 multa
754 1382 809 1445 per
832 1382 918 1443 agros

68 1453 252 1516 teoErrasse
276 1463 366 1533 atque
388 1456 451 1516 suis
473 1454 579 1517 lluvlos
602 1463 764 1516 temerasse
787 1454 926 1514 venenis.

128 1541 231 1622 Strage
246 1560 356 1604 canum
368 1544 465 1622 primo
478 1542 693 1622 volucrumque
706 1543 865 1620 oviumque
884 1540 1049 1621 boumque,

130 1629 221 1710 inque
247 1630 322 1692 ieris
344 1630 436 1692 subiti
458 1629 605 1710 deprensa
628 1632 761 1710 potentia
783 1627 896 1690 morbi.

129 1717 294 1780 Concidere
317 1718 420 1780 infelix
442 1718 554 1780 validos
576 1720 702 1780 mnatur
725 1725 824 1780 mator

128 1805 207 1868 lnier
229 1824 308 1887 opus
330 1814 433 1868 uuros
445 1853 455 1889 ,
476 1806 635 1887 medioque
658 1804 833 1869 recumbere
856 1805 957 1868 sulco.

71 1904 117 1955 ⁶40
130 1892 284 1975 Lrnlgcris
305 1894 447 1974 gregibus
469 1895 584 1957 balatus
606 1894 747 1958 dantibus
770 1912 875 1975 aegros

130 1982 240 2063 Sponte
265 2000 319 2044 sua
340 1982 484 2063 lanaeque
507 1982 618 2045 cadum
640 1992 671 2046 ot
694 1999 819 2064 corpora
843 1982 962 2044 tabent.

130 2071 203 2132 Acer
227 2089 325 2151 equus
347 2070 496 2150 quondam
518 2090 701 2152 magnaeque
719 2074 751 2132 in
773 2070 894 2151 pulvere
918 2071 1010 2132 lamae

131 2158 310 2239 [Degenerat
330 2159 465 2241 palmas,
486 2170 681 2239 veterumque
702 2159 817 2221 oblitus
836 2157 997 2237 honorum]

130 2246 173 2308 ld
193 2264 339 2328 praesepe
362 2249 454 2328 gemit
475 2246 535 2309 leto
558 2251 723 2310 moriturus
745 2250 852 2310 inerti.

74 2334 194 2396 titNon
217 2354 290 2416 aper
312 2337 402 2397 irasci
424 2338 581 2418 meminit,
603 2355 664 2398 non
686 2336 778 2398 fidere
800 2353 892 2398 cursu

131 2423 243 2506 Cerva,
265 2442 322 2486 nec
344 2426 487 2486 armentis
509 2427 665 2487 incurrere
688 2423 817 2485 sortibus
839 2426 917 2485 ursi.

132 2510 235 2574 Omnia
256 2512 381 2592 languor
404 2512 514 2575 habet:
537 2513 678 2593 silvisque
701 2515 839 2593 agrisque
862 2514 976 2593 viisque

133 2599 262 2681 Corpora
284 2600 371 2663 loeda
393 2603 513 2664 iacent:
536 2603 677 2664 vitiantur
700 2599 842 2662 odoribus
864 2619 970 2663 aurae.

132 2687 203 2749 llira
220 2687 350 2771 loquar,
372 2707 433 2750 non
455 2688 505 2751 illa
527 2708 615 2752 canes
639 2689 799 2768 aridaeque
822 2688 976 2769 volucres,

78 2775 196 2837 toouon
217 2778 284 2838 cani
307 2780 434 2857 tetigere
455 2777 542 2859 lupi3
564 2778 676 2858 dilapsa
697 2778 884 2860 liquescunt,

131 2865 295 2945 liliatuque
317 2875 429 2927 nocent
450 2876 482 2928 et
503 2875 595 2945 agunt
617 2868 752 2946 contagia
773 2865 849 2928 late.

132 2952 268 3016 Pervenit
289 2953 327 3015 ad
350 2956 476 3016 miseros
498 2954 605 3016 damno
628 2957 762 3034 graviore
785 2953 906 3017 colonos

132 3040 225 3103 Pestis
237 3089 248 3124 ,
270 3044 355 3105 et.in
378 3042 693 3122 magnae-dominatur
715 3042 873 3104 moenibus
895 3042 999 3105 urbis.

133 3127 248 3191 Viscera
270 3138 425 3192 torrentur
446 3133 567 3213 primo,
589 3131 783 3211 flammaeque
805 3130 923 3193 latemis

80 3217 274 3281 uslnncium
297 3217 391 3280 rubor
412 3228 460 3282 est
481 3228 513 3282 et
534 3219 643 3282 ductus
665 3220 813 3282 anhelitus
835 3222 914 3299 igni.

133 3308 240 3387 Aspera
262 3307 364 3388 lingua
386 3316 503 3390 tumet,
527 3308 695 3389 tepidisque
718 3311 831 3371 mentia
854 3311 950 3370 renus

135 3394 188 3457 Ora
210 3404 335 3477 patent,
358 3413 507 3476 auraeque
529 3415 634 3476 graves
657 3406 814 3477 captantur
836 3395 918 3459 hiatu

134 3481 194 3545 Non
216 3492 366 3566 stratum,
388 3502 449 3546 non
471 3484 531 3547 ulla
552 3487 614 3565 pati
637 3486 779 3547 velamina
801 3482 945 3568 possunt,

136 3568 208 3632 uma
230 3573 284 3636 sed
307 3582 388 3636 terra
410 3581 527 3653 ponunt
548 3573 744 3654 praecordia:
767 3591 822 3636 nec
845 3574 879 3636 lit
