2467 4042
190 224 257 289 350
599 220 814 275 oberostun.

278 386 351 448 Post
373 394 471 447 tamen
493 384 552 446 boc
574 402 647 446 ausa
668 394 716 447 est
738 384 900 465 templum,
923 389 1119 451 monimenta

826 476 979 556 parentis,

324 561 479 640 Tangere.
519 562 595 621 mira
617 560 761 641 quidem,
787 561 841 623 sed
862 568 965 623 tamen
994 573 1066 625 acta
1081 564 1192 645 loquar.

282 649 405 729 Signum
427 657 492 710 erat
513 651 545 711 in
568 647 642 709 solio
665 648 801 710 residens
824 649 880 711 sub
903 652 1041 730 imagine
1064 653 1160 733 Tulli3

324 737 439 799 Dicitur
461 737 517 797 boc
540 736 635 798 oculis
658 739 833 817 opposuisse
856 755 978 799 manum
990 785 1003 819 ,

215 839 266 888 olo
280 825 319 886 Et
341 843 397 886 vox
420 824 518 886 audita
541 833 590 885 est
611 819 724 886 ‘voltus
747 824 918 887 abscondite
942 836 1091 910 nostros,

324 912 368 974 Ne
391 920 476 975 natae
498 912 617 974 videant
639 930 691 974 ora
714 913 841 974 nelanda
863 908 982 975 meael’

281 1001 368 1063 Veste
391 1000 459 1062 data
479 1001 614 1079 tegitur.
655 1008 733 1062 vetat
754 1001 832 1062 banc
855 1000 989 1063 Fortuna
1014 1006 1150 1084 moveri,

325 1088 363 1150 Et
385 1091 429 1150 sic
452 1106 469 1149 e
491 1087 601 1167 templo
626 1096 673 1149 est
693 1092 758 1168 ipsa
780 1088 880 1150 locuta
902 1107 977 1151 suo:

282 1173 359 1239 ‘Ore
382 1175 511 1238 revelato
535 1193 593 1255 qua
615 1178 746 1256 primurn
767 1175 834 1238 lnce
857 1175 972 1255 patebit

217 1278 268 1329 620
327 1265 448 1326 Servius
460 1311 470 1345 ,
492 1263 564 1325 baec
587 1265 678 1343 positi
699 1264 795 1344 prima
817 1264 941 1343 pudoris
964 1261 1063 1327 erit.’

282 1353 422 1433 Parcite,
444 1360 618 1431 matronae,
640 1354 746 1413 vetitas
769 1354 916 1431 attingere
939 1359 1061 1434 vestes,

327 1440 469 1502 Sollemni
492 1442 563 1502 satis
585 1447 633 1501 est
656 1457 727 1501 voce
750 1457 869 1502 movere
892 1457 1022 1519 preces.

284 1529 388 1609 Sitque
411 1535 501 1607 caput
523 1545 641 1607 semper
662 1527 795 1589 Romano
818 1534 916 1590 tectus
939 1530 1076 1609 amictu,

328 1616 386 1688 Qui
408 1634 462 1676 rex
484 1618 516 1677 in
538 1624 642 1677 nostra
664 1618 808 1695 septimus
830 1614 910 1676 Urbe
934 1615 1010 1677 luit.

218 1717 270 1767 625
283 1705 405 1767 Arserat
426 1702 484 1764 boc
507 1703 673 1782 templum.
713 1706 798 1782 signo
821 1712 919 1765 tannn
942 1703 995 1764 ille
1019 1707 1159 1785 pepercit

328 1791 430 1871 Ignis3
454 1808 541 1871 opem
563 1799 633 1852 nato
655 1790 800 1852 Mulciber
821 1792 886 1871 ipse
909 1790 995 1853 tulit.

283 1879 417 1958 Namque
439 1886 524 1960 pater
546 1878 625 1940 Tulli
648 1876 816 1959 Volcanus,
839 1877 962 1940 Ocresia
984 1887 1085 1941 mater

328 1968 496 2046 Praesignls
519 1968 593 2028 facie
617 1965 812 2029 Corniculana
834 1966 908 2028 luit.

284 2055 366 2117 Hanc
390 2072 492 2117 secum
515 2053 681 2134 Tanaquil,
704 2056 796 2115 sacris
819 2053 856 2115 de
879 2071 963 2116 more
985 2058 1142 2137 peractis,

219 2157 271 2209 6³0
328 2143 473 2229 lussitin
495 2150 634 2204 ornatum
655 2141 781 2203 fundere
803 2144 870 2203 vina
893 2142 1013 2204 locum.

283 2230 339 2294 Hie
361 2233 440 2293 inter
463 2233 579 2293 cineres
601 2229 723 2293 obsceni
746 2230 841 2291 forma
862 2229 956 2291 virilis

328 2320 387 2381 but
409 2320 487 2400 luit,
509 2327 562 2381 aut
582 2320 645 2379 visa
667 2326 735 2380 est:
768 2317 820 2379 sed
843 2318 900 2380 luit
921 2317 971 2379 illa
992 2320 1110 2398 magis.

284 2408 368 2470 Iussa
390 2406 455 2468 loco
478 2408 592 2486 captiva
615 2406 720 2468 sedet.
761 2413 923 2486 conceptus
946 2405 983 2466 ab
1006 2406 1059 2467 illa

330 2495 451 2557 Servius
474 2512 492 2556 a
514 2493 595 2556 caelo
618 2495 730 2555 semina
752 2495 850 2573 gentis
872 2492 978 2554 babet.

219 2583 375 2663 consigna
398 2582 480 2644 dedit
502 2584 620 2662 genitor
641 2590 735 2662 tunc,
758 2599 827 2642 cum
850 2589 939 2661 caput
960 2583 1030 2660 igne
1053 2599 1184 2646 corusce

330 2671 483 2752 Contigit,
504 2672 595 2750 inque
618 2672 711 2731 comis
733 2668 983 2731 flammeusarsit
1004 2687 1102 2749 apex.

286 2760 327 2822 Tc
351 2776 470 2839 quoque
493 2759 668 2839 magnilica,
691 2756 877 2838 Concordia,
899 2756 1018 2836 dedicat
1040 2758 1118 2820 aede

330 2846 411 2908 Livia
423 2893 433 2926 ,
456 2864 545 2926 quam
568 2864 636 2908 caro
659 2847 807 2925 praestitit
829 2846 892 2924 ipsa
915 2846 997 2905 viro.

288 2935 374 2998 bisce
397 2942 497 2996 umen
509 2980 519 3015 ,
541 2936 663 2997 veniens
686 2940 789 3012 aetas,
811 2931 864 2994 ubl
885 2930 969 2993 Livia
991 2949 1071 2994 nunc
1096 2942 1149 2997 est

222 3036 273 3087 640
331 3023 492 3102 Porticus,
514 3023 676 3083 immensae
699 3029 777 3083 tecta
799 3021 890 3082 luisse
913 3019 1039 3081 domus.

287 3110 376 3173 Urbis
399 3128 474 3190 opus
497 3108 603 3172 domus
625 3128 685 3172 una
706 3110 764 3171 luit
776 3156 786 3189 ,
808 3109 996 3188 spatiumque
1018 3107 1163 3192 tenebat,

333 3198 398 3270 Quo
420 3198 542 3259 brevius
564 3199 659 3259 muris
682 3196 789 3278 oppida
811 3195 904 3258 multa
925 3204 1048 3257 tenent.

288 3286 367 3349 Haec
389 3294 513 3366 aequata
537 3284 600 3346 solo
624 3293 692 3366 cst,
714 3283 795 3349 nullo
818 3281 875 3345 sub
898 3285 1022 3345 crimine
1044 3287 1155 3366 regni,

334 3373 393 3437 Sed
416 3376 485 3455 quia
506 3374 624 3436 luxuria
646 3374 709 3434 risa
730 3389 839 3435 nocere
860 3389 932 3434 sua.

223 3463 439 3526 consustinuit
461 3469 558 3523 unias
581 3478 706 3540 operum
728 3459 901 3523 subvertere
924 3457 1035 3539 moles,

333 3549 450 3627 Totque
473 3566 542 3610 suas
564 3549 653 3610 beree
675 3548 801 3628 perdere
824 3546 932 3609 Caesar
954 3564 1044 3626 opes.
