2467 4042
181 244 222 307 12
599 246 771 300 TRISTIUM

267 410 429 472 Fortunam
450 418 604 491 praestent
627 411 859 491 dissimilemque
882 429 983 475 meae.

269 497 301 560 Si
324 506 423 560 tamen
445 498 519 560 haec
541 502 624 561 navis
648 507 735 561 rento
758 500 890 563 ferretur
912 502 1024 582 amico,

268 585 460 666 ignoraretur
483 587 607 649 forsitan
630 590 687 649 ista
709 587 800 649 fides.
1022 599 1026 606 ·

268 674 383 736 Thesea
406 675 557 737 Pirithous
579 694 640 737 non
664 684 722 738 tam
747 678 890 738 sensisset
913 679 1057 759 amicum,

220 774 253 823 20
269 762 302 824 Si
324 780 384 823 non
407 763 539 825 infernas
562 766 647 826 muns
669 764 781 826 adisset
803 781 911 844 aquas.

269 850 307 912 Ut
331 851 409 913 foret
432 850 599 932 exemplum
622 855 686 913 veri
708 851 844 914 Phoceus
867 855 994 935 amoris,

268 938 418 1000 Fecerunt
440 940 557 1022 iuriae,
580 942 676 1002 tristis
699 938 827 1023 Oresta,
849 946 937 1002 tuae.

269 1026 384 1088 Sinon
407 1027 552 1108 Euryalus
575 1027 702 1090 Rutulos
725 1029 883 1090 cecidisset
904 1030 936 1089 in
960 1028 1080 1110 hostes,

269 1113 444 1194 Hyrtacidae
467 1114 532 1176 Nisi
555 1115 648 1194 gloria
672 1116 752 1177 nulla
775 1118 869 1178 foret.

220 1214 254 1264 au
270 1201 391 1265 Scilicet
412 1212 447 1265 ut
469 1203 582 1268 lulvum
605 1212 757 1284 spectetur
779 1207 811 1266 in
834 1204 953 1284 ignibus
975 1221 1100 1287 aurum,

268 1290 415 1373 Tempore
438 1294 482 1354 sic
505 1292 581 1354 duro
605 1301 652 1354 est
673 1293 858 1374 inspicienda
880 1292 971 1354 fides.

266 1378 343 1440 Dum
366 1382 448 1441 iuvat
469 1388 501 1442 et
523 1380 606 1443 vultu
629 1381 708 1443 ridet
730 1381 862 1443 Fortuna
885 1399 1011 1463 sereno,

267 1463 444 1529 indelibatas
468 1476 575 1530 cuncta
598 1476 766 1549 sequnntur
789 1486 879 1549 opes:

266 1555 305 1617 lt
327 1556 415 1618 simul
437 1559 589 1639 intonuit,
612 1558 732 1637 lugiunt
743 1606 753 1641 ,
775 1576 832 1618 nec
855 1558 990 1619 noscitur
1012 1556 1082 1638 nlli,

217 1656 252 1705 30
267 1644 442 1724 Agminibns
465 1647 607 1707 comitum
630 1648 681 1726 qui
703 1646 792 1708 modo
815 1647 932 1708 cinctus
955 1653 1036 1707 erat.

266 1732 362 1812 Atque
385 1733 481 1815 haec,
504 1733 647 1813 exemplis
670 1734 819 1813 quondam
843 1733 967 1796 collecta
988 1736 1148 1817 priorum,

265 1818 352 1882 Nunc
376 1820 448 1882 mihi
471 1830 542 1883 sunt
563 1824 694 1902 propriis
718 1824 835 1902 cognita
860 1840 930 1883 vera
952 1822 1053 1884 malis.

266 1908 321 1969 Vix
343 1909 402 1971 deuo
426 1917 524 1970 tresve
547 1910 621 1972 mihi
643 1911 681 1971 de
704 1918 749 1972 tot
772 1913 936 1990 superestis
959 1912 1063 1993 amici3

266 1995 372 2059 Cetera
394 1996 566 2080 Fortunae,
590 2016 650 2059 non
673 2017 738 2060 mea
761 1998 849 2061 turba
871 2000 944 2059 luit.

219 2083 334 2156 350110
357 2088 474 2166 magis,
497 2104 515 2146 o
537 2088 626 2166 pauci
638 2133 647 2166 ‚
670 2086 762 2148 rebus
785 2088 953 2149 succurrite
975 2085 1080 2169 laesis,

266 2172 305 2234 Et
327 2173 394 2235 date
416 2174 570 2253 naufragio
593 2174 680 2235 litora
704 2182 766 2236 tuta
789 2192 874 2257 meo,

264 2260 345 2322 Neve
366 2270 449 2323 metu
472 2262 546 2323 laiso
570 2265 694 2323 nimium
718 2263 887 2344 trepidate,
910 2264 1067 2343 timentes,

264 2348 326 2410 Hac
349 2349 516 2413 offendatur
538 2368 576 2412 ne
598 2353 707 2430 pietate
731 2350 823 2412 deus!

266 2436 360 2518 Saepe
384 2438 472 2499 iidem
495 2438 628 2500 adversis
651 2441 740 2501 etiam
762 2438 891 2500 laudavit
912 2440 945 2499 in
967 2439 1075 2517 armis,

215 2537 251 2587 40
265 2526 360 2605 inque
383 2528 446 2587 suis
470 2535 547 2588 amnt
569 2527 646 2588 hanc
669 2526 800 2609 Caesar,
822 2531 854 2589 in
876 2527 961 2588 hoste
984 2525 1109 2606 probat.

266 2613 360 2676 Causa
382 2632 447 2675 mea
471 2622 517 2676 est
539 2614 668 2695 melior,
691 2618 743 2695 qui
766 2633 825 2676 non
849 2617 996 2677 contraria
1019 2615 1078 2674 iovi

264 2701 376 2782 Arma,
399 2703 452 2763 sed
474 2700 550 2764 hanc
573 2707 673 2766 merui
695 2703 883 2785 simplicitate
906 2704 1023 2782 lugam.

264 2789 403 2868 lnvigiles
425 2792 517 2869 igitur
540 2795 651 2854 nostris
674 2810 729 2872 pro
753 2791 894 2876 casibus,
916 2809 989 2874 oro,

264 2876 403 2939 Deminul
426 2881 510 2959 siqua
533 2883 664 2942 numinis
687 2882 732 2941 ira
754 2889 853 2961 potest
862 2916 875 2942 ,ν

215 2966 350 3028 tostire
374 2985 456 3029 meos
478 2987 566 3030 casus
588 2970 683 3048 siquis
707 2968 856 3030 desiderat
878 2970 991 3048 omnis,

265 3053 360 3136 Plus,
384 3073 472 3135 quam
496 3057 575 3136 prod
598 3057 665 3118 lieri
686 3075 736 3119 res
760 3059 852 3138 sinit,
874 3057 925 3119 ille
946 3058 1039 3136 petit.

265 3142 323 3204 'iot
339 3144 416 3205 mala
434 3163 501 3207 sum
520 3162 649 3227 passus,
671 3152 745 3225 quot
763 3147 794 3206 in
813 3145 933 3207 aethere
952 3146 1050 3206 sidera
1067 3142 1197 3229 lucent,

265 3231 416 3312 Parvaque
441 3241 514 3312 quot
537 3236 636 3295 siccus
659 3251 785 3312 corpora
806 3233 903 3313 pulvis
926 3232 1032 3294 habeta

264 3319 415 3400 Multaque
439 3321 575 3383 credibili
597 3320 721 3383 tulimus
743 3324 878 3402 maiora,
900 3329 1071 3401 ratamque,

216 3419 251 3468 ou
266 3406 406 3478 Quamvis
429 3410 613 3490 acciderint,
636 3426 696 3471 non
719 3409 856 3471 habitura
878 3409 984 3471 iidem.

265 3493 339 3556 Pars
362 3498 450 3557 etiam
474 3496 617 3576 quaedam
640 3514 758 3558 mecum
780 3499 925 3560 moriatur
948 3504 1084 3579 oportet,

264 3581 371 3662 Meque
393 3585 480 3645 velim
503 3586 599 3664 possit
622 3583 825 3646 dissimulante
848 3587 917 3665 tegi.
