2467 4042
375 185 427 240 XII
437 225 447 253 ,
466 184 637 256 sar-xm,
655 190 706 243 11.
743 204 864 242 sommas
877 206 949 242 aeus
985 186 1050 251 255

122 354 269 415 Arserat.
297 359 425 414 armarat
447 352 522 413 deus
544 351 646 433 idem,
667 352 806 432 idemque
831 362 992 415 cremarat.

54 454 107 504 111
122 442 186 504 Iam
210 443 286 504 cinis
310 449 377 523 est3
400 440 490 502 etde
514 447 573 503 tam
596 458 703 520 magno
726 448 820 503 restat
842 441 953 502 Achille

120 530 232 592 Nescio
253 528 347 611 quid,
364 546 485 610 parram
503 528 584 609 quod
602 548 663 590 non
676 528 753 590 bene
768 529 914 610 compleat
927 549 1048 592 urnam.
1096 576 1102 591 .

121 621 161 681 At
184 620 257 679 vivit
279 625 376 679 totum
400 636 475 698 quae
498 617 591 697 gloria
614 616 761 697 compleat
783 618 904 680 orbem.

120 707 204 769 Haec
227 706 271 768 1111
294 724 434 767 mensura
456 708 520 768 viro
543 705 706 786 respondet
728 715 759 768 11
781 706 836 768 hac
860 717 905 768 est

120 795 183 858 Par
206 794 265 856 sibi
286 794 426 877 Pelides,
448 813 505 855 nec
527 796 627 856 inania
649 794 772 856 Tartara
796 797 904 857 sentit.

56 897 108 948 111
122 884 193 964 Ipse
217 885 329 965 etiam,
351 891 408 964 ut,
432 885 517 944 cuius
540 883 653 965 luerit,
677 901 858 962 cognoscere
880 885 996 966 possis,

119 972 205 1034 Bella
228 980 327 1035 mouet
349 971 485 1053 clipeus,
508 970 604 1051 deque
628 973 719 1044 armis
740 990 822 1033 arma
845 973 1000 1035 feruntur.

119 1060 191 1122 Non
214 1077 250 1122 ea
271 1058 424 1141 Tydides,
444 1077 505 1120 non
528 1060 618 1121 audet
640 1058 740 1121 Oileos
763 1060 853 1142 Aiax,

120 1149 191 1211 Non
213 1149 312 1210 minor
334 1147 474 1231 Atrides,
497 1166 558 1209 non
581 1147 658 1209 bello
681 1150 775 1210 maior
798 1156 829 1210 et
851 1168 921 1213 aevo

119 1237 277 1318 Poscere,
300 1254 361 1298 non
384 1236 454 1297 alii.
482 1236 553 1297 solis
576 1235 736 1298 Telamone
760 1244 859 1298 creato

55 1338 106 1389 mc
121 1325 293 1405 Laerteque
315 1325 373 1386 luit
394 1332 493 1386 tantae
515 1325 624 1386 fiducia
644 1325 757 1387 laudis.

120 1415 147 1477 A
172 1432 205 1476 se
230 1412 403 1474 Tantalides
426 1431 502 1474 onus
524 1413 724 1494 invidiamque
746 1417 891 1497 removit,

120 1501 340 1582 Argolicosque
363 1500 455 1563 duces
476 1502 583 1564 mediis
606 1502 762 1574 considere
786 1504 891 1564 castris

121 1591 216 1655 Iussit
239 1598 270 1652 et
292 1589 448 1652 arbitrium
469 1589 530 1651 litis
554 1592 672 1653 traiecit
693 1592 724 1652 in
748 1609 868 1653 omnes.

237 1971 378 2056 LIBER
405 1972 603 2058 TERTIUS
631 1972 855 2060 uncinus.

124 2119 297 2183 Consedere
320 2121 412 2183 duces
435 2131 466 2182 11
487 2122 568 2202 vulgi
590 2131 688 2185 stante
712 2141 822 2185 corona

124 2208 289 2290 Surgit'ad
310 2208 366 2271 hos
390 2209 477 2290 clipei
499 2210 637 2273 dominus
660 2211 860 2292 septemplicis
883 2211 972 2292 Aiax;

123 2298 225 2378 thue
249 2304 313 2359 erat
334 2299 492 2379 Impatiens
514 2301 599 2380 irae,
624 2299 722 2380 Sigeia
744 2310 829 2361 torro

124 2386 230 2448 Litcra
252 2390 385 2467 respexit
407 2386 590 2468 classemque
612 2389 645 2449 ln
667 2389 756 2451 litore
780 2388 883 2471 vultu,

93 2474 347 2554 tintendensque
370 2493 475 2539 manus
499 2472 625 2556 ‘agimus
637 2525 647 2559 ,
669 2495 724 2557 pro
747 2475 881 2557 luppiter
895 2472 915 2539 l'
938 2480 1035 2558 inquit

125 2559 216 2626 ‘Ante
238 2572 319 2625 rates
342 2581 484 2647 eausam,
507 2573 538 2627 et
559 2583 679 2627 meeum
702 2565 856 2627 confertur
878 2565 994 2629 Ulixes!

123 2655 164 2715 At
186 2670 247 2714 non
268 2651 424 2715 Hectoreis
447 2652 591 2716 dubitavit
614 2654 721 2716 cedere
743 2654 887 2737 flammis,

125 2741 208 2813 Quas
231 2759 286 2821 ego
308 2743 438 2804 11111111
450 2789 460 2824 ,
483 2760 556 2823 quas
578 2742 635 2804 hac
658 2762 675 2805 a
698 2742 790 2805 classe
813 2744 928 2825 iugari.

125 2828 235 2891 Tutiras
258 2838 306 2891 est
326 2832 418 2910 igitur
440 2831 517 2893 fletis
540 2831 722 2894 contendere
744 2831 862 2914 verbis,
1102 2890 1103 2893 ,

79 2917 223 2990 1101111
240 2936 373 2999 pugnare
391 2937 481 2982 manu
496 2966 503 2980 .
523 2919 575 2981 sed
594 2936 650 2981 nec
664 2920 737 2982 mihi
751 2920 851 2983 dicere
864 2929 1052 3002 promptum,

125 3005 189 3068 Nec
212 3007 312 3068 lacere
335 3016 382 3070 est
403 3010 476 3071 isti:
499 3017 702 3089 quantumque
726 3028 781 3090 ego
803 3008 897 3071 Marte
920 3011 1013 3071 feroci

125 3094 222 3175 Inque
245 3098 307 3157 acie
330 3096 436 3179 valeo,
458 3105 573 3160 tantum
597 3096 674 3159 valet
695 3099 752 3160 1111
775 3097 941 3178 loquendo.

125 3182 189 3246 Nec
211 3185 403 3247 memoranda
425 3193 525 3253 tamen
547 3185 631 3247 vobis
653 3205 719 3247 mea
741 3188 819 3249 iacta
830 3234 840 3268 ,
862 3186 995 3268 Pelasgi,

127 3269 203 3335 Esse
226 3291 320 3356 reor3
342 3273 456 3336 vidistis
480 3276 581 3336 enim.
609 3292 664 3337 sua
686 3283 789 3337 narret
811 3273 929 3357 Ulixes,

81 3371 113 3423 tt
127 3360 210 3433 Quae
233 3364 298 3424 siue
322 3369 397 3425 teste
421 3365 520 3444 gerit,
543 3381 672 3443 quorum
695 3378 754 3426 nox
777 3364 895 3424 conscia
914 3362 975 3424 sola
989 3373 1047 3425 est.

124 3449 262 3513 Praemia
283 3470 389 3531 magna
411 3453 474 3533 peti
496 3452 614 3514 fateor:
638 3452 690 3514 sed
714 3453 806 3516 demit
828 3451 972 3514 honorem

126 3538 291 3603 Aemulus:
313 3540 394 3603 Aiaci
416 3557 477 3603 non
501 3548 547 3604 est
568 3543 702 3603 tenuisse
726 3539 906 3623 superbum,
