2467 4042
453 202 510 271 111,
528 208 672 260 tss-lti.
725 222 840 259 causus.
859 222 978 260 seruos
1025 204 1068 269 49

136 367 287 448 Vipereos
310 367 417 430 dantes
429 414 438 449 ,
459 368 562 449 populi
584 370 770 432 lucremini
793 370 905 432 saturi.

136 456 234 518 Paret
251 465 283 518 et
305 464 340 518 ut
361 473 467 537 presso
489 457 608 519 sucum
629 458 771 538 patefecit
793 466 909 540 aratro,

61 556 123 608 10⁵
138 544 266 626 spargit
287 544 372 606 humi
394 547 514 627 iussos,
532 546 668 610 mortalia
690 548 826 629 semina,
850 548 973 608 dentes.

137 632 240 714 lude,
262 633 321 694 lide
342 634 460 715 nauus,
482 632 603 714 glaebae
627 651 755 715 coepere
777 637 908 716 moveri,

139 722 305 801 Primaque
327 719 366 782 de
387 721 480 785 sulcis
502 724 581 786 acies
603 724 741 804 appanult
762 722 882 805 hastae,

139 810 287 890 Tegmina
310 827 379 872 mox
401 812 532 892 capitum
553 812 634 892 picto
657 813 793 874 munda
815 830 908 894 cono,

139 898 212 960 linx
234 899 333 960 umeri
355 907 520 979 pectusque
543 908 724 979 onerataque
746 899 885 964 bracchia
907 899 974 963 tells

70 1000 126 1049 110
141 985 308 1067 Existunt,
331 989 500 1068 crescitque
522 1003 609 1069 seges
632 987 757 1068 clipeata
778 990 928 1051 virorum.

140 1075 196 1138 Sic
217 1073 271 1137 ubi
294 1073 441 1138 tolluntur
463 1076 549 1137 festis
572 1075 674 1139 aulaea
696 1077 838 1159 theatris,

142 1163 276 1244 Surgere
300 1164 384 1242 sigua
406 1163 504 1228 solent
515 1210 525 1246 ,
547 1168 737 1246 primumque
765 1165 923 1228 ostendere
950 1164 1068 1247 vuitus,

143 1251 252 1313 Cetera
273 1249 440 1334 paulatim
461 1252 637 1333 placidoque
660 1254 767 1317 educta
790 1264 894 1317 tenore

142 1339 219 1402 Tota
241 1346 349 1420 putem
364 1341 484 1421 iureque
506 1342 599 1421 pedes
621 1343 654 1403 in
675 1345 809 1423 margine
831 1351 965 1424 ponunt.

74 1441 126 1490 iit
142 1427 283 1490 Territus
305 1426 391 1490 hoste
414 1445 491 1490 noro
514 1427 643 1494 Cadmus
666 1448 773 1511 capere
795 1449 876 1493 arma
898 1429 1036 1511 parabat.

143 1513 199 1578 ‘Ne
222 1531 296 1596 capo
310 1510 332 1596 ,'
354 1516 391 1580 de
413 1516 546 1599 populo,
569 1536 659 1598 quem
687 1528 767 1582 terra
794 1527 968 1599 creaverat,
990 1536 1068 1581 unus

142 1604 298 1670 Exclamat
320 1599 388 1668 ‘uec
410 1613 441 1667 te
463 1605 600 1670 ciuilibus
622 1610 722 1672 insere
744 1603 861 1670 bellis?

143 1693 240 1773 Atque
263 1694 306 1755 ita
327 1695 487 1775 terrigenis
508 1695 604 1775 rigido
628 1696 664 1758 de
687 1696 830 1759 iratribus
851 1714 945 1759 unum

143 1781 319 1844 Comminus
338 1798 410 1844 ense
431 1782 524 1845 ierit:
546 1784 643 1846 iaculo
666 1785 745 1848 cadit
767 1786 884 1848 eminus
906 1786 988 1865 lpse.

77 1883 129 1933 rso
143 1869 232 1934 llunc
255 1885 377 1950 queque
399 1872 452 1952 qui
474 1870 534 1933 leto
557 1871 702 1955 dederat,
720 1891 779 1936 non
803 1873 920 1953 leupus
941 1871 992 1934 illo

143 1958 244 2040 Vivit,
268 1966 299 2020 et
322 1961 454 2039 exspirat
475 1959 563 2022 modo
587 1979 661 2040 quas
684 1970 839 2042 acceperat
851 2010 861 2044 ,
883 1979 987 2032 auras,

143 2046 349 2127 Exemploque
371 2049 437 2128 pari
459 2048 533 2110 iurlt
555 2052 652 2112 omnis
675 2049 785 2132 turba,
807 2067 922 2131 suoqu

143 2135 239 2197 liar-te
263 2134 395 2197 cadunt.
424 2135 531 2215 [subiti
552 2156 607 2218 per
630 2146 733 2201 mutua
755 2138 877 2202 ulnera
895 2135 1034 2215 iratres]

144 2224 268 2304 iamque
290 2222 390 2286 brevis
413 2226 490 2287 altae
508 2228 638 2306 spatitun
660 2229 765 2290 sortita
788 2229 926 2291 iuventus

79 2326 131 2376 see
146 2312 317 2392 Sangulueo
340 2311 470 2393 tepidam
491 2314 649 2396 plangebat
670 2324 793 2396 pectore
815 2323 957 2395 matrem,

145 2400 287 2481 Quinque
310 2400 546 2481 superstitibus:
568 2421 697 2484 quorum
720 2404 778 2466 init
800 2422 878 2466 unus
900 2401 1031 2465 Echion.

145 2489 175 2551 ls
199 2506 254 2551 sua
276 2489 347 2552 lecit
368 2489 460 2552 humo
483 2492 598 2554 monitu
621 2491 784 2555 Tritonidis
806 2510 905 2573 arma,

145 2577 369 2658 Fraternaeqne
391 2578 481 2641 fldem
502 2581 586 2661 pacis
607 2582 755 2662 petiitque
777 2580 934 2660 deditque.

145 2665 211 2728 lios
231 2668 331 2746 operis
354 2669 479 2730 comites
500 2666 605 2730 hahuit
628 2668 768 2732 Sidonius
789 2668 917 2750 hospes,

83 2768 132 2819 rso
146 2754 222 2816 Cum
245 2756 345 2834 posuit
367 2756 479 2818 iussam
499 2754 648 2819 Phoebeis
670 2755 802 2820 sortibus
824 2755 947 2820 urbem.

126 2884 133 2891 -
190 2842 252 2905 lana
275 2841 393 2906 stabam
414 2842 555 2908 Thebae.
582 2846 797 2927 parenstam,
820 2844 951 2928 Cadme,
974 2845 1067 2908 videri

145 2930 242 2992 Exiiio
265 2930 357 2995 sellu:
381 2933 478 2995 soceri
501 2930 558 3016 tilii
577 2933 716 3016 liarsque
739 2933 899 3014 Venusque

145 3019 360 3100 Contigerant.
388 3020 448 3083 huo
470 3019 543 3083 adde
566 3039 661 3102 genus
683 3022 721 3085 de
744 3025 870 3103 coniuge
894 3032 992 3101 tanta,

146 3108 204 3170 Tot
226 3116 312 3171 natos
330 3116 473 3189 natasque
496 3118 550 3192 et,
571 3112 696 3193 pignera
718 3128 809 3193 esra,
832 3119 974 3193 nepotes,

86 3195 207 3262 satlios
230 3197 350 3277 quicque
372 3199 432 3260 hur
453 3199 598 3262 iuvenes.
621 3198 675 3261 sed
697 3199 811 3263 scilicet
824 3200 927 3263 ultima
950 3218 1067 3281 sempor
1159 3260 1162 3266 .

145 3285 334 3366 Expectanda
358 3286 421 3348 dies
443 3286 578 3369 homiui,
596 3287 715 3367 dieique
737 3288 842 3352 beatus

145 3374 221 3436 Ante
245 3373 360 3437 obitum
382 3389 471 3437 nemo
493 3378 821 3457 supremaquclunera
845 3376 949 3440 debet.

188 3462 288 3525 Prima
310 3480 405 3544 nepos
427 3465 507 3527 inter
529 3472 574 3527 tot
595 3483 646 3527 res
669 3463 724 3527 tibi
736 3514 745 3547 ,
769 3465 876 3529 Cadme
886 3515 900 3556 ,
922 3466 1068 3528 secundas
1103 3493 1106 3498 2

145 3551 240 3615 Causa
261 3551 320 3615 fult
341 3550 462 3637 luctus,
480 3552 634 3634 alienaque
657 3571 769 3617 cornua
792 3555 883 3617 ironti

112 3662 249 3707 cumn.
838 3661 856 3708 a
