2467 4042
577 204 750 255 TRISTIUM

246 368 285 431 Et
308 368 416 430 tacitus
440 385 565 449 secum,
587 385 626 428 ne
650 368 717 446 quis
740 365 835 428 malus
858 365 979 447 audiat,
1002 373 1104 449 optet,

195 470 230 519 30
246 456 293 518 Sit
314 474 380 518 mea
402 455 493 517 lenito
518 454 643 517 Caesare
666 471 762 534 poena
784 454 875 517 levis:

244 543 306 605 Nos
328 563 447 624 quoque
459 590 469 625 ‚
494 545 629 624 quisquis
652 544 710 604 erit
722 589 731 624 ,
755 560 792 604 ne
820 545 860 605 sit
880 544 971 605 miser
993 545 1080 627 ipse,
1102 562 1172 624 pre·

678 648 799 711 camur,

247 720 381 783 Placatos
404 722 513 782 misero
537 721 589 799 qui
610 719 690 780 volet
713 737 778 780 csse
798 717 886 782 deos.

248 809 389 888 Quaeque
413 808 492 869 volet
503 854 514 888 ‚
537 816 599 869 rata
623 809 683 869 sint
695 853 705 888 ‚
728 806 882 886 ablataque
905 809 1048 888 principis
1071 810 1117 870 ira

248 896 376 958 Sedibus
398 898 430 957 in
452 897 556 975 patriis
580 895 631 956 det
653 895 726 957 mibi
741 891 836 975 'posse
858 894 951 957 marii

198 997 233 1047 35
248 985 287 1046 Ut
309 1002 432 1065 peragas
455 982 613 1064 mandata,
636 982 735 1065 liber,
757 982 916 1062 culpabere
939 984 1040 1044 forsan

248 1074 423 1152 Ingeniique
446 1074 544 1132 minor
567 1071 653 1133 laude
677 1071 775 1133 serere
798 1074 871 1134 mel.

247 1161 358 1224 ludicis
381 1160 513 1221 cilicium
536 1167 605 1242 est,
627 1167 662 1222 ut
684 1177 757 1242 res,
779 1162 820 1221 ita
843 1165 977 1239 tempora
1000 1178 1102 1222 rerum

249 1249 423 1320 Quaerere.
456 1249 591 1327 quaesite
614 1255 749 1328 tempore
773 1254 855 1310 tutus
879 1249 957 1310 eris.

157 1409 158 1412 Ἴ
247 1336 384 1398 Carmina
406 1338 586 1417 proveniunt
608 1338 707 1397 animo
731 1335 857 1398 deducta
880 1353 1005 1399 screno:

197 1438 233 1487 40
247 1424 353 1487 Nubila
376 1434 447 1487 sunt
470 1423 576 1486 subitis
599 1432 733 1503 tempora
755 1433 857 1485 nostra
880 1424 981 1485 malis.
1012 1437 1015 1444 '

248 1513 385 1575 Carmina
408 1531 561 1575 secessum
584 1511 743 1574 scribentis
767 1520 797 1573 et
819 1514 879 1573 otia
902 1520 1068 1591 quaerunt:

247 1602 293 1664 ble
317 1620 422 1683 mare,
444 1619 492 1661 me
515 1603 618 1682 venti,
641 1618 689 1662 me
713 1601 775 1661 iera
798 1602 887 1661 iactat
908 1600 1021 1661 biems.

248 1688 436 1751 Carminibus
459 1695 557 1751 metus
580 1691 677 1749 omnis
700 1687 807 1750 obest:
830 1706 885 1768 ego
908 1687 1043 1767 perditus
1066 1706 1176 1753 ensem

247 1777 414 1839 Haesurum
438 1776 539 1855 iugulo
562 1778 621 1838 iam
644 1784 717 1857 puto
740 1778 858 1856 iamque
881 1794 964 1837 mcc.

199 1878 234 1927 45
248 1866 327 1927 llaec
352 1882 471 1945 quoque
494 1864 573 1944 qued
597 1866 673 1926 lacic
685 1911 695 1946 ‚
718 1864 805 1926 iudex
828 1864 984 1926 mirabitur
1007 1883 1140 1948 aequus,

249 1953 425 2033 Scriptaque
448 1970 516 2014 cum
539 1955 625 2014 venia
649 1952 873 2032 qualiacumque
896 1953 991 2032 leget.

249 2042 291 2103 lla
314 2041 386 2103 miln
409 2041 581 2103 Maeoniden
606 2049 637 2102 et
660 2048 705 2102 tot
722 2042 882 2102 circumice
905 2059 1010 2123 casus,

248 2129 402 2209 lngenium
425 2131 516 2191 tantis
539 2128 656 2191 excidet
678 2147 766 2191 omne
784 2129 877 2191 malis.

248 2219 382 2297 Denique
406 2235 531 2280 securus
554 2218 671 2298 lamae,
693 2216 790 2298 liber,
813 2219 857 2279 ire
881 2225 1048 2301 memento,

200 2319 234 2369 50
248 2305 310 2368 Nec
334 2305 388 2368 tibi
410 2307 450 2369 sit
471 2306 549 2369 lecto
573 2304 761 2385 displicuisse
784 2305 897 2385 pudor.

248 2394 313 2456 Non
336 2396 377 2456 ita
400 2413 433 2455 se
455 2393 578 2475 praebet
601 2393 687 2455 nobis
711 2394 830 2455 fortuna
853 2394 1031 2477 secundam,

248 2483 288 2544 Ut
310 2481 364 2543 tibi
387 2485 426 2544 sit
448 2485 524 2544 ratio
546 2482 642 2544 laudis
665 2481 799 2543 habenda
823 2489 907 2544 tuae.

248 2571 348 2632 Donec
371 2588 452 2632 eram
476 2588 601 2652 sospes,
625 2570 704 2632 tituli
727 2569 868 2649 tangebar
891 2588 1009 2652 amore,

249 2658 477 2738 Quaerendique
500 2658 573 2720 mihi
595 2660 724 2720 nominis
747 2657 836 2720 arder
858 2666 939 2721 erat.

198 2759 233 2809 55
249 2746 386 2808 Carmina
403 2764 483 2808 nunc
503 2749 529 2808 si
547 2765 607 2807 non
626 2747 841 2828 studiumque,
865 2747 944 2826 quod
963 2746 1082 2827 obluit,
1102 2747 1177 2830 cdi,

249 2835 295 2897 Sit
317 2837 410 2897 satis.
442 2836 561 2914 ingenio
585 2836 629 2896 sic
647 2835 716 2915 fuga
738 2843 823 2916 parta
846 2853 929 2896 mec.

247 2923 294 2985 Tu
318 2930 416 2985 tamen
439 2925 450 2983 i
472 2941 527 3003 pru
550 2941 622 3006 me,
644 2931 701 3005 tu,
724 2925 774 2985 cni
795 2923 888 3004 licet,
911 2926 1009 3003 aspice
1028 2922 1178 2987 Romami

247 3011 284 3073 lli
306 3013 461 3091 iacerent,
483 3029 602 3092 possem
625 3028 706 3072 nunc
729 3029 814 3073 meus
837 3029 903 3073 esse
925 3010 1019 3073 liber!

246 3099 309 3178 Nec
331 3108 361 3161 te
372 3146 382 3181 ‚
406 3100 485 3180 quod
504 3103 606 3162 venias
628 3117 764 3179 magnam
786 3102 969 3180 peregrinus⁴
986 3102 1018 3161 in
1040 3099 1178 3185 Urbem,

198 3203 233 3252 60
248 3187 384 3268 lgnotum
407 3188 517 3268 populu
540 3206 628 3269 posse
651 3192 752 3250 venire
775 3196 864 3268 puta.

248 3277 287 3338 Ut
308 3276 402 3338 titulo·
419 3295 542 3358 careas,
565 3279 630 3357 ipsc
655 3295 779 3339 noscere
802 3276 918 3339 colore:

247 3364 440 3426 Dissimulare
462 3365 557 3447 velis,
580 3373 610 3426 te
634 3365 728 3448 liquet
751 3382 817 3426 esse
840 3383 957 3427 meum.

248 3452 329 3515 Clam
352 3462 451 3515 tamen
473 3455 607 3534 intrato,
630 3470 668 3514 nc
692 3463 721 3515 te
745 3471 809 3515 mea
834 3456 964 3515 carmina
987 3452 1123 3517 laedant.

246 3540 314 3602 Non
337 3549 408 3602 sunt
420 3587 430 3623 ,
452 3548 487 3603 ut
510 3541 659 3621 quondam
671 3589 681 3624 ,
704 3541 790 3624 plena
813 3543 943 3619 laveris,
967 3550 1067 3604 erant.
