2467 4042
602 235 773 287 TRISTIUM

274 398 376 459 Fidem
398 401 532 476 proiecto
555 416 629 460 nere
653 408 757 478 negate
781 416 919 462 manum.

273 487 419 565 Prospera
443 489 486 548 sie
509 495 626 548 maneat
648 486 732 547 vobis
754 487 873 562 fortrrua
885 535 896 570 ,
917 505 974 550 nee
997 507 1146 570 umquam

274 574 408 636 Contacti
431 575 520 637 simili
542 584 624 637 sorte
647 577 757 655 rogetis
780 575 878 637 idem,

667 767 710 841 V.

272 927 351 988 Usus
374 928 520 988 amicitiae
542 934 643 988 tecum
665 926 739 988 mibi
761 944 892 1008 pervus,
914 936 949 990 ut
971 926 1050 988 illam

272 1014 337 1076 Non
361 1034 449 1095 aegre
472 1032 576 1094 posses
599 1014 807 1096 dissimulare,
831 1015 905 1096 fuit,

272 1103 333 1165 Nec
358 1122 405 1164 me
428 1102 600 1181 complexus
623 1103 728 1165 vinclis
750 1102 942 1183 propioribus
964 1122 1046 1166 esses

272 1191 351 1252 Nare
374 1209 440 1252 mea
463 1200 573 1272 vento,
596 1191 720 1272 forsan,
743 1198 832 1252 eunte
856 1208 928 1254 suo.

243 1280 312 1340 oUt
335 1279 451 1360 cecidi,
474 1282 634 1358 cunctique
657 1288 740 1341 metu
763 1280 867 1357 fugere
890 1281 1023 1360 ruinam,

274 1368 423 1446 versaque
446 1369 591 1429 amicitiae
614 1375 698 1446 terga
721 1367 830 1428 dedere
854 1385 936 1428 meae
948 1414 958 1449 ,

273 1457 371 1517 Ausus
393 1474 427 1516 es
449 1457 516 1532 igne
540 1454 617 1516 lovis
640 1473 816 1535 percussum
840 1463 961 1536 tangere
984 1473 1099 1535 eorpus

273 1543 312 1605 m
334 1543 502 1624 deploratae
525 1544 616 1605 limen
639 1543 721 1604 adire
745 1543 868 1605 domus:

271 1632 364 1711 quue
387 1649 493 1692 recens
516 1639 650 1711 praestas
672 1649 728 1693 nee
750 1631 838 1710 longo
861 1633 998 1710 cognitus
1020 1649 1101 1713 usu,

225 1733 257 1782 to
272 1720 357 1791 Quod
381 1727 514 1781 veterum
537 1722 646 1781 misero
670 1722 718 1784 vix
740 1721 799 1781 duo
822 1727 921 1781 tresve
943 1719 1032 1780 mibi.

272 1809 338 1870 Vidi
361 1827 415 1887 ego
439 1808 579 1869 confusos
601 1807 722 1890 vultus,
745 1810 885 1886 visosque
907 1809 1022 1887 noted,

272 1897 373 1976 Osque
396 1895 517 1957 madens
539 1896 612 1957 fletu
635 1895 832 1975 pallidiusque
854 1913 940 1975 meo,

273 1985 311 2046 Et
333 1984 468 2046 lacrimas
492 2001 619 2045 cernens
642 1986 673 2044 in
696 1983 810 2063 singula
833 1983 922 2044 rerba
945 1982 1087 2045 cadentes

272 2073 331 2134 Ore
355 2091 421 2133 roeo
445 2071 583 2133 lacrimas
595 2120 605 2153 ,
628 2070 749 2133 auribus
772 2071 821 2133 illa
843 2070 923 2152 bibi3

225 2174 257 2221 to
272 2160 455 2239 Brachiaque
478 2163 580 2238 accepi
602 2178 706 2240 presso
729 2159 888 2239 pendentia
910 2159 1004 2240 collo,

270 2250 310 2311 Et
332 2248 499 2328 singultatis
523 2248 624 2309 oscula
647 2250 738 2309 mixta
761 2250 859 2309 sonis.

160 2338 177 2366 ⁰
272 2338 344 2401 Sum
364 2355 506 2418 quoque,
524 2354 615 2417 cere,
639 2339 698 2398 tuis
718 2335 858 2397 defensus
875 2334 988 2397 viribus
1007 2335 1143 2402 absens:
1166 2376 1206 2386 -

271 2426 336 2488 Scis
359 2443 461 2487 carum
483 2427 547 2486 veri
569 2427 697 2485 nominis
720 2442 786 2485 esse
809 2423 874 2485 loco
892 2456 936 2467 -

270 2513 420 2593 Multaque
443 2522 598 2592 praeterea
622 2513 771 2574 manifesti
792 2514 876 2590 signa
897 2513 1006 2574 favoris

223 2601 448 2664 refectoribus
471 2609 559 2663 teneo
582 2620 643 2662 non
665 2599 781 2663 abitura
802 2602 895 2661 meis.

270 2690 306 2751 Di
328 2688 383 2751 tibi
405 2706 494 2770 posse
517 2698 586 2751 tuos
609 2688 743 2750 tribuant
765 2688 924 2750 defendere
947 2706 1085 2769 semper,

272 2778 353 2849 Quos
376 2781 407 2838 in
431 2779 553 2839 materia
575 2779 764 2860 prosperiore
787 2778 890 2839 iuves.

272 2867 304 2927 Si
326 2873 425 2927 umen
448 2868 562 2928 interea
574 2913 584 2948 ,
612 2866 683 2945 quid
711 2868 742 2927 in
764 2864 811 2926 his'
834 2882 888 2944 ego
909 2864 1045 2945 perditus
1068 2869 1139 2929 oris
1161 2903 1208 2913 -

271 2953 356 3024 Quod
379 2962 409 3016 te
432 2953 573 3016 credibile
597 2963 644 3015 est
666 2971 810 3033 quaerere
831 2985 869 2997 -
891 2955 1009 3033 quaeris
1021 3001 1031 3034 ,
1054 2971 1169 3033 agam:

222 3055 257 3105 25
272 3043 330 3123 Spe
353 3042 457 3104 trahor
486 3045 613 3123 exigua‘,
636 3060 725 3122 quam
747 3050 780 3104 tu
808 3041 881 3103 mihi
904 3041 1023 3103 demere
1045 3043 1133 3126 noli,

270 3131 380 3192 Tristia
403 3131 489 3193 leniri
512 3132 634 3193 numina
656 3148 745 3210 posse
769 3129 835 3191 dei,

272 3218 332 3280 Seu
355 3228 468 3281 temere
491 3227 639 3299 expecto,
662 3221 723 3280 sive
746 3219 776 3280 id
800 3220 972 3298 contingere
995 3218 1038 3278 fas
1063 3228 1135 3298 cst,

271 3306 317 3368 'l'u
341 3307 414 3367 mihi
426 3354 435 3389 ,
458 3307 538 3386 quod
562 3310 672 3388 cupio,
695 3308 761 3387 fas,
785 3325 914 3387 precor,
937 3322 1004 3367 esse
1025 3305 1127 3384 proba
1138 3357 1148 3388 ,

272 3395 413 3474 Quaeque
436 3394 490 3457 tibi
514 3395 631 3476 liuguae
654 3396 812 3476 facundia,
836 3395 939 3456 confer
960 3395 992 3456 in
1015 3392 1089 3454 illud
1101 3443 1114 3477 ,

223 3494 257 3542 30
271 3482 309 3543 Ut
332 3482 438 3544 doceas
461 3491 563 3545 votum
584 3500 673 3563 posse
697 3483 793 3545 valere
817 3500 933 3544 meum.

272 3567 337 3638 Quo
361 3572 486 3649 quisque
511 3580 556 3632 est
579 3573 673 3631 maior
685 3618 694 3653 ,
717 3573 811 3650 magis
834 3579 881 3632 est
901 3569 1053 3650 placabilis
1075 3572 1160 3651 irae,
