2467 4042
450 231 523 301 XV,
541 237 682 288 tto—153.
762 250 934 289 musonis
1017 231 1080 298 309

156 397 268 460 Natum
288 396 449 479 homines,
471 396 561 477 pleno
584 415 659 477 quac
682 397 768 460 tertis
790 399 823 460 in
845 397 938 460 ubero
962 408 1081 479 nectar,

156 486 257 547 Mollia
280 503 355 565 quae
378 485 465 547 nobis
487 494 601 548 vestras
624 486 766 548 velamina
788 485 870 548 lanas

157 574 314 637 Praebotis
326 621 336 656 ,
360 576 477 653 vitaque
500 577 593 654 magis
616 592 705 654 quam
729 580 825 636 morte
848 570 981 636 iuratis?

82 676 141 724 tao
159 662 239 734 Quid
261 680 400 724 meruere
422 661 514 724 boves
526 710 536 744 ,
558 663 665 724 animal
688 665 752 724 sina
775 661 879 724 fraude
903 662 1054 744 dolisque,

156 750 346 833 lnnocnum,
369 750 517 833 simplex,
539 759 642 812 natum
665 750 792 812 tolerare
814 747 958 812 labores?

156 838 318 900 Immemor
341 847 387 900 est
399 886 408 920 ,
430 838 511 901 Deus
532 856 589 900 nec
612 840 733 918 frugum
755 857 881 900 munere
903 839 1028 922 dignus,

159 927 219 999 Qui
241 928 341 1007 potuit
364 929 448 988 curvi
470 925 591 1006 dempto
614 927 702 988 modo
725 927 858 1008 pondera
881 929 972 990 aratri

158 1014 330 1077 Ruricolam
352 1022 482 1077 mactare
506 1033 617 1097 suum,
640 1018 692 1095 qui
714 1017 785 1076 trita
807 1014 908 1078 labore

82 1115 141 1165 iso
156 1103 212 1164 llla
223 1150 233 1185 ,
256 1102 366 1183 quibus
390 1104 499 1165 totiens
522 1103 633 1166 durum
656 1111 850 1165 renovaverat
871 1121 991 1183 arrum,

158 1191 340 1254 Condiderat
362 1209 499 1273 messes,
520 1194 672 1272 percussit
694 1191 768 1253 colla
791 1194 907 1254 securi.

157 1279 222 1341 Nec
245 1280 317 1340 satis
340 1288 386 1341 ast
398 1327 408 1362 ,
430 1279 510 1359 ‹puod
533 1279 591 1341 tale
614 1281 698 1342 naias
721 1280 937 1343 committiturz
959 1283 1041 1361 ipsos

158 1368 344 1447 inscripsere
367 1366 439 1429 deos
462 1368 592 1449 sceleri,
613 1386 785 1448 numenque
808 1385 971 1448 supernum

158 1455 257 1518 Caede
280 1455 431 1517 laboriferi
449 1456 576 1519 credunt
598 1456 728 1536 gaudere
751 1457 886 1519 iuvenci.

83 1545 144 1608 iao
159 1544 286 1606 Victima
307 1543 373 1605 labe
396 1561 501 1606 carens
525 1552 556 1606 et
577 1546 833 1625 praestantissima
856 1545 950 1606 torma
973 1576 1015 1589 -

157 1632 235 1694 Nam
256 1631 405 1712 placuisse
427 1640 517 1694 nocet
542 1664 582 1676 —
605 1635 688 1695 vittis
709 1634 875 1714 praesignis
898 1641 930 1694 et
951 1651 1023 1694 auro

160 1720 285 1782 Sistitur
307 1727 375 1782 ante
397 1738 486 1802 aras,
508 1721 651 1801 auditque
672 1723 775 1801 ignara
797 1728 987 1803 precantem,

159 1808 335 1889 lmponiqua
358 1826 429 1871 suae
453 1809 532 1871 videt
553 1812 633 1871 inter
656 1826 769 1872 cornua
791 1810 882 1871 tronti

160 1897 242 1969 Quas
264 1896 379 1980 coluit,
401 1897 503 1977 fruges
515 1945 525 1979 ,
546 1915 749 1979 percussaque
772 1901 915 1978 sanguine
939 1898 1051 1961 cultros

85 1995 144 2048 135
159 1985 258 2047 lniiclt
279 1987 311 2047 in
333 1984 443 2065 liquida
461 1988 613 2066 praevisos
637 1987 761 2049 forsitan
784 1986 879 2048 unda.

158 2072 302 2136 Protinus
325 2082 442 2154 ereptas
464 2075 574 2136 viventi
595 2082 719 2155 pectore
741 2074 831 2136 libras

159 2161 349 2244 inspiciunt,
372 2170 547 2243 mentesque
570 2162 660 2225 deum
683 2170 855 2224 scrutantur
877 2166 909 2224 in
930 2163 1023 2225 illis·

96 2283 144 2295 -
159 2248 245 2312 Unde
269 2252 361 2312 iames
383 2250 496 2313 homini
518 2252 679 2314 vetitorum
702 2247 813 2314 unta?
835 2250 972 2314 ciborum
994 2260 1041 2315 est

160 2337 284 2400 Audetis
306 2341 410 2421 vesal,
431 2357 527 2419 genus
549 2356 568 2401 o
590 2336 746 2401 mortale?
769 2338 873 2422 quod,
895 2358 968 2422 oro,

88 2439 146 2489 uo
161 2426 206 2487 Ne
229 2427 316 2490 facita
328 2474 339 2510 ,
362 2435 393 2489 at
415 2429 535 2490 monitis
559 2430 674 2490 animos
696 2427 841 2489 advertite
865 2431 992 2491 nostris.

161 2513 297 2594 Cumque
318 2514 411 2578 boum
433 2514 540 2578 dabitis
563 2533 719 2579 caesorum
741 2515 873 2578 membra
895 2516 1008 2598 palato,

160 2602 301 2666 Mandare
323 2622 376 2666 ros
399 2612 516 2666 vestros
538 2608 613 2667 scita
637 2612 669 2666 at
690 2607 800 2667 sentite
820 2604 958 2667 colonos.

160 2689 201 2752 Et
217 2694 358 2773 quonlam
380 2691 455 2756 daus
481 2711 535 2755 ora
556 2701 678 2775 movet,
700 2710 809 2773 sequar
836 2710 889 2755 ora
915 2703 1081 2757 moventem

160 2778 228 2841 Rite
251 2779 363 2863 deum,
385 2780 573 2861 llelphosque
596 2799 680 2843 meos
701 2783 860 2862 ipsumque
877 2783 1028 2846 recludam

91 2881 147 2932 tto
161 2866 291 2930 Aethera
313 2877 345 2931 et
367 2876 509 2950 augustae
532 2869 674 2931 reserabo
697 2870 815 2932 oraouda
838 2875 963 2934 mentm.

160 2955 265 3036 lingna
276 3003 287 3039 ,
309 2975 366 3020 nec
387 2960 524 3038 ingeniis·
537 2961 696 3038 euestigata
717 2961 871 3043 priorum,

161 3043 303 3125 Quaeque
326 3045 377 3108 diu
400 3046 536 3128 latuere,
558 3065 683 3110 canam.
710 3049 791 3110 iuvat
813 3049 858 3109 iro
880 3066 936 3130 per
958 3048 1015 3111 alta

160 3131 269 3215 nsua,
292 3135 373 3196 lnvat
394 3137 484 3197 terris
507 3143 539 3197 at
559 3137 650 3197 inerti
673 3135 744 3197 sede
766 3136 869 3197 relicta

159 3220 246 3284 Nube
268 3221 336 3285 vehi
347 3269 358 3305 ,
380 3223 528 3302 validique
550 3226 664 3286 umeris
686 3226 825 3286 insistere
849 3224 992 3307 Atlantis,

93 3323 147 3374 too
160 3308 357 3390 Palantasque
375 3310 510 3374 homiues
532 3315 645 3392 passim
666 3328 701 3373 ac
724 3313 847 3373 rationis
871 3323 992 3393 egentes

159 3397 339 3478 Despectara
367 3400 495 3480 procul,
517 3401 711 3482 trepidosque
738 3399 913 3481 obitumque
941 3405 1078 3465 timentes

160 3485 211 3549 Sic
233 3486 407 3569 exhortari,
429 3490 598 3568 seriemque
622 3489 757 3551 evolvere
781 3489 850 3551 iatl.

159 3573 186 3636 0
209 3592 305 3655 genus
327 3578 487 3639 attonitum
507 3578 622 3656 gelidae
644 3577 803 3639 tormidine
825 3578 947 3643 mortisi
