2467 4042
465 202 533 274 XV,
554 208 710 258 lut-225.
793 222 964 260 erraremus
1036 206 1098 269 311

181 371 418 434 (irinotalaoent
439 368 535 431 media
547 416 556 451 ,
580 386 708 448 cumque
730 367 796 429 albo
820 367 940 430 Lucifer
963 373 1024 431 exit

105 473 165 523 190
182 463 287 522 Clarus
305 476 405 539 equ03
427 475 594 536 rursusque
617 457 714 538 alius,
737 475 806 518 cum
827 460 946 537 praevia
967 458 1043 520 lucis

179 547 370 609 Tradendum
392 545 512 607 Phoebo
535 545 691 606 Pallantias
714 546 808 606 inlicit
830 545 950 607 orbem.

178 637 248 716 lpse
271 637 319 696 dei
341 635 455 715 clipeus
478 641 559 695 terra
581 651 651 695 cum
673 633 786 694 tollitur
809 635 868 694 lma

179 725 266 786 blane
289 723 399 805 rubet,
421 731 584 804 terraque,
607 721 718 804 rubet,
741 739 810 783 cum
833 722 972 785 conditur
994 726 1070 806 ima3

181 812 331 873 Candidus
354 815 386 872 in
409 828 524 872 summo
548 818 616 891 est,
639 809 745 871 melior
767 819 871 871 natura
895 811 973 891 quod
997 812 1058 873 illic

107 914 166 964 195
181 901 319 961 Aetheris
342 908 410 980 est,
432 907 591 978 terraeque
613 899 720 978 procul
742 902 877 979 contagia
900 900 992 979 fugit.

180 989 244 1050 Nec
266 1006 320 1068 par
343 995 395 1050 aut
417 987 520 1048 eadem
543 996 707 1048 noeturnae
731 987 825 1047 torma
849 987 957 1048 Dianae

181 1077 258 1138 Esse
276 1084 375 1156 potest
393 1093 555 1155 umquam.
583 1093 761 1155 semperque
780 1074 924 1137 hodierna
942 1085 1104 1159 sequente,

183 1165 216 1226 Si
240 1168 370 1246 crescit,
394 1168 490 1225 minor
514 1172 582 1245 est;
599 1166 716 1245 maior,
740 1166 766 1225 si
789 1164 939 1225 contrahit
961 1164 1081 1227 orbem.

181 1250 291 1325 Quid?
314 1271 374 1314 non
397 1256 428 1314 ln
451 1254 567 1333 species
589 1252 751 1313 succedere
775 1261 916 1330 quattuor
939 1271 1052 1314 annum

109 1353 167 1403 auo
181 1343 321 1422 Aspicis,
343 1344 447 1402 aetatis
470 1350 661 1421 peragentem
683 1343 846 1401 imitamina
869 1337 1015 1402 nostrae?

183 1431 260 1492 Nam
284 1439 370 1491 tener
392 1439 424 1491 et
445 1429 557 1490 lactens
579 1432 726 1509 puerique
749 1428 915 1489 simillimus
938 1446 1009 1490 aevo

183 1517 262 1578 Vere
285 1535 360 1578 novo
384 1525 452 1578 est:
474 1527 547 1578 tuuc
569 1517 662 1578 herba
684 1534 791 1578 recens
814 1525 845 1577 et
862 1516 980 1578 roboris
998 1535 1103 1597 expers

182 1607 317 1688 Turget,
340 1615 371 1667 et
392 1604 517 1666 insolida
540 1614 607 1687 est,
631 1612 662 1665 et
684 1622 737 1684 spe
760 1604 888 1666 delectat
911 1612 1060 1684 agrestes.

183 1694 289 1756 Omnia
312 1701 384 1755 tunc
407 1693 515 1754 dorent
526 1741 536 1773 ,
559 1692 726 1771 florumque
749 1692 899 1753 coloribus
922 1692 1016 1754 almus

113 1794 168 1845 205
182 1783 272 1843 Ludit
285 1800 377 1863 ager,
396 1799 493 1859 neque
512 1779 608 1841 adhuc
627 1784 721 1842 virtus
739 1783 771 1841 in
791 1780 946 1842 frondibus
965 1781 1024 1842 ulla
1043 1790 1105 1843 est.

184 1871 305 1931 Transit
328 1873 358 1930 in
381 1878 524 1930 aestatem
545 1877 614 1949 post
636 1886 688 1929 rer
710 1868 863 1931 robustior
886 1887 999 1953 annm,

182 1960 290 2037 Fitque
313 1957 414 2018 valens
436 1958 574 2018 iuvenis:
596 1975 694 2036 neque
718 1960 798 2018 enim
820 1956 972 2019 robustior
995 1966 1075 2020 aetas

184 2047 273 2128 Ulla,
297 2063 352 2107 neo
371 2046 515 2127 uberior,
538 2063 594 2106 nec
617 2063 693 2124 quae
708 2049 800 2125 magis
824 2046 942 2128 ardeat,
960 2046 1019 2109 ulla
1043 2054 1105 2108 est.

184 2135 304 2214 Excipit
326 2144 509 2214 autumnus,
530 2136 629 2214 posito
652 2135 768 2195 fervore
792 2136 929 2196 iuventae

118 2234 169 2285 210
183 2223 319 2284 blaturus
343 2226 505 2303 mitisque,
527 2224 606 2282 inter
629 2224 824 2302 iuvenemque
848 2240 1010 2302 senemque

184 2313 342 2391 Temperie
366 2311 503 2391 medius,
526 2328 648 2390 sparsus
673 2329 791 2390 quoque
814 2318 949 2390 tempora
971 2313 1070 2373 canis.

183 2400 255 2461 ludo
279 2399 381 2460 senilis
404 2399 499 2459 biems
523 2398 650 2459 tremulo
673 2402 755 2459 venit
777 2398 896 2459 horrida
919 2417 1027 2482 passu,

184 2488 244 2549 Aut
266 2488 390 2567 spoliata
414 2505 508 2568 suos,
531 2497 603 2569 aut,
627 2505 703 2566 quos
725 2486 815 2548 habet
827 2535 836 2568 ,
859 2487 923 2548 alba
946 2488 1084 2567 capillos.

184 2576 292 2636 Nostra
315 2593 434 2655 quoque
456 2578 591 2654 ipsorum
614 2593 733 2655 semper
755 2578 919 2654 requieque
942 2579 1007 2636 sine
1031 2575 1088 2636 ulla

120 2675 171 2727 tto
187 2664 320 2744 Corpora
343 2672 522 2745 vertuntur3
546 2682 601 2725 nec
625 2664 704 2742 quod
728 2665 874 2725 fuimusve
898 2682 1054 2746 sumusre,

185 2752 258 2814 Cras
283 2755 415 2813 erimus.
445 2753 501 2813 luit
523 2752 572 2812 illa
595 2751 681 2833 dies,
705 2770 763 2831 qua
785 2755 898 2813 semina
921 2759 1036 2814 tantum

185 2840 319 2920 Spesque
343 2841 496 2901 bominum
518 2843 630 2920 primae
655 2843 758 2901 matris
781 2841 976 2903 cubitarimus
999 2840 1077 2901 alvo.

184 2930 324 2990 Artifices
347 2937 452 2989 natura
475 2946 580 2989 manus
603 2929 754 3010 admovit,
777 2937 808 2990 et
830 2932 898 3009 angi

186 3017 318 3096 Corpora
342 3015 505 3078 visceribus
528 3017 674 3078 distentae
697 3016 815 3078 condita
837 3020 941 3079 matris

121 3117 171 3167 220
185 3105 310 3186 Noluit,
332 3123 409 3184 eque
433 3105 519 3165 domo
544 3123 650 3166 vacuas
675 3109 773 3166 emisit
796 3108 826 3167 in
850 3124 955 3167 auras.

182 3193 290 3254 Editus
313 3195 344 3254 ln
366 3193 463 3254 lucem
486 3196 578 3254 lacuit
599 3197 664 3255 sine
686 3193 800 3254 viribus
822 3195 938 3274 inians3

182 3283 251 3343 blox
275 3282 445 3361 quadrupes
468 3285 588 3361 rituque
612 3283 682 3343 tulit
704 3299 757 3342 sua
780 3281 912 3342 membra
935 3282 1084 3362 ferarum,

183 3370 390 3448 Paulatimque
412 3380 545 3431 tremens
567 3379 598 3430 et
621 3370 753 3430 nondum
775 3370 886 3449 poplite
910 3370 995 3431 firmo

184 3457 346 3539 Constitit,
370 3458 477 3531 adiutis
500 3458 597 3537 aliquo
616 3461 771 3518 conamine
795 3460 911 3539 nervis3

119 3556 168 3607 aaa
184 3546 257 3607 lude
282 3545 380 3606 salens
402 3546 546 3625 veloxque
570 3548 648 3626 luit,
671 3549 858 3626 spatiumque
882 3550 1018 3608 iuventae
