2467 4042
199 324 264 389 244
577 328 746 388 REMED.
769 331 845 392 AM.

220 488 272 542 525
282 478 357 539 Nam
372 478 515 552 quoniam
532 481 650 542 variant
665 481 771 557 animi,
788 484 980 547 variabimus
996 495 1090 548 artes.

325 562 408 622 lllille
423 563 493 622 meli
507 564 646 638 species,
667 565 748 624 mille
764 568 871 630 salutis
887 579 983 630 erunt.

284 646 421 721 Corpora
435 646 488 705 vix
503 647 583 707 ierro
601 649 752 723 quaedam
767 660 914 713 sanantur
928 661 1034 716 aeuto=

326 730 479 790 Auxilium
493 731 595 792 multis
611 748 706 793 sucus
720 741 749 793 et
763 735 857 795 herba
873 737 937 797 luit.

283 813 404 874 Mollior
420 830 472 889 es,
493 830 594 889 neque
608 815 694 878 abne
709 823 812 893 potes,
835 820 1018 897 vinctusque
1032 825 1164 899 teneris,

219 909 272 961 530
322 899 361 959 Et
373 905 426 958 tua
440 913 552 959 saevus
565 900 662 960 Amor
676 901 733 961 sub
749 903 828 977 pede
843 905 923 965 colla
937 907 1068 982 premit?

283 982 396 1043 Desine
410 982 526 1043 luctari.
549 985 682 1043 reserant
698 991 749 1045 tua
764 986 892 1047 carbasa
907 990 998 1062 venti,

325 1065 451 1142 Quaque
466 1074 577 1128 vocant
589 1066 716 1144 fluctus,
737 1068 795 1128 hac
810 1070 863 1131 tibi
881 1087 984 1133 remus
999 1080 1058 1133 eat.

281 1149 443 1226 Explenda
457 1157 506 1211 est
522 1151 588 1212 sitis
604 1152 747 1226 iscariot,
767 1169 827 1228 qua
840 1154 978 1229 perditus
994 1159 1098 1218 ardes.

325 1233 477 1295 Cedimus.
499 1235 632 1295 emedio
648 1235 707 1295 iarn
725 1236 794 1297 licet
808 1255 897 1298 amne
911 1240 1010 1301 bibas.

219 1326 269 1381 555
281 1317 344 1379 Sed
358 1318 430 1378 bibe
444 1320 514 1394 plus
529 1319 635 1392 etiam,
659 1336 750 1396 quarn
766 1322 848 1395 quod
864 1325 1047 1399 praecordia
1062 1337 1217 1401 poscant,

324 1400 449 1463 Gutture
464 1402 513 1463 lac
527 1406 620 1477 pleno
636 1411 757 1480 sumpta
771 1405 921 1466 redundet
934 1424 1027 1483 aqua,

177 1533 189 1542 .
280 1484 439 1546 Perfruere
454 1502 553 1562 nsque
570 1494 635 1558 tua,
660 1489 743 1549 nullo
760 1489 953 1565 prohibente,
976 1494 1096 1568 puella=

322 1570 375 1628 llla
390 1568 444 1631 libi
459 1576 566 1631 noctes
581 1571 712 1643 auferat,
734 1573 786 1632 illa
799 1573 876 1634 dies.

280 1650 393 1714 Taedia
409 1668 522 1728 quaere
536 1654 616 1714 mali.
641 1655 753 1715 iaciunt
767 1662 798 1717 et
810 1658 912 1718 taedia
925 1658 1027 1719 linem.

216 1746 269 1800 tlt
321 1738 382 1798 larn
398 1753 538 1813 quoque,
557 1754 626 1798 curn
641 1740 750 1799 credes
765 1756 861 1815 posse
876 1758 996 1818 carere,
1018 1760 1120 1819 mane,

280 1821 357 1882 llum
371 1820 450 1881 bene
463 1828 494 1882 te
509 1821 645 1883 cumules
662 1830 692 1882 et
705 1824 794 1899 copia
808 1826 893 1886 tollat
907 1841 1052 1902 amorem,

321 1905 358 1966 lit
373 1905 508 1967 fastidita
523 1921 583 1966 non
595 1906 682 1966 iuvet
695 1922 767 1968 esse
782 1909 883 1970 domo.
1051 1984 1054 1988 ψ

279 1990 326 2050 l'it
340 2005 465 2066 qnoque
479 1990 588 2065 longus
603 2005 704 2066 amor,
727 2007 817 2066 quern
832 1993 1001 2053 dilddentin
1015 1997 1123 2056 nutrit:

320 2074 408 2134 Hunc
422 2081 455 2134 tu
469 2074 497 2135 si
512 2089 645 2149 quaeres
661 2089 789 2149 ponere,
813 2092 895 2152 pone
912 2083 1035 2138 metum.

216 2165 267 2219 545
281 2156 336 2232 Qut
353 2156 452 2231 timet,
471 2165 505 2219 ut
520 2173 576 2218 sua
591 2158 645 2233 sit,
669 2159 779 2234 nequis
794 2160 852 2220 sibi
867 2160 1005 2222 detrahat
1019 2162 1112 2238 illam,

321 2242 374 2301 llle
388 2239 569 2302 Machaonia
584 2242 636 2301 vix
651 2257 712 2318 ope
726 2259 821 2304 sanus
837 2245 901 2303 crit.

225 2325 349 2386 -Plus
364 2332 445 2387 amat
459 2342 476 2385 e
491 2325 570 2386 natis
585 2331 682 2386 mater
697 2327 876 2403 plerumque
892 2327 1023 2401 duobus,

225 2442 268 2455 -
320 2408 377 2470 Pro
394 2411 481 2471 cuius
495 2409 609 2483 reditu,
635 2411 721 2484 quod
733 2412 809 2485 gerit
823 2428 922 2484 nrrna,
945 2414 1038 2474 timet.

278 2493 332 2554 list
347 2509 445 2569 prope
460 2493 606 2555 collinam
622 2495 766 2569 templum
781 2495 955 2556 venerabile
970 2504 1101 2572 portam,

215 2587 267 2641 550
320 2577 458 2654 Inposuit
473 2579 585 2653 templo
603 2579 727 2638 nomina
743 2579 845 2639 celsus
860 2579 958 2658 uryx=

278 2662 333 2722 list
346 2662 406 2720 illic
422 2661 573 2723 Lethaeus
588 2663 699 2736 Amor,
721 2663 771 2738 qui
788 2671 912 2738 pectora
926 2671 1024 2736 sanat,

321 2746 417 2821 Inque
432 2762 506 2806 suas
521 2745 653 2822 gelidam
667 2747 827 2821 lampadas
842 2747 927 2806 addit
940 2745 1061 2823 aquam.

278 2831 385 2890 illicet
404 2830 529 2890 iuvenes
549 2829 629 2891 votis
645 2830 759 2891 oblivia
773 2838 912 2904 poscunt,

319 2914 357 2974 Et
371 2913 461 2988 siqua
474 2921 523 2975 est
538 2914 614 2974 duro
631 2922 721 2990 capta
738 2916 840 2989 puella
857 2914 933 2974 viro.

213 3007 263 3062 555
276 2999 305 3058 ls
320 2997 392 3057 nrihi
408 2998 453 3058 sic
468 2997 574 3058 dixit...
590 2997 710 3071 dubito,
733 3013 865 3059 verusne
880 2997 1007 3073 Cupido,

319 3082 368 3141 An
383 3099 511 3163 somnus
526 3083 625 3143 luerit.
647 3082 702 3141 sed
720 3090 808 3156 puto,
831 3097 957 3142 somnus
972 3087 1068 3141 erat...

277 3165 314 3225 ‘0
331 3165 382 3240 qui
397 3164 546 3226 sollicitos
561 3166 654 3226 modo
669 3166 741 3240 das,
764 3164 856 3224 modo
872 3165 970 3225 demis
984 3180 1118 3239 amores,

317 3247 417 3310 Adice
431 3250 604 3325 praeceptis
620 3250 679 3309 hoc
695 3264 832 3325 quoque,
854 3248 950 3321 Naso,
969 3249 1039 3308 tuis.

277 3333 327 3392 Ad
341 3333 422 3392 mala
436 3332 567 3408 quisque
582 3333 713 3393 animum
727 3334 839 3392 reierat
853 3349 925 3407 sua,
948 3340 1041 3408 ponet
1055 3348 1200 3393 amorem.

213 3426 265 3480 560
318 3414 464 3477 Omnibus
481 3417 532 3477 illa
547 3416 625 3477 deus
641 3419 750 3492 plusve
764 3417 904 3476 minusve
920 3416 1011 3477 dedit.

277 3499 332 3573 Qui
345 3498 449 3560 Puteal
464 3500 632 3576 Ianumque
646 3501 729 3561 timet
743 3502 922 3575 celeresque
937 3499 1104 3563 uniendas.

221 3597 223 3602 ·
316 3582 469 3656 Torqueat
481 3581 562 3644 hunc
575 3584 655 3643 aeris
667 3591 770 3644 mutua
784 3599 903 3644 summa
917 3584 974 3642 sui.
