2467 4042
442 262 473 313 V.
494 264 642 313 rso-232.
977 257 1040 323 317

123 423 239 486 Chloris
263 442 365 504 eram,
388 423 514 505 nymphe
538 427 634 503 campi
658 424 773 504 felicis,
797 422 848 485 ubi
872 422 955 485 audis

167 512 241 572 Rern
265 513 422 574 fortunatis
446 521 513 573 ante
538 512 629 573 luisse
652 515 741 572 viris.

123 599 204 671 Quae
225 602 312 661 luerit
332 600 405 661 mihi
423 600 534 681 forma,
557 618 645 679 grave
672 607 717 661 est
735 616 856 661 narrare
876 598 1041 680 modestae,

51 701 108 749 200
169 687 226 749 Sed
250 705 393 768 generum
416 690 504 749 matri
526 691 661 768 repperit
682 688 731 749 illa
754 689 860 748 deum.
939 760 942 767 ι

123 775 181 837 Ver
204 787 290 856 erat,
314 776 469 838 errabam:
502 776 655 856 Zephyrus
674 779 849 855 conspexit,
872 773 1006 837 abibam.

168 864 359 946 Insequitur,
383 865 486 944 fugio:
519 866 625 926 fortior
647 864 697 925 ille
721 866 793 926 luit.

122 951 162 1013 Et
184 952 306 1013 dederat
328 954 413 1014 fratri
435 951 545 1014 boreas
568 955 615 1014 ius
638 970 725 1015 omne
749 955 886 1032 rapinae,

167 1041 265 1102 hirsus
288 1040 454 1102 Erechthea
476 1044 606 1121 praemia
631 1042 710 1101 ferre
733 1041 838 1101 domo.

18 1170 19 1173 κ
50 1141 106 1189 205
122 1127 186 1190 Vim
210 1139 309 1191 minen
333 1129 470 1190 emendat
492 1129 587 1191 dando
610 1129 683 1190 mihi
705 1131 824 1190 nomina
848 1132 974 1210 nuptae,

165 1216 259 1298 loque
282 1235 348 1279 meo
372 1234 432 1279 non
456 1226 501 1279 est
524 1217 582 1279 ulla
606 1216 738 1297 querella
761 1225 844 1278 toro.

18 1320 19 1325 ¹
122 1305 197 1365 Vere
220 1307 305 1366 fruor
328 1324 467 1387 semper:
499 1324 617 1386 semper
641 1305 836 1367 nitidissimus
860 1320 972 1384 annus,

18 1410 19 1417 ¹
167 1392 264 1453 hrbor
287 1391 374 1454 babet
398 1393 540 1473 frondes,
563 1392 671 1472 pabula
694 1411 812 1472 semper
835 1392 960 1454 humus.

18 1500 20 1535 z
123 1478 176 1541 list
198 1479 270 1540 mihi
294 1481 439 1542 secundus
462 1480 608 1542 dotalibus
631 1479 736 1542 hortus
758 1484 789 1541 in
813 1483 910 1559 agris,

18 1568 20 1625 ἑ
52 1579 108 1628 210
166 1568 246 1629 hura
269 1568 364 1650 iovet,
387 1567 515 1648 liquidae
538 1569 619 1629 lonte
642 1570 756 1647 rigatur
778 1585 889 1647 aquae:

122 1655 208 1717 Hunc
231 1674 316 1717 meus
338 1655 471 1736 implevit
492 1674 638 1735 generoso
661 1656 734 1717 tiore
757 1659 900 1736 maritus,

18 1796 19 1805 ,
167 1744 263 1823 Atque
287 1746 328 1804 eit
351 1739 534 1805 “arbitrium
558 1754 613 1823 tu,
637 1744 714 1824 dea,
737 1744 819 1804 iloris
842 1740 963 1805 habe.''

18 1860 19 1891 1
123 1830 216 1912 Saepe
239 1851 293 1912 ego
317 1831 447 1911 digestos
470 1832 549 1894 volui
571 1849 729 1893 numerare
753 1832 885 1913 colores,

166 1919 227 1980 Nec
250 1922 355 2001 potui3
378 1938 503 1984 numero
526 1922 611 2000 copia
634 1923 726 1981 maior
750 1929 830 1981 erat.

53 2020 108 2069 215
122 2007 248 2070 Roscida
271 2026 338 2070 oum
363 2009 491 2087 primum
514 2007 592 2069 loliis
616 2026 739 2069 excussa
762 2010 869 2088 pruina
892 2017 938 2069 est

166 2096 204 2157 Et
225 2098 322 2157 variae
346 2097 436 2157 radiis
458 2099 614 2177 intepuere
639 2114 755 2176 comae,

123 2184 309 2246 Conveniunt
331 2187 419 2265 pictis
442 2186 587 2246 incinctae
611 2184 743 2246 vestibus
767 2182 881 2263 florae,

166 2272 258 2352 lnque
282 2272 361 2347 leves
384 2272 514 2333 calathos
536 2290 661 2333 munere
683 2281 785 2332 nostra
807 2272 929 2350 legunt.

122 2360 261 2422 Protinus
285 2360 431 2421 accedunt
453 2359 609 2439 Charites,
632 2368 815 2439 nectuntque
839 2375 964 2420 coronas

55 2461 108 2510 220
167 2448 312 2528 Sertaque
335 2447 478 2509 caelestes
500 2448 679 2527 implicitura
703 2465 819 2508 comas.

122 2536 220 2598 Prima
242 2554 297 2615 per
319 2538 478 2596 immensas
502 2538 597 2615 sparsi
621 2553 694 2596 nova
718 2538 829 2596 semina
853 2541 974 2614 gentes:

166 2624 260 2684 Unius
283 2623 371 2685 tellus
394 2631 461 2684 ante
486 2625 592 2684 coloris
616 2633 697 2684 erat.

122 2712 218 2773 Prima
242 2710 434 2792 Therapnaeo
458 2712 516 2773 ieci
538 2711 574 2772 de
598 2713 740 2789 sanguine
763 2710 885 2792 dorem,

166 2799 203 2862 itt
226 2811 326 2862 manet
347 2803 379 2861 in
402 2799 471 2861 lolio
496 2802 605 2879 scripta
630 2799 760 2879 querella
783 2816 855 2861 suo.

55 2901 108 2952 225
123 2889 167 2950 Tu
195 2907 313 2969 quoque
336 2905 445 2950 nomen
468 2887 560 2949 habes
583 2888 701 2968 cultos,
725 2888 883 2968 Narcisse,
906 2904 961 2965 per

668 2976 789 3057 hortos,

166 3065 270 3128 lnlelix
283 3115 292 3147 ,
315 3065 394 3145 quod
417 3083 478 3126 non
501 3064 575 3126 altor
598 3074 628 3126 et
651 3064 726 3125 alter
749 3079 831 3124 eras.

125 3152 200 3225 Quid
223 3153 338 3214 Crocon
361 3162 412 3214 sut
435 3153 515 3214 httin
539 3153 666 3214 referam
690 3151 855 3230 Cinyraque
878 3154 1027 3228 creatum,

167 3240 208 3301 lle
232 3257 360 3321 quorum
382 3259 436 3320 per
459 3259 507 3302 me
529 3240 650 3301 volnere
674 3241 769 3316 surgit
791 3233 913 3298 honor?

123 3329 199 3390 Mars
223 3345 342 3409 quoque
355 3375 364 3407 ,
388 3332 413 3390 si
435 3332 555 3409 nescis,
582 3345 637 3407 per
660 3336 776 3388 nostras
800 3324 897 3387 editus
921 3332 1016 3386 artes:

57 3431 110 3481 230
166 3417 300 3498 luppiter
322 3416 379 3478 hoc
401 3425 435 3479 ut
458 3416 553 3478 adhuc
577 3418 690 3477 nesciat
702 3463 711 3496 ,
734 3432 829 3494 usque
852 3431 976 3494 precor.

124 3506 229 3568 Sancta
252 3506 349 3567 lovem
373 3503 445 3566 luno
469 3515 538 3567 nata
561 3508 626 3566 sine
650 3514 742 3566 matre
766 3502 896 3565 Minerva

166 3594 270 3657 Olfloio
295 3594 388 3655 doluit
411 3611 470 3655 non
494 3596 611 3673 eguisse
636 3610 707 3654 suo.
