2467 4042
162 236 227 302 222
349 255 461 292 merone
576 233 740 290 METAMM
749 274 756 290 .

250 401 393 464 Crescere
416 400 529 471 difficili
541 448 550 481 ,
573 418 630 462 nec
653 419 725 481 opes
748 419 909 481 exposcere
932 421 1062 482 parvas:

250 490 384 570 Cumque
406 490 601 570 tridentigero
624 490 731 552 tumidi
753 491 886 569 genitore
908 493 1056 570 prolumdi

249 579 402 640 Mortalem
424 578 559 640 induitur
581 579 730 658 formam,
751 577 956 659 Phrygiaeque
980 590 1114 660 tyranno

249 667 391 730 Aedificat
413 684 515 729 muros
527 714 537 748 ,
560 674 665 747 pactus
688 685 743 747 pro
765 666 922 729 moenibus
946 686 1075 731 aurum.

185 766 236 819 206
251 754 353 817 Stabat
374 773 473 836 opus:
495 757 626 834 pretium
649 772 703 817 rex
724 756 895 838 inficiatur,
918 764 949 818 et
972 755 1075 838 addit,

248 843 393 905 Perfidiae
416 843 592 924 cumulum,
615 843 697 905 falsis
720 846 851 924 periuria
873 844 990 906 verbis.

250 930 327 994 ‘Non
350 934 462 1012 inpune
484 927 575 993 seres'
599 942 700 994 rector
723 934 814 994 maris
836 935 957 1011 inquit:
979 939 1010 994 et
1031 950 1150 996 omnes

249 1020 403 1083 inclinavit
425 1037 516 1099 aquas
539 1019 575 1081 ad
598 1037 702 1082 avarae
725 1021 812 1082 litora
834 1020 958 1082 Troiae.

250 1109 343 1188 Inque
366 1109 437 1170 freti
459 1109 584 1170 termam
606 1117 703 1170 terras
727 1109 905 1191 complevit,
928 1127 1064 1189 opesque

184 1209 236 1259 210
249 1197 379 1259 Abstulit
402 1196 538 1277 agricolis
561 1205 593 1258 et
614 1197 754 1259 fluctibus
777 1191 878 1259 obruit
900 1214 1004 1276 agros.

247 1285 347 1347 Poena
363 1303 459 1365 neque
479 1285 551 1347 haec
569 1287 642 1347 setis
656 1293 720 1347 este
738 1288 817 1364 regis
832 1303 951 1366 quoque
965 1286 1023 1347 ntia
1036 1296 1190 1349 monstro

247 1373 385 1436 Poscitur
408 1391 578 1452 aequoreo.
607 1391 696 1453 quam
718 1373 793 1435 dura
815 1373 852 1435 ad
875 1392 945 1435 saxa
967 1377 1141 1437 revinctam

248 1460 383 1523 Vindicat
404 1461 543 1544 Alcides,
565 1464 771 1542 promissaque
794 1479 941 1542 munera,
964 1463 1063 1524 dictos

248 1549 349 1612 Poscit
371 1568 485 1631 equos3
509 1552 642 1629 tantique
666 1552 765 1630 operis
788 1550 925 1612 mercede
948 1558 1054 1629 negata

183 1649 234 1701 215
248 1638 299 1700 Bis
321 1640 440 1718 periura
463 1641 542 1719 capit
568 1646 724 1718 superatae
747 1640 863 1701 moenia
885 1638 1009 1699 Troiae.

247 1725 309 1788 Nec
332 1744 401 1806 pars
424 1726 568 1808 militiae,
591 1726 754 1808 Telamon,
777 1729 841 1788 sine
864 1726 978 1788 honore
1001 1730 1159 1811 recessit,

248 1815 436 1894 Hesioneque
460 1815 526 1876 data
548 1816 684 1895 potitur.
712 1832 780 1876 nam
803 1817 928 1894 coniuge
951 1814 1059 1877 Peleus

249 1903 352 1965 Clarus
376 1912 441 1965 erat
463 1904 549 1964 diva.
578 1922 635 1964 nee
658 1905 704 1964 avi
725 1905 818 1982 magis
840 1903 889 1964 ille
913 1903 1048 1982 superbit

248 1991 396 2073 Nomine,
419 2010 508 2070 quam
531 1994 650 2071 soceri3
674 1991 820 2070 siquidem
842 1990 919 2052 levis
942 2009 1009 2053 esse
1031 1995 1142 2072 nepoti

182 2094 234 2144 220
249 2080 380 2160 Contigit
401 2080 480 2141 haud
502 2082 577 2162 uni,
600 2081 730 2141 conicum
753 2080 808 2142 dea
831 2081 954 2158 contigit
976 2082 1045 2142 uni.

292 2168 424 2248 Namque
439 2186 530 2230 senex
544 2168 663 2229 Thetidi
675 2166 803 2229 Proteus
823 2164 899 2229 ‘dea'
914 2168 1029 2230 dixerat
1045 2164 1165 2232 ‘undae
1173 2220 1186 2253 ,

247 2256 399 2337 Concipe.
427 2263 522 2318 mater
545 2258 605 2318 eris
628 2258 743 2319 iuvenis
755 2303 765 2338 ,
788 2257 840 2335 qui
862 2256 990 2318 fortibus
1013 2260 1102 2319 annis

248 2347 319 2407 Acta
342 2347 435 2424 patris
458 2347 557 2407 vincet
578 2345 732 2423 maiorque
754 2344 907 2406 vocabitm·
929 2340 1010 2405 illo?

247 2434 349 2514 Ergo,
372 2451 409 2495 ne
433 2435 592 2513 quicquam
614 2433 744 2496 mundus
766 2432 834 2494 love
856 2435 951 2494 maim
973 2432 1121 2517 haberet,

182 2535 233 2585 225
248 2523 387 2593 Quamvis
411 2521 489 2583 haud
513 2522 629 2601 tepidos
653 2521 709 2582 sub
731 2528 854 2601 pectore
877 2530 1013 2583 senserat
1035 2525 1143 2606 ignes,

247 2610 380 2690 luppiter
403 2627 567 2690 aequoreae
591 2610 725 2671 Thetidis
749 2609 875 2672 conubia
897 2610 991 2692 fugit,

247 2699 280 2760 ln
304 2716 416 2778 suaque
439 2699 586 2762 Aeaciden
609 2698 770 2761 succedere
793 2705 861 2760 vcta
883 2707 1023 2778 nepotem

247 2788 337 2849 lussit
359 2795 390 2855 et
412 2786 563 2868 amplexus
585 2788 617 2848 in
641 2789 764 2867 virginis
786 2789 830 2848 ire
854 2790 1002 2850 numae.

247 2875 301 2937 Est
324 2877 407 2937 sinus
429 2874 608 2938 Haemoniae
631 2893 739 2937 curvos
763 2875 887 2937 falcatus
909 2878 941 2937 in
965 2894 1072 2959 meus,

182 2980 233 3029 280
248 2964 388 3026 Bracchia
410 2972 614 3045 procurrunt:
637 2964 711 3045 ubi,
735 2966 761 3024 si
783 2964 861 3025 foret
882 2964 969 3026 altior
992 2967 1092 3047 unda,

246 3055 356 3116 Portus
380 3061 465 3134 erat3
489 3054 612 3114 summis
636 3053 791 3114 inductum
813 3061 860 3114 est
882 3071 995 3133 aequor
1017 3054 1162 3117 harenis.

247 3144 331 3206 Litus
352 3140 442 3203 babet
464 3140 613 3223 solidum,
637 3141 716 3221 qnod
739 3159 795 3202 nec
817 3144 940 3221 vestigia
962 3153 1082 3224 servet,

246 3233 308 3295 Nec
331 3236 499 3292 remoretur
520 3233 579 3291 iter
591 3278 601 3312 ,
624 3247 680 3291 nec
703 3239 841 3310 opertum
862 3231 992 3310 pendeat
1014 3232 1099 3311 alga.

246 3321 358 3401 Myrtea
381 3319 454 3380 silva
476 3318 601 3400 subest,
624 3317 805 3380 bicoloribus
828 3317 923 3380 obsita
946 3319 1047 3383 bacis.

182 3422 232 3472 235
247 3409 301 3471 Est
324 3426 432 3487 specus
454 3410 485 3469 in
508 3407 628 3488 medio,
651 3414 758 3469 natura
780 3407 876 3469 lactus
888 3455 898 3489 ,
921 3425 957 3469 an
981 3416 1066 3490 arte,

246 3496 446 3577 Ambiguum3
468 3498 561 3575 magis
584 3504 649 3557 erte
672 3504 793 3558 tamen:
817 3514 876 3575 quo
899 3514 988 3576 saepe
1010 3500 1117 3560 venire

246 3585 372 3646 Freneto
395 3583 533 3664 delphine
557 3584 665 3649 sedens
677 3633 687 3668 ,
710 3584 797 3646 Theti
820 3584 899 3646 nuda
911 3632 921 3665 ,
944 3583 1081 3648 solebas.
