2467 4042
464 229 546 298 vlu,
566 234 723 285 tta-204.
813 247 952 285 nunaunt
1043 229 1106 296 155

168 396 248 468 Quo
269 404 428 476 postquam
450 398 597 475 geminam
620 397 699 456 tauri
721 396 897 474 iuvenisque
919 395 1044 474 figurant

88 496 150 546 170
169 485 316 566 Clausit,
338 494 370 546 et
390 485 499 546 Actaeo
521 483 568 544 bis
590 491 709 563 pastum
732 486 876 563 sanguine
898 492 1065 547 monstrum

169 573 282 634 Tertia
305 590 372 634 sors
395 575 481 633 annis
503 573 620 633 domuit
642 574 768 651 repetita
791 574 933 655 novenis3

169 661 278 741 thue
302 679 359 741 ope
380 663 513 741 virginea
536 660 625 723 nullis
648 662 754 722 iterata
776 662 911 740 priorum

170 750 269 811 lanua
293 749 422 811 difficilis
445 749 495 810 iilo
518 752 706 810 estimenta
728 748 858 810 releoto:

171 838 322 900 Protinus
344 838 471 918 Aegides
494 845 578 917 rapta
599 836 729 899 Minoide
753 836 836 899 Diam

91 939 153 988 ¹⁷5
173 926 250 988 Vela
273 925 379 1007 dedit,
402 928 600 1005 comitemque
625 943 710 987 suam
732 925 863 987 erudelis
885 927 917 988 ln
939 926 989 987 illo

172 1014 282 1077 Litore
302 1014 459 1077 destituit.
488 1013 623 1076 desertae
647 1022 679 1075 et
701 1013 794 1077 multa
816 1017 956 1093 querenti

173 1102 342 1183 Amplexus
363 1111 395 1164 et
418 1121 505 1183 opem
527 1101 617 1164 Liber
640 1102 731 1184 tulit3
754 1110 848 1182 utque
869 1105 996 1183 perenni

176 1192 288 1253 Sidere
311 1191 389 1253 clara
412 1192 513 1272 foret,
535 1199 686 1272 sumptam
708 1189 745 1252 de
768 1192 867 1252 fronte
890 1209 1030 1254 eoronam

174 1280 298 1342 lnmlsit
320 1280 423 1342 eaelo.
452 1289 559 1342 munes
581 1279 660 1341 volat
682 1279 732 1341 illa
754 1297 809 1359 per
832 1297 939 1362 auras,

96 1380 158 1431 tao
175 1368 318 1448 Dumque
341 1368 441 1450 volat,
464 1385 597 1448 gemmae
620 1367 731 1430 nitidos
752 1374 912 1431 vertuntur
933 1370 965 1431 in
1003 1384 1102 1424 11111.

889 1459 974 1536 ignes

175 1546 417 1625 Consistuntque
439 1544 506 1607 loeo
518 1593 528 1628 ,
551 1547 653 1626 speeie
677 1552 850 1609 remanente
873 1562 1018 1628 ooronae,

177 1635 242 1706 Qui
264 1633 380 1697 medius
397 1633 526 1713 Nixique
549 1652 629 1714 genu
651 1642 699 1696 est
710 1634 936 1716 ‚Anguemque
958 1638 1104 1697 tenentis.

227 1721 371 1785 daedalus
393 1725 509 1784 interea
532 1722 642 1784 Creten
665 1722 846 1803 longumque
868 1741 995 1803 perosus
1101 1796 1104 1807 ι

176 1810 310 1873 nouum
332 1818 490 1890 tactusque
512 1810 572 1872 looi
594 1810 700 1873 natalis
722 1830 841 1893 amore,

102 1912 160 1964 181
178 1898 308 1961 Clausus
330 1907 396 1961 erat
412 1899 539 1980 pelago.
568 1894 676 1962 terras
699 1895 781 1962 lioet’
804 1902 902 1979 inquit
925 1896 968 1963 et
989 1860 1084 1963 undas

179 1986 347 2050 Obstmat·
370 1997 400 2049 at
422 1988 538 2050 eaelum
560 1995 644 2050 oerte
665 1997 769 2069 patet
796 1987 906 2051 ibimus
928 1987 1012 2052 illae.

178 2076 288 2138 Omnia
310 2074 482 2159 possideat,
504 2094 565 2138 non
587 2077 722 2157 possidet
739 2081 808 2139 adra
829 2072 955 2139 Minos?

179 2164 283 2246 Dixit,
306 2173 337 2226 et
357 2167 474 2244 ignotas
497 2168 629 2226 animum
652 2165 774 2227 dimittit
795 2167 828 2226 ln
850 2174 947 2248 artes,

179 2253 383 2333 Naturamque
407 2261 520 2316 norat.
547 2270 616 2315 nam
639 2256 725 2333 ponit
745 2256 777 2315 in
800 2254 904 2316 ordine
926 2272 1057 2336 pennas,

106 2341 221 2420 190[1
244 2345 365 2403 minima
387 2349 530 2423 eoeptas,
552 2342 671 2422 longam
692 2341 829 2404 breviore
852 2345 990 2422 sequenti
997 2342 1020 2425 ,]

182 2430 223 2491 Ut
244 2430 320 2491 olivo
343 2432 474 2492 oravisse
495 2438 606 2510 putest
630 2433 674 2492 sio
696 2433 810 2492 rustioa
833 2430 982 2510 quondam

181 2517 296 2581 Fistula
316 2517 486 2599 disparibus
508 2518 651 2599 paulatim
673 2521 770 2599 surgit
792 2522 910 2581 avenis.

65 2658 69 2667 .
183 2607 262 2669 Tum
284 2606 345 2668 lino
369 2607 481 2669 medias
504 2616 535 2669 et
557 2609 636 2669 ceris
659 2607 758 2688 alligat
778 2609 871 2690 imas,

183 2696 279 2775 itque
301 2698 343 2757 ita
366 2697 545 2775 compositas
567 2713 658 2776 parvo
682 2697 852 2758 curvamine
874 2695 985 2775 flectit,

110 2796 167 2848 tao
184 2783 222 2845 Ut
245 2801 331 2845 veras
353 2786 488 2845 imitetur
510 2802 600 2847 ares.
628 2803 705 2865 puer
726 2783 829 2846 Icarus
851 2802 911 2846 una

183 2870 289 2934 Stabat
310 2880 362 2953 et,
384 2875 507 2951 ignarus
529 2891 583 2934 sua
606 2891 639 2934 se
662 2879 790 2934 tractare
812 2873 942 2953 pericla,

183 2959 244 3022 Dre
266 2959 415 3022 renidenti
437 2960 525 3022 modo
548 2978 622 3041 quas
645 2978 716 3040 vaga
734 2971 867 3023 moverat
888 2978 977 3043 aura,

183 3048 325 3129 Captabat
346 3049 484 3131 plumas,
506 3048 610 3111 tlaram
633 3049 720 3111 modo
743 3050 850 3130 pollice
874 3066 973 3112 ceram

181 3135 314 3198 llollibat
324 3185 334 3219 ,
357 3137 485 3217 lusuque
507 3156 563 3200 suo
587 3137 720 3200 mirabile
742 3141 836 3219 patris

110 3237 169 3290 20⁰
182 3224 365 3306 impediebat
387 3244 484 3306 opus.
511 3236 670 3306 postquam
692 3245 798 3289 manus
820 3226 924 3288 ultima
947 3227 1061 3309 ooeptis

182 3314 313 3394 Inposita
336 3323 405 3396 est,
427 3317 560 3395 geminas
583 3316 683 3395 opilex
705 3316 823 3377 libravit
845 3317 877 3376 in
899 3314 960 3376 alas

182 3403 251 3483 lpse
274 3420 363 3465 suum
386 3421 495 3484 eorpus
507 3451 517 3486 ,
540 3412 679 3483 motaque
701 3403 844 3485 pependit
864 3405 896 3465 ln
918 3421 1007 3466 aura.

182 3491 309 3553 instruit
330 3501 362 3553 et
384 3498 487 3554 natum
499 3539 508 3573 ,
532 3488 653 3554 ‘medio'
677 3511 736 3572 que
759 3489 806 3554 ‘ut
826 3492 920 3555 Dmite
943 3510 1064 3574 curras,

183 3577 264 3643 leare
277 3575 299 3662 ,⁹
323 3582 364 3642 ait
387 3577 527 3664 moneo,
551 3599 589 3644 ne
601 3629 612 3664 ,
634 3584 661 3643 si
684 3580 840 3643 demissior
862 3580 937 3662 ibis,
