2467 4042
202 270 243 332 ⁶2
600 267 821 331 *Aluouultl

286 421 408 482 Scilicet
424 419 548 481 adserui
564 419 625 480 iarn
640 437 703 496 nte,
727 420 854 499 fugique
869 431 1010 500 catenas,

327 505 365 565 Et
380 520 461 580 quae
476 521 537 564 noo
553 505 662 580 puduit
678 507 771 579 terre,
793 510 902 570 tulisse
917 509 1021 585 pudet.

259 590 438 663 evicimus,
461 596 491 648 et
505 590 652 650 domitum
668 590 801 667 pedibus
817 595 972 655 calcamus
989 610 1132 658 amorem=

328 675 485 734 Venerunt
499 674 591 750 capiti
607 690 725 735 cornua
740 691 810 737 sera
824 694 904 739 mee.
1110 702 1114 707 ·

285 757 422 818 Perlerre
439 758 572 818 obdurat
595 760 686 819 dolor
699 759 749 819 hio
764 761 817 822 tibi
833 763 970 838 proderit
987 764 1069 824 olim.

328 841 430 917 Saepe
444 842 510 902 tulit
522 843 617 904 lassis
633 859 726 904 sucus
742 860 865 907 amarus
881 863 983 923 opem.

285 927 366 1002 Ergo
382 942 441 1002 ego
456 927 601 1002 sustinui,
627 928 744 988 loribus
762 936 822 989 tarn
837 946 933 1006 saepe
948 932 1105 1007 repulsus,

247 1023 278 1073 le
329 1013 498 1086 ingenuum
515 1012 592 1072 dura
607 1027 724 1087 ponere
742 1028 857 1088 corpus
871 1015 989 1076 humo‘t

284 1096 365 1171 Ergo
381 1111 439 1171 ego
456 1097 641 1170 nesciocui,
667 1112 758 1171 quem
773 1106 806 1158 tu
821 1101 974 1174 conplexa
988 1100 1128 1172 tenebas,

326 1179 467 1242 Excubui
482 1182 635 1254 clausam,
658 1197 769 1242 servus
785 1188 832 1257 ut,
852 1191 923 1243 ante
938 1184 1083 1243 domum?

284 1266 370 1340 Vidi,
394 1280 463 1324 cunr
477 1264 595 1326 loribus
611 1266 714 1326 lessus
730 1267 869 1342 prodiret
883 1275 1016 1341 amator,

324 1350 496 1411 Invalidum
513 1351 652 1411 referens
668 1351 890 1427 emeritumque
905 1354 996 1413 latus.

248 1444 276 1495 lo
286 1434 354 1495 Hoo
370 1442 470 1494 tameo
487 1442 535 1495 est
551 1434 668 1509 levius,
692 1452 783 1510 quam
800 1436 970 1510 quodsum
985 1436 1072 1498 visus
1087 1438 1126 1498 ab
1140 1438 1201 1499 ilio.

326 1520 455 1580 Eveniat
469 1519 583 1580 nostris
597 1518 740 1579 hostibus
755 1520 806 1579 ille
822 1521 937 1595 pudori

285 1603 414 1679 Quando
432 1619 490 1679 ego
509 1620 571 1664 non
586 1603 669 1665 fixus
684 1604 771 1664 lateri
786 1604 936 1679 patienter
951 1605 1093 1679 adhaesi,

326 1689 397 1764 lpse
412 1697 481 1750 tuus
498 1696 621 1762 custos,
643 1688 713 1763 ipse
727 1689 789 1761 vir,
812 1689 881 1763 ipse
896 1697 1023 1751 comest

286 1772 409 1835 Scilicet
423 1781 453 1834 et
469 1774 585 1850 populo
602 1788 658 1847 per
671 1788 721 1832 me
736 1773 879 1834 comitata
897 1775 1059 1850 placebas!

241 1869 277 1921 ⁶20
330 1859 429 1919 Causa
443 1860 499 1919 luit
511 1858 613 1918 multis
629 1864 735 1918 noster
749 1858 863 1918 amoris
877 1873 973 1919 amor.

283 1943 395 2018 Turpia
410 1943 485 2019 quid
498 1945 631 2003 referam
645 1957 746 2002 vanae
760 1942 923 2004 mendacia
937 1943 1059 2019 linguae

327 2027 366 2088 Et
379 2031 554 2104 periuratos
569 2028 598 2086 in
614 2042 684 2087 mea
700 2028 812 2087 darnna
828 2029 929 2089 deest

286 2112 362 2187 Quid
378 2113 522 2174 iuvenum
537 2112 648 2172 tacitos
664 2112 743 2172 inter
756 2112 899 2172 convivia
914 2119 1020 2186 nutus,

327 2197 494 2271 Verbaque
510 2195 681 2271 conpositis
697 2195 889 2257 dissimulata
903 2196 1005 2258 notist

241 2294 275 2345 25
285 2281 373 2342 Dicta
388 2289 453 2343 erat
469 2297 562 2356 aegra
576 2281 659 2340 mihi.
691 2296 841 2356 praeceps
857 2296 1027 2356 amensque
1042 2278 1170 2343 cucurri·
1231 2308 1232 2349 ς

325 2366 420 2442 Veni,
444 2373 474 2426 et
487 2365 575 2425 rivali
590 2381 653 2425 non
669 2372 735 2425 erat
749 2381 843 2440 aegra
858 2381 938 2426 meo.

282 2451 337 2511 llis
353 2459 383 2512 et
398 2467 478 2527 quae
493 2457 597 2524 taceo,
621 2449 730 2510 duravi
745 2465 841 2525 saepe
857 2448 1003 2511 terendis.

325 2536 445 2610 Quaere
459 2535 565 2608 alium,
589 2550 646 2610 pro
661 2551 711 2594 rne
726 2534 777 2609 qui
794 2542 887 2610 queat
900 2534 960 2595 ista
973 2537 1046 2610 pati.

282 2624 345 2680 lam
361 2637 429 2680 rnea
443 2620 547 2679 votiva
564 2620 679 2695 puppis
694 2618 834 2680 redimite
848 2634 965 2680 corona

240 2717 276 2769 ee
327 2707 424 2767 Lenta
439 2705 636 2765 tumescentis
651 2705 795 2778 aequoris
811 2705 896 2765 audit
910 2719 1020 2779 aquas,

282 2792 397 2852 Desine
411 2788 574 2850 blanditias
589 2796 621 2849 et
634 2788 745 2863 verba,
767 2790 904 2864 potentia
919 2789 1091 2865 quondam,

323 2875 465 2935 Perdere.
495 2889 559 2933 non.
572 2889 631 2947 ego
648 2890 716 2934 surn
732 2875 857 2947 stultus,
879 2883 912 2935 ul
927 2879 998 2935 ante
1014 2873 1067 2932 iui.

282 2961 448 3021 Luctantur
463 2965 634 3034 pectusque
649 2957 718 3019 leve
732 2957 762 3017 in
778 2959 930 3018 contraria
943 2959 1073 3019 tendunt

323 3045 389 3104 Hac
404 3060 508 3117 amor,
529 3043 589 3103 hae
604 3043 718 3104 odium.
748 3042 819 3117 sed,
843 3050 934 3117 puto,
956 3041 1052 3103 vincit
1065 3058 1159 3103 amor.

241 3138 274 3192 35
287 3129 404 3202 Odere,
429 3129 455 3190 si
473 3135 591 3203 potero.
621 3128 648 3187 si
663 3142 739 3203 non,
762 3126 876 3188 invitus
892 3127 1013 3188 amabo.

323 3213 387 3273 Nec
401 3212 474 3287 iuga
487 3221 592 3273 taurus
607 3220 697 3273 amat.
727 3226 806 3287 quae
820 3217 921 3271 tamen
938 3212 1018 3285 odit,
1040 3211 1140 3273 habet.

282 3298 452 3373 Nequitiam
468 3297 562 3373 lugio.
593 3296 759 3371 lugientem
775 3297 873 3358 forme
886 3295 1015 3357 reducit.

324 3382 463 3444 Aversor
478 3398 595 3443 morum
611 3381 745 3442 crimina.
775 3396 889 3456 corpus
903 3397 983 3441 amo.

284 3467 335 3528 sie
351 3482 409 3542 ego
425 3482 482 3528 nec
499 3466 627 3538 sinete,
651 3480 709 3527 neo
723 3473 824 3526 tecum
839 3465 945 3527 vivere
964 3480 1112 3542 possum.

241 3564 275 3614 to
326 3551 365 3611 Et
379 3551 488 3613 videor
501 3551 565 3612 voti
580 3549 707 3612 nescius
722 3564 795 3611 esse
808 3549 883 3610 nrei.
