2467 4042
442 213 487 264 vr.
509 214 657 266 sce-ess.
990 204 1056 269 339

134 374 217 436 Hanc
240 392 295 454 ego
319 392 387 435 cum
410 373 515 435 vellem
538 390 648 451 genero
671 371 765 452 dare,
787 378 921 451 tempora
943 368 1039 431 taedis

180 463 254 543 Apta
276 461 488 542 requirebam,
511 478 647 540 quaeque
671 458 799 520 carenda
822 460 938 521 forent:

18 536 24 579 ³
137 550 213 613 'lum
236 550 308 613 mihi
330 557 399 629 post
422 566 520 611 sacras
542 555 726 609 monstratur
749 547 852 608 lunius
875 546 945 607 ldus

182 638 267 699 Utilis
290 645 323 697 et
343 639 466 719 nuptis,
489 636 572 697 utilis
595 653 661 697 esse
684 636 775 715 riris3

70 738 123 788 225
138 726 295 813 l’rimaque
318 742 388 804 pars
410 725 500 786 buius
523 723 660 785 thalamis
682 722 777 784 aliena
799 728 917 801 reperte
940 730 1002 782 est.

181 814 257 874 Nam
278 812 352 873 mibi
374 815 417 874 sic
440 815 569 875 coniunx
592 819 696 873 saneta
716 810 806 872 Dialis
830 812 888 871 ait:

17 898 21 934 ³
139 897 255 963 ‘Donec
278 901 315 961 ab
338 900 425 963 Iliaca
447 899 581 980 placidus
603 901 778 979 purgamina
799 896 887 959 Vesta

183 987 330 1050 Detulerit
350 988 433 1050 ilaris
455 992 486 1051 in
508 1005 591 1049 mare
613 986 741 1067 Thybris
764 988 866 1067 aquis,

138 1076 204 1138 Non
227 1077 299 1138 mihi
321 1076 446 1138 detonso
468 1079 568 1138 crines
589 1076 749 1155 depectere
772 1074 868 1147 buxo,
1018 1103 1056 1117 -

17 1160 24 1204 t
71 1178 126 1228 230
184 1163 250 1225 Non
273 1183 390 1244 ungues
412 1164 494 1226 ferro
516 1163 706 1226 subsecuisse
728 1162 815 1243 licet;

17 1254 22 1295 1
138 1251 204 1313 Non
223 1254 356 1330 tetigisse
374 1255 489 1332 virum,
509 1254 642 1330 quamvis
660 1251 737 1312 loris
755 1250 804 1312 ille
823 1249 979 1330 sacerdes,
1001 1261 1059 1313 (⁹⁰1)

184 1338 324 1408 Quamvis
347 1348 491 1419 perpetua
513 1342 554 1400 sit
575 1340 648 1399 mibi
671 1339 735 1417 lege
758 1339 863 1399 (latus.

17 1434 20 1467 ³
140 1426 186 1488 Tu
210 1444 328 1507 quoque
352 1443 389 1487 ne
412 1443 561 1506 propera.
602 1425 709 1488 melius
732 1434 783 1487 tua
805 1425 865 1486 fllia
887 1424 999 1507 nubet,

185 1513 274 1593 lgnea
297 1531 366 1576 cum
387 1532 462 1593 pura
485 1512 574 1575 Vesta
596 1511 703 1575 nitebit
725 1508 851 1575 bum0.'

501 1650 530 1714 t.
553 1648 616 1716 FN

17 1787 19 1822 ¹
74 1790 128 1843 235
143 1776 243 1839 Tertia
264 1784 333 1857 pest
355 1770 456 1839 Nonas
477 1793 630 1838 removere
653 1775 789 1857 Lycaona
810 1773 930 1837 Phoebe

187 1864 319 1946 Fertur,
340 1871 371 1926 et
393 1882 410 1925 a
432 1872 516 1946 tergo
539 1882 599 1926 uon
622 1864 712 1925 babet
734 1863 809 1925 Ursa
831 1871 961 1925 metum.

143 1952 227 2015 Tunc
250 1970 305 2032 ego
328 1970 376 2013 me
399 1955 519 2014 memini
541 1952 628 2014 ludos
650 1955 682 2013 in
705 1954 837 2031 gramine
860 1950 961 2033 Campi

79 2056 88 2066 2
186 2023 328 2120 Aspicere
352 2039 485 2122 ethici,
508 2039 624 2102 lubrice
646 2039 782 2121 Thybri,
805 2047 889 2101 tuos.

142 2129 230 2191 Festa
252 2129 317 2191 dies
338 2127 397 2190 illis
409 2174 420 2209 ,
443 2132 495 2209 qui
517 2128 577 2190 lina
599 2128 748 2190 madentia
771 2128 903 2208 ducunt,

78 2228 130 2279 240
189 2216 306 2297 Quique
329 2224 435 2296 tegunt
457 2219 556 2296 paruis
578 2232 647 2278 aera
669 2233 795 2277 recurva
817 2214 908 2277 cibis.

321 2354 351 2418 8.
374 2351 441 2418 GN
458 2369 797 2417 nemmemcarrr

143 2476 227 2540 Mens
251 2496 370 2559 quoque
387 2497 499 2541 numen
517 2479 624 2540 babet.
660 2478 767 2540 Mentis
786 2476 910 2541 delubra
929 2476 1063 2540 videmus

188 2565 261 2628 Vota
283 2574 366 2628 metu
388 2565 480 2649 belli,
502 2567 615 2648 perfide
638 2566 760 2646 Poene,
783 2568 844 2628 tui.

145 2652 245 2715 Poene
267 2653 427 2716 rebellaras
439 2700 449 2735 ,
472 2663 503 2715 et
524 2654 584 2717 leto
607 2654 739 2717 consulis
761 2671 865 2717 omnes

188 2742 314 2805 Attoniti
335 2741 453 2805 Mauras
475 2746 658 2821 pertimuere
680 2760 803 2805 manus.

78 2842 131 2893 245
146 2829 236 2911 Spem
258 2839 357 2894 metus
380 2830 554 2912 expulerat:
586 2850 656 2894 cum
676 2831 770 2894 Menti
791 2840 858 2894 veta
881 2837 1003 2892 senatus

189 2918 341 2999 Suscipit.
373 2929 405 2983 et
426 2918 533 2982 melior
554 2922 692 3000 protinus
714 2919 763 2981 illa
786 2921 883 2981 venit.

143 3006 257 3087 Aspicit
279 3010 425 3071 instantes
447 3007 555 3071 mediis
576 3025 629 3069 sex
650 3006 768 3069 lucibus
791 3005 863 3067 ldus

189 3093 241 3155 llle
263 3095 345 3177 dies,
368 3113 427 3177 qua
449 3103 521 3167 sunt
542 3104 609 3157 rota
632 3095 731 3156 soluta
751 3093 841 3156 deae.

308 3231 339 3295 9.
362 3229 396 3295 Η
413 3229 540 3298 VEST
557 3246 817 3297 sss-veseis

144 3355 233 3420 Vesta
244 3404 254 3439 ‚
277 3356 364 3419 farei
396 3356 452 3419 tibi
473 3376 554 3420 nunc
576 3364 698 3438 operata
719 3355 896 3420 resolvimus
917 3374 987 3439 cra,

78 3456 130 3508 250
187 3446 232 3507 at
255 3453 308 3508 tua
330 3447 357 3507 si
379 3444 466 3507 nobis
488 3463 572 3509 sacra
593 3447 696 3508 venire
717 3444 803 3508 licet.

143 3533 179 3595 ln
201 3552 291 3613 prece
315 3542 397 3596 tetus
420 3551 520 3596 eram:
551 3533 690 3596 caelestia
708 3535 830 3596 numina
852 3535 951 3616 sensi,

851 3630 908 3687 22*
