2467 4042
460 266 496 317 11.
515 277 541 318 Π
555 267 688 319 38-110.

206 427 268 490 Νο0
291 429 374 508 rigor
397 436 444 490 est
466 427 555 489 Drusi
577 427 730 490 nobilitate
753 431 869 491 minor.

116 527 149 578 ⁷5
164 516 246 577 Adde
270 533 365 578 nurus
388 525 552 596 neptesque
574 519 640 597 pias
661 524 806 596 natosque
828 524 972 597 nepotum

206 604 371 684 Ceteraque
394 604 543 684 Augustae
566 604 699 666 membra
721 604 818 667 valere
841 606 965 687 domus3

161 692 244 754 Adde
267 692 466 771 triumphatos
488 693 576 754 modo
598 692 753 774 Paeones,
776 693 850 755 adde
873 695 966 774 quieti

207 780 332 842 Subdita
354 788 511 843 montanae
534 781 654 842 braobia
677 781 853 843 Dalmatiae.

161 868 222 930 Neo
246 868 402 948 dedIgnata
424 879 472 931 est
494 869 617 931 abiectis
639 869 735 949 Illyris
758 873 849 931 armis
1038 884 1081 936 (42)

113 968 148 1020 80
207 955 383 1019 Caesareum
406 957 516 1019 famulo
539 959 650 1019 vertice
673 958 752 1020 ierne
775 958 899 1038 pedem.

161 1044 229 1125 lpse
250 1061 344 1124 super
367 1063 489 1107 currum
512 1045 627 1126 placido
651 1044 819 1126 spectabilis
842 1064 894 1107 ore

205 1133 352 1214 Tempora
374 1133 511 1195 Phoebea
534 1136 649 1212 virgine
672 1152 747 1196 nexa
770 1134 855 1197 tulit.

161 1222 256 1293 Quem
278 1224 328 1302 pia
351 1222 505 1285 vobiscum
527 1221 626 1301 proles
651 1225 802 1285 comitavit
823 1230 961 1304 euntem,

204 1309 299 1388 Digna
320 1319 443 1390 parente
467 1328 521 1373 suo
545 1309 774 1391 nominibusque
798 1310 892 1393 datis3

113 1406 147 1458 85
161 1395 317 1459 Fratribus
340 1398 504 1480 adsimilis,
527 1416 602 1479 quos
625 1402 759 1480 proxima
781 1399 889 1480 templa
912 1401 1042 1462 tenentis

205 1484 297 1546 Divus
319 1485 356 1547 ab
380 1486 495 1547 excelsa
516 1486 609 1549 lullus
633 1487 704 1549 aede
727 1487 822 1549 videt.

160 1570 214 1633 His
236 1572 434 1656 Messalinus,
457 1574 567 1655 quibus
589 1578 688 1637 omnia
711 1575 818 1637 oedere
841 1574 968 1657 debent,

204 1659 338 1723 Primum
361 1662 490 1724 laetitiae
512 1681 572 1725 uon
595 1674 684 1744 negat
706 1681 772 1727 esse
795 1664 911 1726 locum.

160 1747 310 1830 Quidquid
329 1750 365 1812 ab
384 1749 432 1812 bis
454 1759 614 1833 superest,
632 1754 714 1814 venit
734 1754 766 1813 in
784 1759 935 1814 oertameu
954 1754 1079 1814 amoris:

112 1848 147 1899 00
204 1837 266 1900 Hae
289 1838 444 1903 hominum
466 1840 540 1902 nulli
562 1849 647 1920 parte
671 1838 821 1902 secundus
844 1843 920 1903 erit.

160 1924 242 1988 Hane
265 1927 343 1990 colet
365 1937 433 1989 ante
457 1928 556 2010 diem,
579 1947 654 1991 nora
677 1946 735 2010 qua
758 1928 878 1990 decreta
900 1932 1026 1991 merenti

203 2013 291 2077 Venit
313 2015 464 2078 honoratis
487 2017 587 2079 laurea
610 2017 698 2097 digna
721 2020 831 2079 eomis.

158 2102 273 2165 Felices
285 2151 295 2186 ‚
319 2104 427 2185 quibus
450 2103 490 2168 oi
526 2104 611 2167 liouit
633 2112 769 2185 spectare
791 2106 960 2186 triumphos

202 2190 241 2254 Et
264 2192 349 2254 ducis
372 2211 424 2254 ore
447 2193 519 2254 deos
542 2196 753 2274 aequiperante
775 2194 853 2256 irui.

110 2290 145 2341 00
159 2280 196 2341 tt
219 2279 293 2341 mihi
317 2279 507 2344 Sauromatae
529 2300 585 2362 pro
608 2282 742 2344 Caesaris
765 2300 817 2344 ore
839 2282 959 2345 videndi

202 2367 355 2449 Terraque
378 2373 460 2449 panis
481 2372 569 2451 inops
592 2370 730 2450 undaque
752 2372 854 2433 iuncta
876 2371 962 2452 gelu.

160 2454 191 2517 Si
214 2466 313 2518 tamen
334 2456 409 2520 baec
432 2458 515 2520 audis
539 2467 570 2520 et
591 2477 648 2520 vox
670 2477 735 2521 mea
757 2461 894 2538 pervenit
914 2460 1007 2542 istac,

204 2543 251 2606 Sit
273 2553 325 2607 tua
347 2546 488 2608 mutando
511 2551 604 2628 gratia
627 2545 733 2608 blanda
756 2548 838 2609 loeo.
1003 2601 1006 2606 ,

159 2630 222 2694 Hoc
244 2642 330 2712 pater
351 2632 401 2696 iile
424 2644 495 2697 tuus
517 2638 613 2717 primo
636 2635 710 2697 mibi
732 2635 830 2698 cultus
853 2635 890 2698 ab
913 2654 1002 2719 aero,

93 2732 144 2783 100
204 2720 310 2801 Siquid
332 2722 422 2785 habet
444 2741 551 2787 sensus
573 2724 679 2786 umbra
702 2724 833 2806 diserta,
855 2727 948 2806 petit.

157 2808 220 2872 Hoo
242 2813 318 2891 petit
335 2821 371 2873 et
393 2813 503 2876 irater.
544 2816 677 2895 quamvis
699 2813 825 2876 fortasse
848 2820 987 2893 veretur,
1032 2826 1076 2878 (40

203 2897 345 2962 Servaudi
368 2911 475 2963 noceat
496 2920 534 2963 ne
557 2901 612 2964 tibi
635 2920 706 2964 eura
730 2904 807 2966 mei.

157 2984 232 3047 Tota
255 2986 360 3049 domus
383 2998 468 3069 rogat
489 2989 564 3051 hoo.
609 3008 665 3051 neo
689 3000 722 3052 tu
744 2998 829 3070 potes
852 2993 917 3070 ipse
940 3007 1049 3069 negare

201 3072 240 3136 m
262 3092 316 3137 nos
338 3077 371 3138 in
393 3075 499 3138 turbae
521 3083 606 3157 parte
629 3078 722 3138 fuisse
746 3086 832 3139 tuae.

92 3172 142 3224 too
157 3161 271 3241 Ingenii
294 3172 399 3245 uerte,
421 3182 481 3244 quo
504 3181 560 3226 nos
582 3164 657 3225 male
681 3165 828 3226 sensimus
852 3183 944 3248 usos,

201 3249 323 3312 Artibus
346 3253 500 3333 exceptis,
522 3269 610 3331 saepe
633 3249 775 3332 probator
798 3270 881 3315 eras.

156 3338 218 3402 Nee
241 3356 329 3421 mea,
352 3341 378 3402 si
400 3348 515 3402 tantum
538 3347 660 3421 peecata
682 3342 840 3403 novissima
862 3341 980 3426 demas,

200 3426 276 3490 Esse
297 3437 398 3509 potest
420 3428 523 3491 domui
544 3431 603 3494 rita
625 3426 763 3509 pudenda
785 3439 873 3494 tuae.

28 3533 39 3547 ·
157 3515 206 3579 Sic
229 3518 321 3597 igitur
344 3527 460 3581 restrae
482 3520 600 3599 vigeant
621 3516 784 3598 penetralia
805 3521 921 3603 gentis,

91 3616 143 3668 tto
202 3605 338 3689 Curaque
362 3610 403 3670 sit
425 3610 541 3690 superis
564 3605 799 3687 Caesaribusque
823 3609 885 3672 tui:

862 3707 916 3764 10*
