2467 4042
406 220 465 291 VI,
484 220 642 288 uos-vu,
661 226 713 275 44.
813 238 901 275 mn
999 218 1061 283 127

75 405 116 453 10
130 389 174 452 Et
199 389 307 451 luctata
330 387 383 449 diu
395 436 405 469 ,
427 397 586 467 postquam
608 387 724 447 ratione
749 385 881 447 furorem

131 478 263 539 Vincere
285 494 346 538 non
369 484 508 556 poterat,
532 471 678 556 ‘trusua,
700 473 803 536 liedea
814 522 824 555 ,
847 490 1014 554 repugnas:

134 567 246 628 Nescio
260 568 327 644 quis
342 564 416 626 deus
431 563 529 625 obstat
542 559 562 645 ς’
581 565 622 624 ait
635 558 814 642 ‘mirumque
827 611 837 639 ,
855 564 915 624 nisi
927 561 985 624 hoo
999 569 1063 645 est,

134 657 198 716 Aut
220 653 331 733 aliquid
355 661 436 714 certe
460 651 554 713 simile
578 650 671 732 huic,
694 651 772 729 quod
802 668 899 712 amare
923 660 1063 714 uocatur.
1165 668 1168 673 ⁴

135 743 214 804 Nam
237 760 291 803 cur
314 745 395 803 iussa
417 743 511 820 patris
533 741 659 802 nimium
681 738 753 801 mihi
776 738 850 801 dura
872 735 1037 802 ridentur?

81 843 121 893 15
136 832 218 894 Sunt
240 848 358 910 quoque
382 829 456 890 dura
479 830 589 890 nimis.
617 845 694 909 our,
717 845 807 907 quem
829 826 917 889 modo
938 828 1019 889 deni-

909 934 967 996 que
986 915 1062 998 vidi,

136 1008 183 1069 Ne
206 1016 330 1088 pereat,
353 1002 474 1067 timeo?
497 1023 573 1085 quae
596 1006 673 1066 tanti
696 1022 784 1067 causa
803 1001 945 1066 timoris?

136 1096 254 1157 Excute
277 1097 411 1175 virgineo
434 1102 592 1174 conceptas
614 1101 736 1174 pectore
759 1093 909 1175 flammas,

137 1185 172 1246 Si
195 1192 281 1264 potes
293 1231 303 1265 ‚
325 1182 450 1244 infelix.
477 1184 504 1243 si
526 1199 669 1264 possem,
692 1184 792 1243 sanior
815 1199 929 1243 essem.

136 1272 199 1334 Sed
222 1281 324 1351 gratu
344 1273 467 1333 invitam
489 1288 563 1332 nora
586 1273 653 1333 ris.
681 1269 818 1351 aliudque
842 1269 968 1352 cupido,

84 1375 122 1425 20
138 1361 226 1422 Mens
249 1360 328 1422 aliud
351 1359 477 1421 suadet.
503 1359 589 1420 rideo
613 1357 736 1420 meliora
757 1357 930 1440 proboque,

136 1449 293 1510 Deteriora
316 1452 448 1528 sequor.
475 1447 547 1528 quid
569 1450 602 1509 in
624 1446 766 1530 hospite,
787 1450 870 1527 regia
891 1449 992 1527 virgo,

137 1537 243 1598 Ureris
255 1585 265 1618 ,
288 1545 320 1598 et
341 1535 483 1597 thalamos
506 1536 595 1597 alieni
618 1537 751 1616 concipis
774 1532 882 1597 orbis?

138 1625 222 1686 Haec
246 1642 366 1705 quoque
388 1633 469 1686 terra
481 1633 582 1705 potest
594 1671 604 1705 ,
627 1622 706 1704 quod
729 1641 832 1706 ames,
855 1624 946 1686 dare.
970 1626 1064 1705 vivat,

796 1730 833 1773 an
856 1712 905 1774 ille

138 1802 286 1884 Occidet,
308 1804 340 1864 in
363 1802 408 1863 dis
431 1811 499 1864 est.
527 1803 604 1862 virm
629 1809 746 1862 tamen:
768 1801 859 1880 idque
881 1804 998 1882 precari

87 1904 122 1952 25
137 1890 193 1951 Vel
216 1892 279 1951 siue
303 1908 404 1951 amore
426 1890 517 1952 ilcet.
545 1889 616 1969 quid
641 1891 720 1950 euim
743 1890 890 1950 commisit
912 1886 1024 1952 lason?
1091 1938 1092 1941 η

139 1978 265 2058 [Quem,
288 1979 348 2038 nisi
370 1976 534 2056 crudelem,
549 1995 610 2039 uon
634 1986 733 2057 tangat
754 1976 867 2039 lasonis
890 1986 970 2040 aetas

139 2065 180 2127 iit
201 2083 296 2146 genus
319 2074 351 2127 et
372 2063 497 2128 entus?
520 2083 609 2147 quem
632 2081 715 2148 non,
738 2073 772 2127 ut
795 2074 894 2128 cetera
917 2065 1032 2148 desint,

139 2153 200 2215 Ore
224 2171 343 2216 movere
364 2150 494 2234 potest?
517 2162 598 2232 certe
621 2171 687 2216 mea
709 2163 830 2234 pectora
853 2152 975 2232 morit]

139 2244 178 2303 At
200 2244 259 2304 nisi
281 2260 368 2322 opem
389 2242 488 2304 tulero
501 2290 511 2324 ‚
523 2251 689 2304 ‘taurorum
711 2241 867 2305 adflabitur
889 2245 975 2324 igne,

89 2344 125 2394 80
141 2331 367 2410 Concurretque
390 2348 461 2392 suae
485 2332 595 2410 segetis
618 2330 724 2393 tellure
748 2333 856 2392 creatis

140 2418 284 2480 llostibus
296 2467 306 2500 ,
329 2427 380 2481 aut
401 2418 485 2481 arido
509 2418 628 2480 dabitur
650 2420 713 2481 iera
734 2419 843 2500 praeda
866 2418 1004 2481 draconi.

139 2507 204 2568 lloc
227 2525 281 2586 ego
305 2509 331 2568 si
353 2509 470 2589 patiar,
492 2518 557 2569 tum
579 2524 627 2569 me
650 2506 687 2569 de
710 2507 818 2587 tigride
840 2515 956 2589 natam,

139 2595 219 2657 'lum
240 2597 355 2657 serrum
377 2604 409 2656 et
430 2595 569 2676 scopulos
592 2604 708 2674 gestare
731 2597 763 2658 in
786 2594 876 2658 eorde
899 2594 1030 2659 lutobor.

140 2683 203 2746 Cur
225 2701 285 2745 noo
308 2693 339 2745 et
360 2692 463 2764 specto
485 2693 663 2765 percuntem
675 2732 685 2766 ‚
708 2683 869 2766 oculosque
892 2684 1017 2746 ridendo

90 2785 125 2835 aa
141 2768 351 2834 Conscelero?
374 2790 429 2834 cur
450 2790 512 2835 nou
533 2781 637 2835 tauros
660 2772 802 2834 exhortor
824 2776 855 2835 in
878 2773 962 2835 illum

139 2860 377 2940 Terrigenasque
400 2862 479 2922 ieros
502 2863 724 2942 insopitumque
746 2856 932 2924 draconem?

139 2948 175 3010 ut
199 2948 321 3010 meliora
343 2949 455 3011 velint.
482 2966 661 3030 quamquam
683 2967 744 3012 non
765 2951 823 3012 ista
844 2949 1009 3032 precanda,

140 3037 201 3099 Sed
223 3036 356 3099 iacienda
378 3037 472 3099 mini.
498 3037 660 3118 prodamne
684 3055 739 3119 ogo
761 3056 852 3118 regna
874 3039 1023 3120 parentis,

138 3128 238 3205 Atque
261 3144 316 3206 ope
339 3128 441 3188 nescio
464 3128 531 3205 quis
554 3126 720 3189 servabitur
743 3125 854 3188 advena
877 3135 997 3207 nostra,

90 3227 125 3276 ιο
140 3213 180 3275 Ut
201 3231 257 3293 per
279 3233 327 3276 me
346 3233 449 3294 sospes
473 3217 538 3276 sine
560 3232 608 3277 me
632 3214 682 3276 det
704 3215 795 3278 lintea
817 3218 931 3297 ventis,

139 3301 251 3383 Virque
274 3303 313 3364 sit
336 3302 482 3384 alterius,
504 3321 617 3383 poenae
641 3302 744 3367 Medea
766 3298 944 3384 relinquar?

138 3391 172 3452 Si
195 3390 293 3453 iacere
316 3390 397 3472 hoe,
419 3391 541 3454 diamve
563 3399 664 3472 potest
685 3409 869 3472 praeponere
892 3390 996 3471 nobis,

139 3479 264 3542 Occidat
286 3482 441 3560 ingratus.
469 3478 522 3542 sed
544 3498 606 3541 non
628 3482 654 3541 is
677 3479 776 3542 vultus
799 3481 831 3541 in
853 3479 921 3562 illo,

137 3566 205 3629 Non
228 3585 263 3629 ea
286 3567 423 3630 nobilitas
446 3570 543 3630 animo
567 3579 635 3650 est,
659 3585 692 3630 ea
715 3570 809 3649 gratia
831 3568 961 3650 formae,
