2467 4042
345 273 667 351 11‚4‚23-5‚49.

129 431 179 492 Cui
194 429 306 506 petitur
320 430 402 489 victa
418 427 520 503 palma
535 433 660 487 cruenta
673 442 736 487 rea.

92 511 155 595 lpse
167 516 259 574 miser
274 513 352 588 vidi,
374 528 444 573 cum
459 527 508 571 me
522 511 656 572 dormire
671 517 809 586 putares,

127 597 251 661 Sobrius
266 596 413 674 apposito
429 594 556 657 crimina
571 601 674 655 vestra
690 610 784 656 mero.

61 682 177 747 liilulta
190 681 357 758 supercilio
374 679 439 740 vidi
456 679 594 740 vibrante
608 680 786 754 loquentes:

127 767 250 828 Nutibus
266 766 297 825 in
314 764 427 825 vestris
442 780 515 840 pars
529 763 614 823 bona
632 762 719 823 vocis
735 770 808 822 erat

91 851 148 912 llon
162 851 241 912 oculi
255 856 382 911 tacuere
396 848 452 921 lui,
477 847 716 923 conscriptaque
732 846 803 908 vino

126 935 244 1010 Mensa,
267 949 327 994 uec
343 933 374 994 in
392 931 495 1008 digitis
510 931 609 992 littera
624 930 708 991 nulla
724 931 789 990 luit.

92 1018 258 1081 Sermonem
273 1016 387 1094 agnovi
403 1015 489 1092 quod
503 1032 564 1076 non
579 1015 736 1089 videatur,
758 1022 897 1090 agentem

60 1111 87 1164 to
127 1102 290 1179 Verbaque
304 1115 362 1178 pro
378 1099 469 1160 certis
485 1100 572 1161 iussa
584 1100 688 1158 valere
703 1098 795 1159 uotis.

91 1186 203 1262 laumue
216 1187 367 1262 frequens
384 1184 461 1245 ierat
475 1199 583 1244 mensa
597 1182 730 1244 conviva
744 1183 865 1245 relicta=

128 1270 292 1346 compositi
305 1270 435 1331 iuvenes
450 1284 531 1329 unus
546 1274 577 1328 et
591 1268 669 1327 alter
683 1272 778 1326 eraut.

91 1353 211 1429 Inproba
222 1360 290 1415 tum
305 1368 380 1413 vero
396 1352 558 1427 iungentes
573 1351 681 1412 oscula
695 1349 776 1410 vidi:

125 1438 175 1498 llla
187 1438 263 1498 mihi
278 1438 386 1512 lingua
397 1452 479 1496 nexa
493 1435 591 1497 luisse
611 1434 721 1510 liquet:

61 1519 188 1597 atomio
200 1538 267 1582 uon
283 1521 367 1581 iratri
381 1520 485 1580 tulerit
497 1534 644 1595 germana
658 1533 787 1590 severo,

21 1678 22 1681 Ἴ
128 1604 186 1666 Sed
198 1605 304 1667 tulerit
318 1604 432 1681 cupido
446 1604 547 1665 mollis
563 1603 663 1664 amica
677 1604 761 1662 viro:

92 1687 185 1762 Qualia
198 1688 349 1751 credibile
364 1695 489 1749 estnon
504 1687 661 1747 Phoebum
676 1688 756 1745 ferre
770 1685 901 1759 Dianae,

21 1850 22 1853 Ἴ
126 1771 183 1835 sm
195 1776 353 1835 Venerem
366 1771 455 1833 Marti
475 1787 570 1847 saepe
584 1771 694 1833 tulisse
709 1787 777 1831 suo.

93 1855 171 1931 ‘Quid
184 1858 296 1919 lacist’
312 1857 452 1917 exclamo
471 1859 546 1932 ‘quo
561 1871 644 1917 nunc
659 1870 728 1914 mea
741 1854 854 1930 gaudia
869 1852 996 1916 differat

20 1944 21 2011 1
62 1946 88 2003 lt
129 1941 248 2003 iniciam
263 1942 405 2003 dominas
420 1940 451 1999 in
466 1956 534 2000 mea
547 1940 612 2000 iura
627 1955 745 2000 manus.

93 2024 164 2086 llaec
179 2027 233 2087 tibi
250 2032 322 2087 sunt
335 2040 471 2097 mecum,
494 2024 566 2084 mihi
586 2031 657 2084 sunt
672 2023 845 2083 communia
860 2031 968 2084 tecum.

126 2110 156 2169 ln
168 2109 253 2172 bona
267 2126 324 2172 cur
339 2109 503 2185 quisquam
517 2109 626 2169 tertius
640 2109 700 2168 ista
717 2107 833 2167 vonitl’

20 2198 22 2279 l
93 2193 148 2255 lloc
161 2211 235 2271 ego,
259 2209 404 2270 quaeque
418 2193 509 2254 dolor
521 2192 644 2268 linguae
658 2192 794 2252 dictavit.
824 2199 854 2252 at
868 2191 910 2251 illi

20 2298 21 2325 t
127 2278 252 2340 conscia
267 2293 443 2354 purpureus
458 2278 543 2337 venit
556 2277 586 2336 iu
607 2292 662 2336 ora
678 2276 793 2351 pudor,

64 2359 177 2435 apuam
191 2365 363 2423 coloratum
377 2361 496 2421 Tithoni
512 2361 644 2436 coniuge
659 2361 778 2421 caelum

128 2445 290 2522 Subrubet,
313 2453 366 2506 aut
381 2461 500 2521 sponso
514 2445 584 2505 visa
599 2444 701 2520 puella
715 2459 816 2503 novor

93 2528 176 2602 Quale
189 2546 282 2592 rosae
297 2530 414 2605 lulgent
428 2529 505 2590 inter
518 2545 577 2590 sua
590 2529 653 2589 lilia
668 2527 795 2600 mixtae,

125 2614 183 2677 Aut
200 2615 250 2675 ubi
266 2614 396 2674 cantatis
410 2614 497 2674 Luna
511 2612 632 2674 laboral
646 2611 752 2686 equis,

92 2696 143 2758 Aut
158 2699 254 2774 quod,
275 2714 316 2758 ne
330 2696 432 2773 longis
448 2696 621 2759 flavescere
638 2696 738 2772 possit
753 2693 791 2755 ab
807 2695 910 2770 anuis,

67 2787 87 2838 'o
128 2780 263 2843 Maeonis
276 2782 444 2860 Assyrium
460 2781 572 2842 lemiua
586 2780 674 2842 tinxit
688 2780 773 2840 ebur.

92 2862 138 2924 His
151 2874 228 2940 erat,
252 2873 305 2927 aut
319 2866 411 2927 alicui
426 2867 512 2927 color
526 2866 576 2925 ille
591 2865 763 2926 simillimus
779 2864 902 2938 horum,

127 2948 162 3008 Et
176 2966 343 3026 numquam
357 2967 434 3012 casu
448 2950 606 3026 pulchrior
619 2948 672 3009 illa
687 2947 752 3008 luit.

93 3030 246 3106 Spectabat
260 3041 381 3095 terram.
406 3041 519 3095 terram
532 3039 675 3109 spectare
690 3031 830 3092 decebat.

127 3115 241 3179 Maesta
255 3125 321 3178 crat
335 3118 366 3177 in
381 3118 476 3179 vultu.
505 3125 623 3178 maesta
638 3116 784 3177 decenter
798 3124 871 3176 erat.

75 3198 172 3261 tSic‘ul
186 3211 317 3276 eraul‚...
333 3210 362 3263 et
377 3209 463 3262 eraut
477 3200 581 3262 culti...
598 3201 714 3261 laniare
729 3201 857 3276 capillos

127 3283 162 3344 Et
176 3286 229 3346 luit
247 3287 277 3347 in
293 3295 415 3348 teneras
430 3287 562 3366 impetus
577 3287 622 3345 ire
636 3299 743 3360 genas.

93 3366 127 3428 Ut
139 3369 245 3430 laciem
258 3371 337 3445 vidi,
360 3371 455 3431 lortes
470 3371 610 3430 cocidere
625 3367 747 3429 lacerti:

128 3451 259 3514 Defensa
272 3462 320 3515 est
337 3456 429 3514 armis
446 3461 552 3515 nostra
566 3454 668 3530 puella
680 3452 756 3512 suis.

94 3533 143 3609 Qut
158 3538 247 3599 modo
265 3555 379 3600 saevus
395 3554 493 3611 eram,
518 3541 652 3614 supplex
666 3538 808 3612 ultroque
822 3536 943 3610 rogavi,
