2467 4042
178 214 244 282 352
584 211 778 264 rhenonum

309 378 440 456 Potaque
463 394 496 438 se
518 375 613 436 Tibur
636 373 724 436 turba
746 373 845 436 redire
868 381 979 453 putat.

265 465 385 546 lamque
408 482 463 545 per
484 462 632 543 Esquilias
650 462 811 523 Romanam
832 463 1006 525 intraverat
1030 464 1158 547 urbem,

310 552 349 615 Et
371 570 456 613 mane
479 554 511 613 ln
533 551 631 612 medio
653 550 786 629 plaustra
808 550 891 611 luere
916 552 1008 614 foro.

201 655 252 707 685
266 642 419 722 Plautius,
443 647 478 701 ut
500 647 602 719 posset
625 640 724 717 specie
748 655 934 717 numeroque
958 651 1110 703 senatum

310 729 446 808 Fallere,
469 729 605 807 personis
629 728 755 805 imperat
777 742 829 786 ora
851 726 931 807 tegi,

267 818 475 896 Admiscetquo
498 815 592 896 alios,
616 821 667 894 et,
690 821 725 875 ut
746 814 826 875 hunc
848 812 975 874 tibicina
1001 825 1130 879 coetum

310 905 445 984 Augeat,
468 906 499 964 in
521 903 617 982 longis
641 902 772 964 vestibus
796 919 862 963 esse
884 901 991 982 iubet3

269 995 318 1056 Sic
340 990 468 1054 reduces
490 990 566 1052 bene
589 1007 677 1070 posse
699 992 783 1070 tegi,
805 1007 844 1051 ne
867 989 945 1051 lorte
969 999 1125 1055 notentur

202 1096 253 1146 eoo
312 1080 421 1142 Contra
443 1078 571 1158 collegae
593 1080 675 1139 iussa
697 1078 811 1139 redisse
834 1079 897 1139 sui.
977 1097 980 1101 ·

267 1170 328 1231 lles
348 1168 481 1248 placuit,
504 1166 647 1245 cultuque
670 1184 746 1227 novo
769 1164 842 1226 libet
863 1163 965 1226 Idibus
991 1169 1039 1227 uti

310 1256 349 1318 Et
372 1273 478 1317 canere
501 1254 538 1315 ad
560 1262 677 1316 ueteres
700 1253 790 1314 verba
811 1256 911 1314 iocosa
934 1252 1084 1316 modos.’

267 1345 347 1406 llaec
369 1343 422 1405 ubi
444 1343 622 1424 perdocuit,
644 1336 799 1422 ‘superest
821 1340 894 1401 mihi
917 1338 1058 1404 discere'
1086 1345 1145 1406 dixi

313 1429 389 1493 ‘Cur
412 1433 452 1492 sit
474 1431 678 1509 Quinquatrus
700 1428 749 1490 illa
771 1437 873 1490 vocata
896 1425 997 1490 dies.’

203 1535 255 1586 ooo
269 1515 424 1582 ‘Martius'
447 1522 546 1598 inquit
568 1514 645 1597 ‘agit
667 1517 718 1579 tali
740 1535 806 1578 mea
828 1518 948 1577 nomine
972 1519 1074 1599 festa,

312 1608 425 1688 Estque
449 1606 505 1668 sub
528 1608 656 1668 inventis
677 1606 751 1667 haee
775 1623 894 1685 quoquc
916 1604 1008 1666 turba
1031 1610 1129 1670 meis.

268 1698 368 1760 Prima
390 1693 540 1757 terebrato
563 1712 618 1774 per
640 1711 707 1754 rara
730 1693 874 1754 foramina
896 1692 996 1774 buxo,
1208 1682 1209 1693 ’

313 1784 353 1847 Ut
374 1784 479 1864 daret,
503 1784 588 1843 elleci
600 1830 610 1864 ,
632 1780 703 1843 tibia
726 1781 813 1860 longa
836 1798 942 1842 sonos.
1208 1846 1209 1873 ,

269 1872 330 1934 Vox
353 1871 485 1952 placuit:
518 1871 623 1932 faciem
645 1869 765 1950 liquidis
787 1867 990 1930 referentibus
1014 1870 1112 1933 undis
1208 1924 1209 1951 ,

205 1974 256 2027 'too
314 1959 381 2022 Vidi
403 1960 550 2039 virgineas
573 1960 750 2020 intumuisse
773 1974 881 2036 genas.

270 2045 349 2110 “Ars
372 2047 444 2109 mihi
467 2065 527 2108 non
549 2049 625 2107 tanti
648 2053 715 2126 est3
737 2044 856 2127 valeas,
878 2062 944 2105 mea
966 2043 1097 2107 tibial”
1120 2047 1184 2108 dlxi:

314 2135 432 2215 Excipit
454 2135 598 2197 abiectam
620 2135 749 2213 caespite
772 2135 837 2214 ripa
859 2150 932 2195 suo.

271 2224 422 2287 Inventam
446 2223 569 2303 Satyrus
591 2224 722 2302 primum
743 2224 892 2303 miratur,
915 2228 946 2281 et
966 2238 1064 2282 usum

314 2313 439 2393 Nescit,
461 2319 493 2372 et
513 2310 644 2372 inflatam
667 2311 760 2372 sensit
782 2307 891 2370 habere
914 2326 1042 2390 sonum3

206 2413 257 2466 too
271 2400 309 2464 Et
331 2400 420 2461 modo
443 2399 565 2460 dimittit
587 2398 709 2478 digitis,
732 2396 819 2458 modo
843 2398 973 2476 concipit
997 2416 1111 2462 auras.

314 2486 434 2567 lamque
457 2489 537 2548 iuter
558 2486 701 2566 nymphas
724 2492 788 2546 arte
811 2483 959 2564 superbus
982 2494 1073 2549 erat:

271 2577 416 2639 Provocat
437 2584 469 2636 et
489 2574 665 2636 Phoebum.
704 2571 825 2634 Phoebo
848 2581 1011 2652 superante
1033 2575 1186 2657 pependit,

316 2665 407 2726 Caesa
429 2669 621 2725 recesserunt
643 2680 660 2722 a
681 2669 751 2723 cute
772 2660 906 2722 membra
929 2678 1003 2723 sua.

273 2753 345 2815 Sum
368 2761 467 2813 tamen
489 2753 638 2812 inventrix
661 2757 823 2829 auctorque
847 2766 901 2828 ego
924 2752 1072 2812 carminis
1097 2753 1188 2814 huim.

207 2854 258 2905 tto
316 2839 378 2901 Hoc
402 2847 469 2920 est,
493 2857 548 2901 eur
570 2846 690 2900 nostros
712 2856 761 2898 ars
784 2837 862 2916 colat
882 2838 940 2899 ista
963 2837 1049 2900 dies.

396 2974 610 3059 nuum]
660 2971 987 3053 toro-sunu

273 3104 373 3167 Tertla
395 3104 447 3166 lux
469 3106 568 3166 ueniet
580 3150 590 3185 ,
613 3121 671 3182 qua
694 3110 749 3181 tu,
773 3100 888 3162 llodoni
909 3098 1055 3183 Thyone,

318 3191 417 3254 Stabis
439 3192 585 3273 Agenorei
608 3192 706 3252 lronte
728 3189 853 3251 videnda
875 3187 975 3251 bovis.

275 3279 354 3342 llaec
377 3289 424 3341 est
445 3280 494 3341 illa
517 3281 603 3361 dies,
627 3296 685 3359 qua
707 3287 741 3339 tu
762 3278 936 3358 purgamina
959 3275 1090 3360 Vestae,

318 3367 451 3449 Thybri,
476 3387 530 3449 per
552 3366 694 3429 Etruscas
716 3369 748 3427 iu
770 3383 851 3427 mare
875 3366 969 3426 mittis
991 3383 1110 3445 aquas.

209 3468 260 3518 ‘115
275 3457 366 3536 Siqua
389 3456 462 3518 lldes
484 3459 580 3517 ventis
592 3503 602 3537 ,
624 3455 752 3534 zephyro
775 3454 842 3515 date
865 3452 1010 3535 carbasa,
1034 3454 1163 3518 nautae!

320 3543 391 3603 Cras
414 3546 513 3604 veniet
536 3546 642 3604 vestris
665 3542 714 3610 ille
737 3541 888 3604 secundus
910 3542 1014 3621 aquis.
