2467 4042
185 237 228 300 92
599 234 772 286 aurarum

272 401 369 478 Atque
392 400 505 459 utinam
528 400 606 459 vivat
628 405 659 459 et
682 414 742 459 non
764 400 909 459 moriatur
930 400 962 458 in
984 398 1062 480 illis,

272 488 357 548 absit
380 486 416 547 ab
438 488 541 547 invisis
564 493 716 547 ettamen
739 485 843 546 umbra
866 484 953 547 locisf

225 587 259 637 15
274 575 409 636 Carmina
433 574 512 653 quod
534 572 623 653 pleno
647 574 747 635 saltari
769 581 871 635 nostra
894 573 1009 635 theatro

275 663 418 725 Versibus
441 669 471 722 et
494 661 595 740 plaudi
618 660 747 743 scribis,
771 664 883 742 amice,
905 664 999 724 meis:

195 807 198 813 .
272 751 320 813 Nil
343 749 482 830 equidem
505 751 563 811 feci
583 782 623 793 -
643 758 677 812 tu
700 752 759 810 scis
782 749 838 811 hoc
862 753 926 829 ipse
947 782 988 794 —
1007 749 1154 833 theatris,

273 839 356 900 Musa
379 856 435 900 nec
457 840 489 899 111
511 838 634 917 plausus
658 837 811 899 ambitiosa
835 856 900 899 mea
923 846 985 899 est.

274 927 341 988 Non
364 936 463 988 tamen
485 929 635 1006 ingratum
658 933 722 1009 est,
745 926 955 1006 quodcumque
974 925 1083 988 oblivia
1102 931 1194 990 nostri

226 1028 261 1076 ao
275 1015 402 1095 Impedit
424 1022 455 1076 et
477 1014 596 1093 profugi
619 1031 728 1075 nomen
751 1017 782 1075 15
805 1032 857 1076 511
880 1015 990 1075 refert.

275 1103 415 1174 Quamvis
437 1101 610 1182 interdum,
634 1120 710 1181 quae
733 1119 780 1163 me
803 1101 925 1164 laesisse
948 1103 1093 1164 recordor

274 1191 410 1252 Carmina
433 1189 561 1251 devoveo
584 1190 777 1269 Pieridasque
801 1208 899 1272 meas,

275 1279 349 1340 Cum
372 1278 449 1339 bene
472 1279 592 1359 devovi,
615 1296 733 1357 nequeo
756 1288 855 1340 tamen
878 1297 944 1339 esse
968 1281 1032 1340 sine
1054 1278 1135 1362 illis,

273 1365 512 1446 vulneribusque
536 1370 610 1427 meis
634 1367 693 1427 tela
716 1375 839 1429 cruenta
863 1385 990 1447 sequor3

225 1467 259 1517 15
275 1455 417 1534 Quaeque
440 1455 527 1515 modo
550 1453 692 1515 Euboicis
710 1454 837 1516 lacerata
855 1462 902 1515 est
919 1454 1079 1536 fluctibus,
1106 1455 1196 1517 audet

275 1543 362 1604 Graia
385 1543 565 1622 Capheream
589 1560 712 1603 currere
735 1544 844 1623 puppis
867 1561 990 1622 aquam.

274 1631 335 1692 Nec
357 1639 480 1711 1111155,
503 1640 537 1691 ut
558 1630 662 1691 lauder
674 1677 683 1711 ,
707 1631 794 1710 vigilo
819 1647 979 1709 curamque
1002 1631 1098 1692 futuri

274 1719 433 1801 Nominis,
454 1718 557 1779 utilius
581 1719 660 1797 quod
683 1719 840 1799 latuisset,
864 1737 938 1798 ago.

274 1807 397 1868 Detineo
422 1806 528 1869 studiis
551 1808 682 1867 animum
706 1806 833 1886 falloque
857 1806 993 1889 dolores,

226 1907 261 1958 40
275 1896 421 1976 Experior
445 1896 525 1956 curis
549 1903 579 1956 et
601 1894 672 1955 dare
695 1894 784 1956 verba
807 1897 898 1955 meis.

275 1984 352 2055 Quid
375 1985 475 2061 potius
498 1984 602 2044 faciam
626 1982 753 2044 desertis
776 1981 856 2044 solus
879 1985 910 2044 in
934 1985 1012 2063 oris,

275 2072 405 2143 Quamne
428 2070 512 2132 malis
536 2070 620 2133 aliam
641 2088 784 2149 quaerere
808 2088 900 2132 coner
922 2065 1035 2150 opem?

275 2160 342 2221 Sive
365 2159 464 2221 locum
487 2166 611 2238 specto,
634 2158 717 2219 locus
741 2167 786 2220 cst
808 2158 995 2239 inamabilis,
1018 2165 1048 2218 et
1071 2176 1133 2238 quo

274 2248 347 2309 Esse
371 2246 445 2308 nihil
468 2255 530 2308 toto
554 2248 670 2308 tristius
695 2247 766 2307 orbe
789 2255 907 2329 potest,

225 2336 342 2398 458115
366 2335 524 2417 homines,
549 2337 598 2396 vix
622 2343 692 2396 sunt
714 2334 849 2396 homiues
872 2335 929 2397 hoc
952 2336 1069 2396 nomine
1092 2333 1197 2415 digni,

275 2425 429 2504 Quamque
452 2422 515 2504 lupi
538 2441 642 2484 saevae
665 2423 731 2502 plus
755 2423 880 2484 feritatis
902 2423 1028 2484 habent.

274 2512 340 2573 Non
363 2519 501 2573 metuunt
523 2511 626 2591 leges,
650 2510 702 2572 sed
726 2511 806 2594 cedit
829 2510 940 2573 viribus
964 2528 1109 2592 aequum,

275 2599 416 2679 Victaque
440 2602 568 2681 pugnaci
589 2602 656 2660 iura
679 2598 735 2660 sub
760 2617 832 2660 ense
853 2601 969 2660 iacent.

273 2688 405 2750 Pellibus
428 2695 459 2749 et
481 2688 555 2748 laxis
578 2695 680 2748 arcent
703 2687 778 2748 mala
801 2688 912 2766 frigora
934 2687 1050 2767 bracis,

227 2790 260 2840 55
275 2776 393 2856 Oraque
416 2784 486 2838 sunt
508 2776 603 2857 longis
626 2775 747 2836 horrida
770 2784 847 2837 tecta
871 2779 978 2838 comis.

275 2865 309 2925 ln
331 2868 434 2944 paucis
457 2872 559 2925 extant
581 2863 709 2925 Graecae
733 2866 855 2942 vestigia
877 2864 1013 2944 linguae,

274 2953 353 3013 11155
377 2970 496 3032 quoquc
518 2954 576 3013 iam
599 2951 703 3012 Getico
725 2950 850 3012 barbara
873 2953 949 3013 facta
972 2969 1064 3012 sono.

275 3041 357 3103 Unus
380 3043 410 3101 15
434 3041 491 3101 hoe
514 3058 601 3101 nemo
626 3047 672 3100 est
693 3040 825 3121 populo,
848 3044 900 3118 qui
922 3040 1000 3100 forte
1019 3039 1129 3101 Latino

276 3128 432 3200 Quaelibet
455 3148 471 3190 e
494 3129 592 3189 medio
615 3127 741 3189 reddere
764 3128 854 3189 verba
877 3136 982 3207 queat.

228 3218 328 3281 551115
351 3236 406 3296 ego
430 3217 579 3278 Romanus
603 3225 684 3277 vates
703 3248 745 3259 —-
765 3218 933 3297 ignoscite,
956 3212 1073 3276 llusaef
1093 3248 1146 3261 —

276 3306 438 3367 Sarmatico
463 3323 553 3385 cogor
575 3304 703 3384 plurima
726 3322 809 3365 more
831 3305 932 3383 loqui.

275 3393 321 3455 En
344 3394 437 3473 pudet
460 3402 490 3455 et
513 3395 608 3454 fateor
621 3440 630 3472 ,
653 3395 712 3452 iam
735 3392 931 3454 desuetudine
954 3391 1039 3469 longa

249 3493 254 3498 ’
276 3481 329 3541 Vix
354 3480 484 3543 subeunt
505 3482 563 3561 ipsi
586 3480 676 3541 verba
693 3480 795 3543 Latina
813 3480 903 3543 milri.

275 3567 336 3628 Nec
360 3567 485 3649 dubito,
508 3570 580 3647 quin
604 3570 665 3629 sint
688 3578 718 3629 et
741 3568 852 3629 1111155
875 3587 935 3630 11511
957 3583 1052 3649 pauca
1074 3564 1191 3632 libello
