2467 4042
171 202 238 261 VIII

172 369 332 432 venientis.
445 363 510 430 664
537 368 649 429 [lenm
670 380 891 431 mundusne.
926 372 1069 433 moereret
1094 371 1194 432 mulli

172 458 256 536 libri,
283 458 363 518 inter
386 476 460 535 quos
483 456 522 534 Ιι,
550 458 602 534 qui
624 475 691 518 cum
713 457 797 517 ΜΒΕ
821 460 1060 520 accusativorum
1082 459 1192 536 plura-

171 564 277 624 lium'
268 582 300 624 m
322 567 348 625 is
374 567 422 624 tot
445 565 580 640 exempla
602 563 653 625 vel
673 565 806 642 vestigia
829 566 975 645 servarit,
1003 570 1039 627 ut
1059 567 1190 627 restitui

173 670 312 747 deinceps
334 669 453 747 pridem
474 669 637 746 potuerint.
670 670 757 731 ehie
779 672 907 733 abstulit
928 673 1101 750 proximum
1124 651 1190 734 So.

171 760 333 821 merovei
356 758 541 819 sollemniter
563 758 673 818 dicitur
696 777 763 819 cum
785 759 906 820 lictor
896 779 982 821 1ussu
1004 764 1035 821 et
1053 762 1189 822 auctori·

171 850 204 907 t
204 850 235 908 t
219 848 456 924 emngistretus
479 847 704 907 multitudinem
725 848 828 908 itineri
851 849 1023 910 obstantem
1044 849 1188 927 dissipet

171 954 247 1013 quae
276 936 346 1013 quie
372 936 404 995 in
431 938 533 1011 partes
561 935 696 996 diverses
724 935 866 998 decedere
897 940 988 1016 solet,
1016 940 1189 1000 submonere

171 1028 219 1086 est
249 1024 401 1084 interdum
427 1025 562 1085 dividere.
604 1022 795 1086 Germaniam
826 1027 864 1086 ab
891 1027 985 1087 Italic
1015 1029 1189 1089 sudmmeret

170 1112 262 1188 Alces
282 1112 363 1188 epud
380 1111 520 1171 Plinium.
558 1112 610 1172 sed
634 1112 720 1173 adest
742 1113 791 1173 hic
812 1114 913 1192 turbs,
935 1118 1023 1191 peter
1045 1119 1080 1176 et
1105 1135 1188 1177 soro

170 1221 229 1280 res,
251 1223 280 1263 v.
300 1202 374 1278 643,
397 1219 471 1277 ques
494 1201 655 1262 recessisse
678 1201 745 1278 quis
767 1202 941 1278 putaverit?
976 1204 1035 1264 iter
1056 1204 1188 1281 impedi-

169 1293 221 1350 tur
244 1309 262 1350 e
285 1290 583 1350 circumsistentibus.
620 1290 672 1366 qui
694 1290 873 1352 auctoritate
897 1292 975 1369 egit,
999 1294 1188 1354 onimudoer·

170 1382 216 1445 tit,
243 1379 303 1439 iter
330 1378 441 1455 aperit,
472 1379 519 1438 est
539 1376 652 1455 Argus.
763 1378 828 1439 Hee
856 1382 927 1439 sunt
953 1398 1038 1440 mene
1064 1380 1100 1440 in
1128 1383 1188 1442 hoc

169 1467 246 1527 libro
270 1466 502 1528 emendationes.
539 1467 668 1526 eliorum
694 1485 788 1544 ecque
814 1466 919 1528 faciles
941 1469 1041 1544 recepi
1062 1469 1189 1530 Heinsii

170 1556 236 1617 560
261 1557 334 1633 677,
355 1555 522 1615 Burmanni
544 1555 618 1629 435,
642 1555 712 1615 Luc.
734 1555 874 1631 Muelleri
897 1558 975 1634 601,
997 1558 1185 1619 incertorum

170 1646 326 1705 auctorum
350 1645 413 1704 313
439 1644 517 1722 5803
544 1644 591 1703 uti
612 1662 679 1721 nec,
708 1643 774 1720 quis
801 1644 916 1720 primus
941 1647 1004 1705 343
1030 1647 1097 1705 344
1127 1647 1187 1707 hoc

169 1733 273 1794 ordine
300 1731 430 1810 dederit,
455 1732 548 1802 noui:¹
568 1732 669 1807 ipsum
691 1750 739 1792 me
760 1731 868 1793 fecisse
890 1733 963 1793 olim
984 1752 1046 1793 non
1066 1737 1186 1798 notavi.

169 1822 334 1898 scripturos
357 1821 488 1898 reliques
510 1821 647 1880 tenacius
674 1822 820 1896 pauloet
845 1821 963 1898 plenius
991 1840 1082 1899 quem
1110 1824 1186 1884 olim

169 1910 279 1971 codicis
300 1910 333 1969 M
355 1909 482 1986 reddidi,
505 1909 553 1969 cui
576 1909 738 1968 accedebat
758 1909 791 1968 in
812 1910 870 1970 hoc
892 1913 924 1970 et
945 1911 1082 1986 proximo
1101 1912 1184 1973 libro

167 1999 322 2058 interdum
343 1998 436 2059 codex
456 1997 618 2059 Bernensis
643 1999 706 2058 363
732 2015 808 2057 seeo.
831 2010 883 2075 ix,
911 1998 983 2058 olim
1004 2002 1185 2062 monasterii

138 2101 144 2116 ·
167 2087 367 2147 Eloriecensis
390 2086 430 2146 ed
452 2086 601 2164 Ligerim,
629 2086 681 2163 qui
703 2085 841 2146 Servium
862 2086 896 2147 P.
919 2086 1068 2165 Danielis,
1095 2091 1183 2169 puto,

169 2177 311 2252 servavit,
334 2175 419 2235 cuius
438 2175 558 2236 collatio
581 2173 767 2251 perdiligens
791 2174 830 2233 H.
848 2173 939 2235 Keilii
961 2175 1043 2251 epnd
1064 2194 1113 2237 me
1135 2178 1182 2236 in·

168 2266 260 2326 vente
278 2266 334 2324 est.
370 2263 422 2340 qui
443 2263 497 2323 ubi
520 2266 625 2339 operte
637 2262 729 2322 fidem
746 2262 902 2342 fallebant,
925 2262 1064 2323 descendi
1080 2267 1182 2341 proxi·

168 2372 216 2412 me
239 2351 279 2412 ad
300 2351 340 2430 L,
367 2350 609 2429 antiquissimum
633 2371 668 2412 ex
690 2351 890 2428 interpolatis.
925 2351 952 2411 is
976 2353 1040 2412 sine
1061 2352 1180 2416 frondis

169 2440 338 2518 suspicione
360 2458 465 2501 versus
489 2440 605 2517 eliquot
631 2441 664 2500 in
684 2440 717 2499 Μ
739 2439 866 2500 omissos
894 2442 926 2499 et
948 2441 1112 2517 scripturus
1134 2444 1179 2504 vi-

167 2530 247 2607 ginti
270 2528 487 2607 suppeditavit,
516 2547 644 2606 querum
670 2528 735 2589 loco
763 2528 948 2605 glossemate
969 2528 1001 2588 Μ
1025 2531 1087 2590 307
1112 2532 1176 2591 622

169 2620 243 2696 710,
265 2635 389 2678 resurae
410 2618 472 2678 162
499 2619 563 2677 720
585 2617 727 2677 habebat.
769 2615 951 2678 Erfurtenus
975 2618 1108 2678 eiusdem
1124 2637 1178 2680 no·

167 2710 227 2784 tee,
251 2706 369 2768 seeculo
388 2724 448 2766 uno
467 2706 624 2784 recentior,
647 2704 800 2766 adhibitus
819 2708 868 2766 est
885 2707 959 2766 484.
995 2707 1176 2784 reliquorum

86 2804 88 2808 ’
166 2796 315 2856 librorum
340 2795 465 2872 prorsus
494 2795 717 2872 incognitorum
748 2812 836 2870 opem
864 2795 1033 2871 precariam
1059 2794 1173 2873 defugi:

168 2902 245 2961 quae
264 2885 304 2944 72
322 2885 387 2944 340
402 2886 465 2944 637
485 2884 593 2961 recepi,
606 2884 639 2943 in
655 2883 722 2960 ipso
739 2882 845 2961 limite,
864 2901 952 2961 quem
969 2883 1045 2942 mihi
1062 2885 1174 2964 scripsi,

167 2972 269 3049 posite
287 2974 366 3033 sunt
404 2972 457 3032 sed
474 2975 577 3035 temen
595 2971 634 3031 ed
651 2973 755 3048 portes
769 2971 874 3036 vocavi
893 2971 967 3031 locis
981 2971 1172 3052 undeviginti,

168 3061 290 3139 quibus,
322 3063 443 3138 praeter
467 3061 545 3138 552,
576 3061 666 3120 unius
692 3059 846 3119 litterulae
874 3059 1045 3120 discrimine
1070 3062 1171 3137 probe·

166 3148 241 3209 bilis
263 3149 430 3228 hebebant3
456 3151 615 3227 praeterea
638 3147 785 3208 dederunt
809 3149 874 3208 660
904 3148 983 3225 quod
1005 3167 1120 3209 cresum
1139 3151 1171 3209 in

167 3237 207 3314 Μ,
232 3239 295 3297 678
320 3237 404 3299 cuius
423 3238 587 3316 vestigium
610 3237 744 3299 servavit
766 3237 798 3296 in
815 3254 901 3305 neoc,
926 3238 988 3296 747
1005 3237 1041 3296 de
1056 3256 1109 3315 quo
1123 3238 1169 3297 ed-

167 3327 271 3387 nctevi
294 3325 333 3385 ed
355 3339 407 3387 vn
424 3328 496 3387 162.

256 3461 338 3527 LIB.
359 3462 394 3527 Π
425 3488 454 3530 v.
477 3464 544 3529 244
572 3479 646 3530 esu
668 3468 848 3530 rnromoo
871 3477 1096 3529 nrmrrno.
1128 3469 1169 3530 ils

167 3554 237 3614 dedi
260 3556 292 3615 in
313 3555 472 3633 proecdosi
498 3558 569 3618 enni
591 3568 745 3619 mecon.
785 3557 914 3636 Psophis
936 3559 1040 3619 vetere
1060 3558 1169 3619 nomine
