2467 4042
469 235 531 297 221
545 270 582 280 -
595 236 669 298 296.

133 389 228 449 Nulla
240 395 413 448 recantatas
428 387 586 465 deponent
598 397 726 465 pectora
741 405 840 463 curas,

55 482 121 537 260
178 473 245 532 Nec
258 471 356 547 lugiet
368 471 441 531 vivo
456 473 583 548 sulpure
596 473 698 534 victus
714 488 808 533 amor.

136 556 221 631 Quid
234 562 264 616 te
277 554 440 616 Phasidiae
455 556 596 617 iuverunt
609 556 748 632 gramina
762 566 869 628 terrae,

182 638 260 699 Gurn
276 655 407 716 cuperes
422 640 535 715 patria,
559 641 678 715 colchi,
701 657 825 701 manere
839 641 954 701 domet

136 723 220 798 Quid
233 722 287 783 tibi
301 724 496 799 profuerunt,
517 724 616 800 Circe,
636 724 799 785 Perseides
814 723 937 801 herbae,

180 807 257 868 Cum
273 824 330 867 sua
343 807 473 868 Neritias
488 807 611 868 abstulit
626 824 700 869 aura
715 815 818 869 rates?

62 902 124 956 265
137 891 250 951 Omnia
265 891 379 966 iecisti,
402 907 442 950 ne
456 892 585 952 callidus
599 892 718 967 hospes
732 892 838 952 abiret.

180 975 237 1035 llle
252 975 338 1035 dedit
350 982 453 1035 cenae
467 976 559 1035 lintea
574 977 666 1050 plena
680 979 782 1050 logne.

137 1057 249 1119 Omnia
262 1057 378 1133 iecisti,
400 1075 440 1119 ne
453 1065 484 1118 te
498 1061 581 1119 lems
594 1067 698 1119 ureret
712 1060 807 1135 ignis:

179 1143 306 1217 Longus
322 1149 352 1203 et
365 1142 460 1203 invito
477 1151 601 1219 pectore
620 1145 700 1204 sedit
712 1159 808 1203 amor.

134 1228 269 1287 Vertere
283 1233 315 1286 tu
334 1233 458 1302 poteras
472 1227 613 1288 homines
631 1228 661 1286 in
676 1228 758 1287 mille
772 1227 896 1302 figuras,

62 1319 127 1375 27⁰
181 1310 248 1370 Non
265 1317 390 1386 poteras
405 1312 497 1370 animi
513 1318 632 1372 vertere
647 1313 715 1371 iura
728 1312 780 1372 tui.
905 1365 910 1375 .

135 1394 256 1454 Diceris
269 1393 319 1454 his
334 1394 439 1469 etiam,
462 1410 532 1453 cum
547 1396 606 1454 iam
624 1395 786 1455 discedere
801 1395 899 1468 vellet,

180 1477 351 1537 Dulichium
366 1478 470 1538 verbis
486 1478 655 1539 detinuisse
670 1479 780 1539 ducem

137 1561 219 1622 ‘Nou
236 1577 312 1636 ego,
335 1562 420 1637 quod
435 1562 555 1637 primo..
569 1563 712 1623 memini..
727 1578 855 1638 sperare
869 1563 1015 1636 solebam,

180 1645 244 1705 lam
260 1661 384 1721 precor,
408 1654 442 1705 ut
457 1645 592 1706 coniunx
604 1655 639 1705 tu
652 1662 739 1706 meus
754 1662 827 1707 esse
843 1647 930 1706 velis.

62 1729 171 1793 215111
189 1736 305 1804 tameo,
327 1737 359 1787 ut
376 1729 510 1790 coniunx
525 1744 628 1790 essem
644 1738 710 1801 tua,
732 1731 825 1805 digna
840 1730 975 1804 videbar,

181 1812 270 1886 Quod
286 1812 360 1886 dea,
385 1813 469 1887 quod
487 1813 588 1888 magni
605 1813 668 1873 filia
683 1813 765 1873 Solis
781 1830 875 1874 eram.

135 1899 181 1959 Ne
198 1911 364 1972 properes,
389 1911 454 1955 oro.
478 1898 609 1971 spatium
625 1914 681 1972 pro
697 1914 822 1958 munere
837 1914 946 1974 posco.

180 1979 258 2053 Quid
273 1979 374 2039 minus
391 1981 489 2054 optari
504 1997 559 2055 per
577 1997 647 2041 mea
660 1988 733 2040 vota
748 1989 872 2056 potesta

135 2065 175 2125 Et
189 2065 266 2123 freta
277 2070 363 2123 mota
377 2063 481 2139 vides,
504 2072 534 2124 et
550 2064 646 2126 debes
663 2066 715 2125 illa
729 2066 844 2126 timere.

67 2158 124 2210 280
165 2147 288 2209 'Utilior
302 2147 381 2207 velis
399 2149 563 2223 postmodo
577 2156 689 2209 ventus
704 2150 769 2209 erit.

135 2231 221 2305 Quae
235 2231 290 2292 tibi
307 2246 402 2291 eausa
417 2231 529 2306 lugiet
549 2249 612 2293 non
627 2233 677 2292 hic
691 2250 774 2293 nova
787 2234 878 2295 'lioia
891 2231 1030 2309 resurgit

178 2315 245 2375 Non
261 2314 373 2391 aliquis
391 2316 495 2377 socios
509 2316 633 2377 Rhesus
648 2318 688 2377 ad
702 2333 788 2378 arma
802 2326 902 2378 vocat

133 2398 192 2457 Hic
209 2416 298 2459 amor
311 2407 342 2459 et
357 2416 418 2474 pax
434 2406 495 2475 est,
517 2400 549 2459 in
564 2407 627 2475 qua
641 2403 720 2462 male
734 2402 881 2463 vulneror
894 2417 965 2475 uua,

177 2484 318 2563 Totaque
331 2482 389 2543 sub
405 2499 499 2559 regno
514 2490 597 2544 terra
611 2484 713 2545 lutura
725 2491 778 2545 tuo
794 2489 864 2546 est’

67 2577 121 2632 285
132 2566 189 2627 llla
206 2566 406 2643 loquebatur,
429 2584 538 2628 navem
554 2568 695 2629 solvebat
709 2570 833 2631 Ulixes:

177 2650 269 2711 lurita
288 2667 356 2711 cum
371 2652 448 2711 velis
465 2652 558 2711 verba
572 2653 669 2713 tulere
684 2655 757 2714 noti.

132 2737 244 2811 Ardet,
267 2742 298 2795 et
312 2736 457 2795 adsuetas
473 2736 558 2796 circe
573 2737 707 2797 decurrit
721 2738 761 2797 ad
775 2745 865 2811 artes,

175 2820 240 2879 Nec
253 2826 354 2879 tamen
369 2827 417 2879 est
432 2820 492 2880 illis
507 2821 690 2881 adtenuatus
706 2838 800 2881 amor.

132 2904 215 2977 Ergo
231 2903 374 2978 quisquis
390 2918 480 2979 opem
494 2912 600 2964 nostra
615 2904 669 2964 tibi
684 2907 789 2981 poscis
805 2907 843 2966 ab
861 2913 934 2981 arte,

66 2997 121 3051 290
175 2987 272 3047 Deme
287 2988 447 3047 veneficiis
464 2988 712 3065 carminibusque
726 2990 828 3050 tidem.

134 3069 167 3131 Si
184 3080 215 3131 te
229 3087 325 3132 eausa
340 3078 451 3146 potens
468 3072 593 3132 domina
606 3072 748 3135 retinebit
761 3074 791 3133 in
806 3074 898 3150 Urbe,

176 3155 309 3230 Accipe,
330 3155 490 3216 consilinm
506 3157 590 3233 quod
605 3158 646 3217 sit
658 3156 689 3217 in
704 3157 787 3218 Urbe
801 3174 912 3219 meum.

134 3238 275 3313 Optimus
289 3239 340 3298 ille
356 3238 411 3299 luit
423 3239 553 3311 vindex,
576 3242 728 3301 laedentia
744 3250 852 3317 pectus

174 3322 308 3383 Vincula
324 3322 376 3397 qui
389 3323 484 3398 rupit,
508 3324 706 3400 dedoluitque
721 3328 826 3386 semel.

68 3405 348 3469 tussicularum
366 3407 458 3465 animi
476 3413 538 3482 est,
559 3408 643 3468 illum
659 3410 792 3470 mirabor
806 3409 928 3486 etipse,

174 3490 213 3549 Et
227 3491 327 3550 dicam
342 3489 479 3550 ‘monitis
496 3506 559 3552 uon
574 3500 645 3569 eget
658 3493 716 3553 iste
729 3494 832 3555 meis!
