2467 4042
177 218 240 279 144
328 233 495 271 mammons
584 210 765 269 nusum.

261 381 326 445 Nox
348 380 450 463 subit,
473 390 504 443 et
525 383 606 442 curis
629 381 759 442 exercitu
782 397 907 460 corpora
929 399 1053 445 somnus

197 481 247 533 665
262 469 415 551 Occupat.
443 478 510 531 ante
533 468 636 531 oculos
658 469 762 530 eadem
784 467 857 530 milri
879 487 1010 549 quercus
1033 470 1138 533 edesse

262 560 301 622 Et
322 560 496 641 promittere
519 557 598 619 idem
610 605 620 640 ,
643 557 827 637 totidemque
849 558 985 620 animalia
1007 562 1102 621 ramis

263 649 354 711 Ferre
376 649 438 709 suls
461 649 523 709 visa
545 655 592 708 est
603 693 613 728 ,
635 648 806 727 pariterque
828 648 1007 709 tremiscere
1026 656 1129 730 motu,

263 737 510 815 Crarrllerumque
533 752 639 814 agmen
661 734 805 797 subiectis
827 753 968 816 spargere
990 738 1023 797 in
1046 739 1142 819 arvis3

264 825 405 888 Crescere
429 824 508 904 quod
532 822 630 885 subito
654 830 684 885 et
707 826 802 885 maius
825 826 981 904 maiusque
1004 824 1120 907 rideri,

197 926 248 977 o40
262 915 303 976 dc
322 932 354 976 se
373 912 476 975 tollere
496 912 586 974 humo
604 919 748 993 rectoque
767 914 906 974 assistere
925 920 1053 996 trumo,
1079 928 1104 968 r.
1118 928 1184 970 uxr.

262 1003 300 1065 m
322 1003 446 1065 maciem
469 1018 687 1080 numerumque
714 1001 825 1082 pedum
851 1004 1031 1080 nigrumque
1055 1001 1184 1064 colorem

262 1092 401 1173 Ponere,
424 1100 455 1154 et
476 1090 636 1152 humanam
658 1088 800 1151 membris
822 1089 965 1152 iuducere
988 1090 1133 1152 formam.

265 1181 393 1242 Somnus
416 1177 498 1241 abit.
526 1178 634 1240 damno
656 1178 779 1257 vigilans
802 1195 868 1240 mea
889 1180 974 1259 visa,
997 1196 1167 1259 querorque

262 1269 296 1330 ln
319 1270 438 1349 superis
461 1269 526 1348 opis
549 1284 615 1329 esse
638 1264 734 1328 nibil.
761 1274 792 1327 at
812 1268 845 1327 in
867 1265 991 1327 aedibus
1013 1268 1121 1347 ingens

197 1367 250 1418 645
263 1357 399 1420 blrrrmur
422 1364 508 1439 erat,
530 1372 678 1434 vocesque
702 1354 855 1417 homiuum
878 1353 1019 1417 exaudire
1041 1355 1162 1417 videbar

263 1447 322 1507 lam
346 1445 419 1508 mitri
441 1444 601 1506 desuetas.
629 1443 701 1505 dum
719 1444 856 1523 suspicor
870 1442 924 1504 has
938 1461 1059 1523 quoque
1071 1447 1185 1526 somni,

262 1534 341 1597 Ecce
363 1536 445 1595 venit
466 1532 608 1595 Telamon
629 1549 799 1613 properus,
822 1529 997 1610 foribusque
1019 1530 1145 1594 reclusis

264 1618 407 1704 “Speque
429 1621 569 1702 fideque,
592 1629 678 1700 pater
690 1614 711 1702 ‚’
734 1619 809 1681 dixit
832 1614 955 1681 ‘maiom
976 1618 1108 1681 videbis.

262 1710 413 1791 Egredere
426 1705 459 1773 i’'
483 1709 643 1789 egredior:
666 1708 827 1788 qualesque
851 1710 884 1769 in
906 1710 1034 1786 imagine
1057 1711 1153 1770 mmui

197 1811 250 1862 656
263 1798 349 1861 Visus
373 1816 454 1861 eram
476 1797 585 1860 vidisse
608 1799 689 1858 viros
701 1844 711 1879 ,
734 1815 771 1858 ex
794 1795 898 1858 ordine
923 1795 998 1857 tales

262 1889 380 1967 aspicio
403 1904 577 1966 noscoque,
603 1884 715 1947 adeunt
727 1932 737 1966 ,
759 1900 922 1964 regemque
945 1883 1090 1945 salutant.

263 1976 336 2038 Vota
358 1975 419 2037 lovi
442 1974 546 2057 solvo,
567 1972 745 2055 populisque
767 1970 940 2034 recentibus
964 1971 1070 2034 urbem

262 2065 379 2128 Partior
401 2072 432 2125 et
453 2081 562 2126 vacuos
584 2064 693 2143 priscis
715 2059 880 2123 cultoribus
903 2078 1008 2140 agros:

262 2152 519 2233 Myrmidonasque
543 2169 638 2231 voco,
662 2151 855 2231 uectoriglne
877 2151 998 2211 nomina
1021 2148 1145 2211 iraudo.

197 2253 249 2304 655
263 2242 394 2323 Corpora
417 2240 516 2302 vidisti
530 2260 538 2301 ε
552 2256 651 2300 mores
674 2256 750 2317 quos
773 2247 842 2299 ante
865 2236 1026 2318 gerebant,

263 2330 349 2393 Nunc
372 2346 490 2409 quoque
513 2327 624 2389 hahent
636 2374 646 2409 ,
668 2343 851 2406 parcumque
874 2343 970 2406 genus
991 2328 1168 2406 patiensque

1032 2413 1185 2496 laborum,

264 2507 454 2588 Quaesitique
477 2513 565 2568 tenax
587 2514 620 2566 et
642 2504 721 2583 quod
745 2505 878 2583 quaesita
899 2510 1052 2565 reservet.

263 2596 300 2657 lli
322 2603 352 2658 te
375 2595 410 2658 ud
434 2594 620 2674 bellepares
643 2594 729 2653 annis
751 2594 917 2672 animisque
940 2599 1124 2673 sequentur,

264 2685 338 2746 Cum
360 2687 490 2765 primum
513 2684 565 2762 qui
586 2690 617 2743 te
641 2680 767 2743 feliciter
781 2680 902 2762 attulit,
925 2675 1029 2741 eurus’
1053 2713 1098 2724 -

196 2786 250 2836 666
262 2772 363 2835 Eurus
386 2774 466 2834 enim
488 2770 628 2833 attulerat
642 2801 684 2813 —
703 2763 807 2830 ‘inerit
827 2775 960 2829 mutatus
982 2770 1014 2830 in
1038 2764 1185 2831 austros?

307 2860 428 2923 Talibus
451 2868 540 2939 atque
563 2859 628 2920 aliis
651 2857 772 2937 longum
795 2856 984 2918 sermonibus
1005 2855 1049 2917 illi

263 2949 425 3030 lmplevere
448 2948 548 3010 diem.
575 2946 652 3008 lucis
674 2963 743 3026 pars
766 2944 871 3006 ultima
891 2961 1013 3011 mensae

262 3039 317 3100 Est
339 3039 428 3119 data,
450 3055 509 3099 nox
532 3037 666 3097 somnls.
693 3033 780 3096 iubar
802 3051 912 3095 aureus
936 3032 1084 3095 extulerat
1106 3033 1177 3095 sole

263 3126 365 3189 Flabat
387 3126 483 3188 adbuc
506 3142 598 3187 eurus
621 3122 813 3202 redituraque
835 3120 899 3183 vela
921 3120 1058 3183 tenebat.

198 3228 249 3279 665
263 3215 306 3277 m
331 3213 493 3295 Cephalum
514 3212 646 3275 Pallante
669 3213 748 3293 sati,
771 3211 820 3272 cui
842 3210 983 3289 grandior
1005 3218 1105 3292 aetas,

263 3304 306 3366 dd
329 3320 431 3383 regem
454 3300 601 3382 Cephalus
625 3298 713 3369 simul
737 3308 767 3360 et
788 3297 920 3360 Pallante
943 3300 1038 3360 creati

264 3393 471 3454 Conveniunt.
498 3389 551 3451 sed
574 3388 671 3450 adbuc
699 3404 801 3467 regem
829 3404 918 3466 sopor
945 3385 1023 3448 altus
1046 3384 1185 3448 babebat.

263 3480 381 3561 Excipit
403 3478 544 3540 Aeacides
567 3477 633 3538 illos
656 3479 688 3538 ln
710 3475 811 3537 limine
834 3474 972 3538 Phocusc

263 3568 335 3629 Nam
358 3565 500 3628 Telamon
523 3566 675 3644 fraterque
698 3566 777 3624 viros
801 3562 838 3625 ad
860 3562 936 3624 bella
958 3562 1114 3642 legebant.
