<?xml version="1.0" encoding="UTF-8"?>
<!DOCTYPE html PUBLIC "-//W3C//DTD XHTML 1.0 Transitional//EN"
    "http://www.w3.org/TR/xhtml1/DTD/xhtml1-transitional.dtd">
<html xmlns="http://www.w3.org/1999/xhtml" xml:lang="en" lang="en">
 <head>
  <title>
</title>
<meta http-equiv="Content-Type" content="text/html;charset=utf-8" />
  <meta name='ocr-system' content='tesseract 3.04.00' />
  <meta name='ocr-capabilities' content='ocr_page ocr_carea ocr_par ocr_line ocrx_word'/>
</head>
<body>
  <div class='ocr_page' id='page_1' title='image "./povidiusnaso00ehwagoog_0981.png"; bbox 0 0 2467 4042; ppageno 0'>
   <div class='ocr_carea' id='block_1_1' title="bbox 400 285 1065 349">
    <p class='ocr_par' dir='ltr' id='par_1_1' title="bbox 400 285 1065 349">
     <span class='ocr_line' id='line_1_1' title="bbox 400 285 1065 349; baseline 0.002 -11"><span class='ocrx_word' id='word_1_1' title='bbox 400 288 437 340; x_wconf 91' lang='lat'><strong>11.</strong></span> <span class='ocrx_word' id='word_1_2' title='bbox 455 299 515 340; x_wconf 86' lang='lat' dir='ltr'><strong>vm</strong></span> <span class='ocrx_word' id='word_1_3' title='bbox 529 290 671 340; x_wconf 74' lang='lat' dir='ltr'><strong>‘to-mn</strong></span> <span class='ocrx_word' id='word_1_4' title='bbox 686 291 728 340; x_wconf 83' lang='lat'><strong>63.</strong></span> <span class='ocrx_word' id='word_1_5' title='bbox 1003 285 1065 349; x_wconf 80' lang='grc'><strong>161</strong></span> 
     </span>
    </p>
   </div>
   <div class='ocr_carea' id='block_1_2' title="bbox 100 449 1068 3770">
    <p class='ocr_par' dir='ltr' id='par_1_2' title="bbox 100 449 1068 3770">
     <span class='ocr_line' id='line_1_2' title="bbox 148 449 942 531; baseline -0.003 -18"><span class='ocrx_word' id='word_1_6' title='bbox 148 451 180 512; x_wconf 91' lang='lat' dir='ltr'><strong>Si</strong></span> <span class='ocrx_word' id='word_1_7' title='bbox 202 469 304 531; x_wconf 89' lang='lat' dir='ltr'><strong>pacem</strong></span> <span class='ocrx_word' id='word_1_8' title='bbox 327 450 438 511; x_wconf 90' lang='lat' dir='ltr'><strong>nullam</strong></span> <span class='ocrx_word' id='word_1_9' title='bbox 460 457 569 530; x_wconf 91' lang='lat' dir='ltr'><strong>pontus</strong></span> <span class='ocrx_word' id='word_1_10' title='bbox 592 449 665 510; x_wconf 91' lang='lat' dir='ltr'><strong>mihi</strong></span> <span class='ocrx_word' id='word_1_11' title='bbox 687 456 818 529; x_wconf 89' lang='lat' dir='ltr'><strong>praestet</strong></span> <span class='ocrx_word' id='word_1_12' title='bbox 841 452 942 531; x_wconf 87' lang='lat' dir='ltr'><strong>eunti,</strong></span> 
     </span>
     <span class='ocr_line' id='line_1_3' title="bbox 191 534 828 617; baseline -0.003 -17"><span class='ocrx_word' id='word_1_13' title='bbox 191 539 278 600; x_wconf 88' lang='lat' dir='ltr'><strong>Irrita</strong></span> <span class='ocrx_word' id='word_1_14' title='bbox 300 539 439 617; x_wconf 80' lang='lat' dir='ltr'><strong>Neptuno</strong></span> <span class='ocrx_word' id='word_1_15' title='bbox 463 556 516 598; x_wconf 92' lang='lat' dir='ltr'><strong>cnr</strong></span> <span class='ocrx_word' id='word_1_16' title='bbox 540 556 594 615; x_wconf 83' lang='lat' dir='ltr'><strong>ego</strong></span> <span class='ocrx_word' id='word_1_17' title='bbox 618 545 685 598; x_wconf 89' lang='lat' dir='ltr'><strong>tura</strong></span> <span class='ocrx_word' id='word_1_18' title='bbox 708 534 828 598; x_wconf 83' lang='lat' dir='ltr'><strong>ieram?</strong></span> 
     </span>
     <span class='ocr_line' id='line_1_4' title="bbox 146 624 864 705; baseline 0 -20"><span class='ocrx_word' id='word_1_19' title='bbox 146 626 226 688; x_wconf 90' lang='lat' dir='ltr'><strong>Vana</strong></span> <span class='ocrx_word' id='word_1_20' title='bbox 248 627 408 688; x_wconf 88' lang='lat' dir='ltr'><strong>laborantis</strong></span> <span class='ocrx_word' id='word_1_21' title='bbox 432 628 459 686; x_wconf 91' lang='lat' dir='ltr'><strong>si</strong></span> <span class='ocrx_word' id='word_1_22' title='bbox 480 625 650 695; x_wconf 78' lang='lat' dir='ltr'><strong>sallatvota</strong></span> <span class='ocrx_word' id='word_1_23' title='bbox 674 624 789 705; x_wconf 85' lang='lat' dir='ltr'><strong>coloni,</strong></span> <span class='ocrx_word' id='word_1_24' title='bbox 862 671 864 674; x_wconf 86' lang='grc'>-</span> 
     </span>
     <span class='ocr_line' id='line_1_5' title="bbox 100 710 878 793; baseline 0 -18"><span class='ocrx_word' id='word_1_25' title='bbox 100 727 134 777; x_wconf 81' lang='lat'><strong>30</strong></span> <span class='ocrx_word' id='word_1_26' title='bbox 192 715 325 793; x_wconf 74' lang='lat' dir='ltr'><strong>Accipiat</strong></span> <span class='ocrx_word' id='word_1_27' title='bbox 348 713 483 792; x_wconf 81' lang='lat' dir='ltr'><strong>gravidae</strong></span> <span class='ocrx_word' id='word_1_28' title='bbox 508 731 562 774; x_wconf 93' lang='lat' dir='ltr'><strong>cur</strong></span> <span class='ocrx_word' id='word_1_29' title='bbox 585 715 648 773; x_wconf 91' lang='lat' dir='ltr'><strong>suis</strong></span> <span class='ocrx_word' id='word_1_30' title='bbox 672 710 878 775; x_wconf 76' lang='lat' dir='ltr'><strong>extolleres?</strong></span> 
     </span>
     <span class='ocr_line' id='line_1_6' title="bbox 148 794 1067 882; baseline 0 -18"><span class='ocrx_word' id='word_1_31' title='bbox 148 802 209 864; x_wconf 91' lang='lat' dir='ltr'><strong>Nec</strong></span> <span class='ocrx_word' id='word_1_32' title='bbox 233 802 314 864; x_wconf 89' lang='lat' dir='ltr'><strong>dabit</strong></span> <span class='ocrx_word' id='word_1_33' title='bbox 336 805 455 863; x_wconf 90' lang='lat' dir='ltr'><strong>intonso</strong></span> <span class='ocrx_word' id='word_1_34' title='bbox 478 794 613 880; x_wconf 83' lang='lat' dir='ltr'><strong>iugulum</strong></span> <span class='ocrx_word' id='word_1_35' title='bbox 636 818 726 880; x_wconf 88' lang='lat' dir='ltr'><strong>caper</strong></span> <span class='ocrx_word' id='word_1_36' title='bbox 749 800 845 861; x_wconf 88' lang='lat' dir='ltr'><strong>hostia</strong></span> <span class='ocrx_word' id='word_1_37' title='bbox 868 800 1000 882; x_wconf 84' lang='lat' dir='ltr'><strong>Bacche,</strong></span> <span class='ocrx_word' id='word_1_38' title='bbox 1024 814 1067 864; x_wconf 77' lang='lat'><strong>(⁶⁶)</strong></span> 
     </span>
     <span class='ocr_line' id='line_1_7' title="bbox 192 888 903 968; baseline -0.003 -17"><span class='ocrx_word' id='word_1_39' title='bbox 192 891 289 952; x_wconf 86' lang='lat' dir='ltr'><strong>ldusta</strong></span> <span class='ocrx_word' id='word_1_40' title='bbox 312 889 368 952; x_wconf 90' lang='lat' dir='ltr'><strong>sub</strong></span> <span class='ocrx_word' id='word_1_41' title='bbox 392 889 518 951; x_wconf 88' lang='lat' dir='ltr'><strong>adducto</strong></span> <span class='ocrx_word' id='word_1_42' title='bbox 542 890 567 949; x_wconf 92' lang='lat' dir='ltr'><strong>si</strong></span> <span class='ocrx_word' id='word_1_43' title='bbox 590 888 666 968; x_wconf 91' lang='lat' dir='ltr'><strong>pede</strong></span> <span class='ocrx_word' id='word_1_44' title='bbox 689 888 769 949; x_wconf 91' lang='lat' dir='ltr'><strong>nulla</strong></span> <span class='ocrx_word' id='word_1_45' title='bbox 792 889 903 951; x_wconf 85' lang='lat' dir='ltr'><strong>iluent.</strong></span> 
     </span>
     <span class='ocr_line' id='line_1_8' title="bbox 149 976 952 1058; baseline -0.004 -18"><span class='ocrx_word' id='word_1_46' title='bbox 149 978 256 1040; x_wconf 83' lang='lat' dir='ltr'><strong>Caesar</strong></span> <span class='ocrx_word' id='word_1_47' title='bbox 278 988 312 1041; x_wconf 92' lang='lat' dir='ltr'><strong>ut</strong></span> <span class='ocrx_word' id='word_1_48' title='bbox 335 980 454 1057; x_wconf 90' lang='lat' dir='ltr'><strong>imperii</strong></span> <span class='ocrx_word' id='word_1_49' title='bbox 476 977 648 1038; x_wconf 77' lang='lat' dir='ltr'><strong>moderetur</strong></span> <span class='ocrx_word' id='word_1_50' title='bbox 670 976 754 1037; x_wconf 85' lang='lat' dir='ltr'><strong>irena</strong></span> <span class='ocrx_word' id='word_1_51' title='bbox 776 994 952 1058; x_wconf 81' lang='lat' dir='ltr'><strong>precamur,</strong></span> 
     </span>
     <span class='ocr_line' id='line_1_9' title="bbox 191 1063 938 1144; baseline -0.001 -17"><span class='ocrx_word' id='word_1_52' title='bbox 191 1067 264 1127; x_wconf 85' lang='lat' dir='ltr'><strong>Tam</strong></span> <span class='ocrx_word' id='word_1_53' title='bbox 286 1066 362 1127; x_wconf 88' lang='lat' dir='ltr'><strong>hene</strong></span> <span class='ocrx_word' id='word_1_54' title='bbox 387 1065 465 1144; x_wconf 92' lang='lat' dir='ltr'><strong>quod</strong></span> <span class='ocrx_word' id='word_1_55' title='bbox 488 1067 601 1144; x_wconf 88' lang='lat' dir='ltr'><strong>patriae</strong></span> <span class='ocrx_word' id='word_1_56' title='bbox 625 1064 754 1126; x_wconf 89' lang='lat' dir='ltr'><strong>consulit</strong></span> <span class='ocrx_word' id='word_1_57' title='bbox 775 1063 826 1125; x_wconf 87' lang='lat' dir='ltr'><strong>ille</strong></span> <span class='ocrx_word' id='word_1_58' title='bbox 850 1083 938 1127; x_wconf 88' lang='lat' dir='ltr'><strong>suae.</strong></span> 
     </span>
     <span class='ocr_line' id='line_1_10' title="bbox 100 1152 895 1233; baseline -0.001 -18"><span class='ocrx_word' id='word_1_59' title='bbox 100 1166 133 1215; x_wconf 81' lang='lat'><strong>35</strong></span> <span class='ocrx_word' id='word_1_60' title='bbox 147 1154 263 1216; x_wconf 78' lang='lat' dir='ltr'><strong>Utilitas</strong></span> <span class='ocrx_word' id='word_1_61' title='bbox 286 1156 378 1233; x_wconf 84' lang='lat' dir='ltr'><strong>igitur</strong></span> <span class='ocrx_word' id='word_1_62' title='bbox 401 1171 522 1231; x_wconf 82' lang='lat' dir='ltr'><strong>magnos</strong></span> <span class='ocrx_word' id='word_1_63' title='bbox 544 1153 740 1232; x_wconf 79' lang='lat' dir='ltr'><strong>hominesque</strong></span> <span class='ocrx_word' id='word_1_64' title='bbox 764 1152 895 1232; x_wconf 87' lang='lat' dir='ltr'><strong>deosque</strong></span> 
     </span>
     <span class='ocr_line' id='line_1_11' title="bbox 192 1241 837 1323; baseline -0.002 -20"><span class='ocrx_word' id='word_1_65' title='bbox 192 1241 311 1323; x_wconf 86' lang='lat' dir='ltr'><strong>Efficit,</strong></span> <span class='ocrx_word' id='word_1_66' title='bbox 336 1241 452 1302; x_wconf 82' lang='lat' dir='ltr'><strong>auxiliis</strong></span> <span class='ocrx_word' id='word_1_67' title='bbox 476 1258 594 1319; x_wconf 93' lang='lat' dir='ltr'><strong>quoque</strong></span> <span class='ocrx_word' id='word_1_68' title='bbox 618 1241 734 1301; x_wconf 81' lang='lat' dir='ltr'><strong>favente</strong></span> <span class='ocrx_word' id='word_1_69' title='bbox 759 1243 837 1302; x_wconf 92' lang='lat' dir='ltr'><strong>suis.</strong></span> 
     </span>
     <span class='ocr_line' id='line_1_12' title="bbox 147 1329 1038 1409; baseline 0.001 -21"><span class='ocrx_word' id='word_1_70' title='bbox 147 1330 193 1390; x_wconf 79' lang='lat' dir='ltr'><strong>l&#39;u</strong></span> <span class='ocrx_word' id='word_1_71' title='bbox 217 1348 335 1408; x_wconf 88' lang='lat' dir='ltr'><strong>quoque</strong></span> <span class='ocrx_word' id='word_1_72' title='bbox 359 1330 405 1389; x_wconf 86' lang='lat' dir='ltr'><strong>sac</strong></span> <span class='ocrx_word' id='word_1_73' title='bbox 428 1329 555 1408; x_wconf 81' lang='lat' dir='ltr'><strong>profugo</strong></span> <span class='ocrx_word' id='word_1_74' title='bbox 579 1330 696 1406; x_wconf 83' lang='lat' dir='ltr'><strong>prosint</strong></span> <span class='ocrx_word' id='word_1_75' title='bbox 718 1337 770 1389; x_wconf 91' lang='lat' dir='ltr'><strong>tua</strong></span> <span class='ocrx_word' id='word_1_76' title='bbox 793 1337 889 1390; x_wconf 90' lang='lat' dir='ltr'><strong>castra</strong></span> <span class='ocrx_word' id='word_1_77' title='bbox 912 1331 1038 1409; x_wconf 88' lang='lat' dir='ltr'><strong>iacenti,</strong></span> 
     </span>
     <span class='ocr_line' id='line_1_13' title="bbox 193 1415 867 1496; baseline 0 -19"><span class='ocrx_word' id='word_1_78' title='bbox 193 1415 217 1477; x_wconf 86' lang='lat'>0</span> <span class='ocrx_word' id='word_1_79' title='bbox 242 1416 337 1496; x_wconf 79' lang='lat' dir='ltr'><strong>Coty,</strong></span> <span class='ocrx_word' id='word_1_80' title='bbox 360 1419 517 1495; x_wconf 83' lang='lat' dir='ltr'><strong>progenies</strong></span> <span class='ocrx_word' id='word_1_81' title='bbox 540 1416 628 1494; x_wconf 83' lang='lat' dir='ltr'><strong>digna</strong></span> <span class='ocrx_word' id='word_1_82' title='bbox 651 1424 774 1494; x_wconf 88' lang='lat' dir='ltr'><strong>parente</strong></span> <span class='ocrx_word' id='word_1_83' title='bbox 796 1424 867 1478; x_wconf 87' lang='lat' dir='ltr'><strong>tuo.</strong></span> 
     </span>
     <span class='ocr_line' id='line_1_14' title="bbox 149 1503 1027 1586; baseline 0.005 -23"><span class='ocrx_word' id='word_1_84' title='bbox 149 1503 333 1564; x_wconf 80' lang='lat' dir='ltr'><strong>Conveniens</strong></span> <span class='ocrx_word' id='word_1_85' title='bbox 356 1503 469 1563; x_wconf 92' lang='lat' dir='ltr'><strong>homini</strong></span> <span class='ocrx_word' id='word_1_86' title='bbox 492 1513 537 1564; x_wconf 91' lang='lat' dir='ltr'><strong>est</strong></span> <span class='ocrx_word' id='word_1_87' title='bbox 560 1504 710 1564; x_wconf 90' lang='lat' dir='ltr'><strong>hominem</strong></span> <span class='ocrx_word' id='word_1_88' title='bbox 734 1522 852 1564; x_wconf 86' lang='lat' dir='ltr'><strong>servare</strong></span> <span class='ocrx_word' id='word_1_89' title='bbox 875 1505 1027 1586; x_wconf 89' lang='lat' dir='ltr'><strong>voluptas,</strong></span> 
     </span>
     <span class='ocr_line' id='line_1_15' title="bbox 100 1590 848 1670; baseline 0 -19"><span class='ocrx_word' id='word_1_90' title='bbox 100 1603 135 1653; x_wconf 79' lang='lat'><strong>40</strong></span> <span class='ocrx_word' id='word_1_91' title='bbox 193 1590 231 1652; x_wconf 86' lang='lat' dir='ltr'><strong>Et</strong></span> <span class='ocrx_word' id='word_1_92' title='bbox 253 1592 359 1653; x_wconf 91' lang='lat' dir='ltr'><strong>melius</strong></span> <span class='ocrx_word' id='word_1_93' title='bbox 383 1591 462 1652; x_wconf 93' lang='lat' dir='ltr'><strong>nulla</strong></span> <span class='ocrx_word' id='word_1_94' title='bbox 486 1593 639 1670; x_wconf 89' lang='lat' dir='ltr'><strong>quaeritur</strong></span> <span class='ocrx_word' id='word_1_95' title='bbox 662 1600 726 1652; x_wconf 84' lang='lat' dir='ltr'><strong>arte</strong></span> <span class='ocrx_word' id='word_1_96' title='bbox 749 1592 848 1652; x_wconf 83' lang='lat' dir='ltr'><strong>lavor.</strong></span> 
     </span>
     <span class='ocr_line' id='line_1_16' title="bbox 149 1677 1067 1759; baseline 0 -19"><span class='ocrx_word' id='word_1_97' title='bbox 149 1679 222 1750; x_wconf 86' lang='lat' dir='ltr'><strong>Quis</strong></span> <span class='ocrx_word' id='word_1_98' title='bbox 245 1696 305 1739; x_wconf 91' lang='lat' dir='ltr'><strong>non</strong></span> <span class='ocrx_word' id='word_1_99' title='bbox 327 1679 507 1758; x_wconf 71' lang='lat' dir='ltr'><strong>Antiphaten</strong></span> <span class='ocrx_word' id='word_1_100' title='bbox 530 1679 730 1758; x_wconf 83' lang='lat' dir='ltr'><strong>Laestrygona</strong></span> <span class='ocrx_word' id='word_1_101' title='bbox 753 1677 903 1741; x_wconf 78' lang='lat' dir='ltr'><strong>devovet?</strong></span> <span class='ocrx_word' id='word_1_102' title='bbox 926 1689 977 1742; x_wconf 88' lang='lat' dir='ltr'><strong>aut</strong></span> <span class='ocrx_word' id='word_1_103' title='bbox 1001 1682 1067 1759; x_wconf 90' lang='lat' dir='ltr'><strong>quis</strong></span> 
     </span>
     <span class='ocr_line' id='line_1_17' title="bbox 192 1764 778 1846; baseline 0 -19"><span class='ocrx_word' id='word_1_104' title='bbox 192 1767 324 1828; x_wconf 85' lang='lat' dir='ltr'><strong>Munifici</strong></span> <span class='ocrx_word' id='word_1_105' title='bbox 346 1785 444 1828; x_wconf 91' lang='lat' dir='ltr'><strong>mores</strong></span> <span class='ocrx_word' id='word_1_106' title='bbox 468 1765 615 1846; x_wconf 88' lang='lat' dir='ltr'><strong>improbat</strong></span> <span class='ocrx_word' id='word_1_107' title='bbox 638 1764 778 1827; x_wconf 77' lang='lat' dir='ltr'><strong>Alcinoi?</strong></span> 
     </span>
     <span class='ocr_line' id='line_1_18' title="bbox 148 1854 1019 1938; baseline 0.001 -22"><span class='ocrx_word' id='word_1_108' title='bbox 148 1855 214 1916; x_wconf 88' lang='lat' dir='ltr'><strong>Non</strong></span> <span class='ocrx_word' id='word_1_109' title='bbox 236 1855 292 1916; x_wconf 91' lang='lat' dir='ltr'><strong>tibi</strong></span> <span class='ocrx_word' id='word_1_110' title='bbox 314 1855 498 1917; x_wconf 88' lang='lat' dir='ltr'><strong>Casandreus</strong></span> <span class='ocrx_word' id='word_1_111' title='bbox 521 1863 605 1935; x_wconf 89' lang='lat' dir='ltr'><strong>pater</strong></span> <span class='ocrx_word' id='word_1_112' title='bbox 630 1863 676 1915; x_wconf 87' lang='lat' dir='ltr'><strong>est</strong></span> <span class='ocrx_word' id='word_1_113' title='bbox 698 1857 831 1933; x_wconf 84' lang='lat' dir='ltr'><strong>gentisve</strong></span> <span class='ocrx_word' id='word_1_114' title='bbox 854 1854 1019 1938; x_wconf 81' lang='lat' dir='ltr'><strong>Pheraeae,</strong></span> 
     </span>
     <span class='ocr_line' id='line_1_19' title="bbox 193 1943 810 2023; baseline 0.003 -20"><span class='ocrx_word' id='word_1_115' title='bbox 193 1943 286 2015; x_wconf 85' lang='lat' dir='ltr'><strong>Quive</strong></span> <span class='ocrx_word' id='word_1_116' title='bbox 310 1953 496 2023; x_wconf 87' lang='lat' dir='ltr'><strong>repertorem</strong></span> <span class='ocrx_word' id='word_1_117' title='bbox 519 1945 629 2004; x_wconf 90' lang='lat' dir='ltr'><strong>torruit</strong></span> <span class='ocrx_word' id='word_1_118' title='bbox 652 1951 714 2003; x_wconf 89' lang='lat' dir='ltr'><strong>arte</strong></span> <span class='ocrx_word' id='word_1_119' title='bbox 739 1961 810 2005; x_wconf 88' lang='lat' dir='ltr'><strong>sua:</strong></span> 
     </span>
     <span class='ocr_line' id='line_1_20' title="bbox 102 2031 973 2112; baseline -0.001 -20"><span class='ocrx_word' id='word_1_120' title='bbox 102 2043 136 2092; x_wconf 78' lang='lat'><strong>45</strong></span> <span class='ocrx_word' id='word_1_121' title='bbox 152 2031 210 2092; x_wconf 88' lang='lat' dir='ltr'><strong>Sed</strong></span> <span class='ocrx_word' id='word_1_122' title='bbox 234 2049 322 2109; x_wconf 86' lang='lat' dir='ltr'><strong>quam</strong></span> <span class='ocrx_word' id='word_1_123' title='bbox 345 2031 438 2091; x_wconf 84' lang='lat' dir='ltr'><strong>Marte</strong></span> <span class='ocrx_word' id='word_1_124' title='bbox 461 2032 544 2092; x_wconf 82' lang='lat' dir='ltr'><strong>ferox</strong></span> <span class='ocrx_word' id='word_1_125' title='bbox 569 2038 599 2090; x_wconf 87' lang='lat' dir='ltr'><strong>et</strong></span> <span class='ocrx_word' id='word_1_126' title='bbox 621 2031 700 2091; x_wconf 75' lang='lat' dir='ltr'><strong>duci</strong></span> <span class='ocrx_word' id='word_1_127' title='bbox 722 2033 842 2092; x_wconf 90' lang='lat' dir='ltr'><strong>nescius</strong></span> <span class='ocrx_word' id='word_1_128' title='bbox 865 2033 973 2112; x_wconf 85' lang='lat' dir='ltr'><strong>armis,</strong></span> 
     </span>
     <span class='ocr_line' id='line_1_21' title="bbox 194 2118 970 2199; baseline 0 -20"><span class='ocrx_word' id='word_1_129' title='bbox 194 2118 266 2179; x_wconf 85' lang='lat' dir='ltr'><strong>Tem</strong></span> <span class='ocrx_word' id='word_1_130' title='bbox 290 2136 472 2199; x_wconf 87' lang='lat' dir='ltr'><strong>numquam,</strong></span> <span class='ocrx_word' id='word_1_131' title='bbox 496 2118 572 2179; x_wconf 84' lang='lat' dir='ltr'><strong>iacta</strong></span> <span class='ocrx_word' id='word_1_132' title='bbox 595 2135 690 2198; x_wconf 88' lang='lat' dir='ltr'><strong>pace,</strong></span> <span class='ocrx_word' id='word_1_133' title='bbox 713 2121 830 2178; x_wconf 88' lang='lat' dir='ltr'><strong>cruoris</strong></span> <span class='ocrx_word' id='word_1_134' title='bbox 853 2136 970 2179; x_wconf 85' lang='lat' dir='ltr'><strong>amans.</strong></span> 
     </span>
     <span class='ocr_line' id='line_1_22' title="bbox 148 2204 940 2286; baseline -0.003 -18"><span class='ocrx_word' id='word_1_135' title='bbox 148 2206 252 2286; x_wconf 77' lang='lat' dir='ltr'><strong>Adde,</strong></span> <span class='ocrx_word' id='word_1_136' title='bbox 276 2207 356 2285; x_wconf 92' lang='lat' dir='ltr'><strong>quod</strong></span> <span class='ocrx_word' id='word_1_137' title='bbox 379 2209 523 2285; x_wconf 84' lang='lat' dir='ltr'><strong>ingenuas</strong></span> <span class='ocrx_word' id='word_1_138' title='bbox 546 2204 686 2266; x_wconf 87' lang='lat' dir='ltr'><strong>didicisse</strong></span> <span class='ocrx_word' id='word_1_139' title='bbox 710 2205 838 2265; x_wconf 87' lang='lat' dir='ltr'><strong>fideliter</strong></span> <span class='ocrx_word' id='word_1_140' title='bbox 860 2214 940 2267; x_wconf 90' lang='lat' dir='ltr'><strong>artes</strong></span> 
     </span>
     <span class='ocr_line' id='line_1_23' title="bbox 192 2293 840 2373; baseline 0 -19"><span class='ocrx_word' id='word_1_141' title='bbox 192 2293 313 2355; x_wconf 89' lang='lat' dir='ltr'><strong>Emollit</strong></span> <span class='ocrx_word' id='word_1_142' title='bbox 335 2311 457 2373; x_wconf 87' lang='lat' dir='ltr'><strong>mores,</strong></span> <span class='ocrx_word' id='word_1_143' title='bbox 480 2311 536 2355; x_wconf 90' lang='lat' dir='ltr'><strong>nec</strong></span> <span class='ocrx_word' id='word_1_144' title='bbox 560 2295 632 2353; x_wconf 85' lang='lat' dir='ltr'><strong>sinit</strong></span> <span class='ocrx_word' id='word_1_145' title='bbox 654 2311 720 2354; x_wconf 87' lang='lat' dir='ltr'><strong>esse</strong></span> <span class='ocrx_word' id='word_1_146' title='bbox 744 2293 840 2354; x_wconf 87' lang='lat' dir='ltr'><strong>ieros.</strong></span> 
     </span>
     <span class='ocr_line' id='line_1_24' title="bbox 148 2380 1050 2463; baseline 0 -21"><span class='ocrx_word' id='word_1_147' title='bbox 148 2382 210 2443; x_wconf 89' lang='lat' dir='ltr'><strong>Nec</strong></span> <span class='ocrx_word' id='word_1_148' title='bbox 233 2400 338 2460; x_wconf 84' lang='lat' dir='ltr'><strong>regum</strong></span> <span class='ocrx_word' id='word_1_149' title='bbox 362 2385 520 2461; x_wconf 86' lang='lat' dir='ltr'><strong>quisquam</strong></span> <span class='ocrx_word' id='word_1_150' title='bbox 542 2383 636 2460; x_wconf 88' lang='lat' dir='ltr'><strong>magis</strong></span> <span class='ocrx_word' id='word_1_151' title='bbox 659 2390 705 2442; x_wconf 91' lang='lat' dir='ltr'><strong>est</strong></span> <span class='ocrx_word' id='word_1_152' title='bbox 727 2383 893 2442; x_wconf 90' lang='lat' dir='ltr'><strong>instructus</strong></span> <span class='ocrx_word' id='word_1_153' title='bbox 916 2380 952 2442; x_wconf 85' lang='lat' dir='ltr'><strong>ab</strong></span> <span class='ocrx_word' id='word_1_154' title='bbox 975 2381 1050 2463; x_wconf 88' lang='lat' dir='ltr'><strong>illis,</strong></span> 
     </span>
     <span class='ocr_line' id='line_1_25' title="bbox 101 2468 907 2550; baseline -0.001 -19"><span class='ocrx_word' id='word_1_155' title='bbox 101 2483 135 2531; x_wconf 81' lang='lat' dir='ltr'><strong>oo</strong></span> <span class='ocrx_word' id='word_1_156' title='bbox 194 2468 315 2530; x_wconf 86' lang='lat' dir='ltr'><strong>Mitibus</strong></span> <span class='ocrx_word' id='word_1_157' title='bbox 338 2479 389 2530; x_wconf 91' lang='lat' dir='ltr'><strong>aut</strong></span> <span class='ocrx_word' id='word_1_158' title='bbox 412 2469 519 2531; x_wconf 88' lang='lat' dir='ltr'><strong>studiis</strong></span> <span class='ocrx_word' id='word_1_159' title='bbox 538 2476 678 2550; x_wconf 65' lang='lat' dir='ltr'><strong>⁸tempora</strong></span> <span class='ocrx_word' id='word_1_160' title='bbox 700 2469 787 2548; x_wconf 90' lang='lat' dir='ltr'><strong>plura</strong></span> <span class='ocrx_word' id='word_1_161' title='bbox 809 2469 907 2531; x_wconf 85' lang='lat' dir='ltr'><strong>dedit.</strong></span> 
     </span>
     <span class='ocr_line' id='line_1_26' title="bbox 148 2556 1005 2639; baseline 0.001 -21"><span class='ocrx_word' id='word_1_162' title='bbox 148 2557 285 2619; x_wconf 85' lang='lat' dir='ltr'><strong>Carmina</strong></span> <span class='ocrx_word' id='word_1_163' title='bbox 308 2566 478 2638; x_wconf 83' lang='lat' dir='ltr'><strong>testantur3</strong></span> <span class='ocrx_word' id='word_1_164' title='bbox 502 2574 599 2639; x_wconf 86' lang='lat' dir='ltr'><strong>quae,</strong></span> <span class='ocrx_word' id='word_1_165' title='bbox 623 2560 649 2618; x_wconf 91' lang='lat' dir='ltr'><strong>si</strong></span> <span class='ocrx_word' id='word_1_166' title='bbox 672 2564 722 2618; x_wconf 92' lang='lat' dir='ltr'><strong>tua</strong></span> <span class='ocrx_word' id='word_1_167' title='bbox 746 2560 864 2618; x_wconf 88' lang='lat' dir='ltr'><strong>nomina</strong></span> <span class='ocrx_word' id='word_1_168' title='bbox 887 2556 1005 2638; x_wconf 88' lang='lat' dir='ltr'><strong>demas,</strong></span> 
     </span>
     <span class='ocr_line' id='line_1_27' title="bbox 194 2644 900 2725; baseline 0.003 -20"><span class='ocrx_word' id='word_1_169' title='bbox 194 2644 367 2706; x_wconf 81' lang='lat' dir='ltr'><strong>Threicium</strong></span> <span class='ocrx_word' id='word_1_170' title='bbox 390 2648 528 2707; x_wconf 84' lang='lat' dir='ltr'><strong>iuvenem</strong></span> <span class='ocrx_word' id='word_1_171' title='bbox 551 2648 753 2724; x_wconf 89' lang='lat' dir='ltr'><strong>composuisse</strong></span> <span class='ocrx_word' id='word_1_172' title='bbox 777 2663 900 2725; x_wconf 82' lang='lat' dir='ltr'><strong>negem.</strong></span> 
     </span>
     <span class='ocr_line' id='line_1_28' title="bbox 147 2733 1068 2816; baseline 0.003 -21"><span class='ocrx_word' id='word_1_173' title='bbox 147 2733 227 2795; x_wconf 89' lang='lat' dir='ltr'><strong>Neve</strong></span> <span class='ocrx_word' id='word_1_174' title='bbox 249 2733 306 2795; x_wconf 89' lang='lat' dir='ltr'><strong>sub</strong></span> <span class='ocrx_word' id='word_1_175' title='bbox 328 2734 385 2794; x_wconf 95' lang='lat' dir='ltr'><strong>hoc</strong></span> <span class='ocrx_word' id='word_1_176' title='bbox 408 2742 505 2796; x_wconf 89' lang='lat' dir='ltr'><strong>tractu</strong></span> <span class='ocrx_word' id='word_1_177' title='bbox 524 2741 605 2794; x_wconf 84' lang='lat' dir='ltr'><strong>vates</strong></span> <span class='ocrx_word' id='word_1_178' title='bbox 629 2735 707 2795; x_wconf 82' lang='lat' dir='ltr'><strong>toret</strong></span> <span class='ocrx_word' id='word_1_179' title='bbox 729 2736 836 2795; x_wconf 90' lang='lat' dir='ltr'><strong>unicus</strong></span> <span class='ocrx_word' id='word_1_180' title='bbox 855 2734 1010 2816; x_wconf 86' lang='lat' dir='ltr'><strong>Orpheus,</strong></span> <span class='ocrx_word' id='word_1_181' title='bbox 1025 2746 1068 2798; x_wconf 64' lang='lat'>(⁶²)</span> 
     </span>
     <span class='ocr_line' id='line_1_29' title="bbox 192 2822 881 2903; baseline 0.003 -21"><span class='ocrx_word' id='word_1_182' title='bbox 192 2822 321 2884; x_wconf 86' lang='lat' dir='ltr'><strong>Bistonis</strong></span> <span class='ocrx_word' id='word_1_183' title='bbox 344 2825 463 2902; x_wconf 79' lang='lat' dir='ltr'><strong>ingenio</strong></span> <span class='ocrx_word' id='word_1_184' title='bbox 486 2831 567 2884; x_wconf 90' lang='lat' dir='ltr'><strong>terra</strong></span> <span class='ocrx_word' id='word_1_185' title='bbox 591 2822 720 2903; x_wconf 85' lang='lat' dir='ltr'><strong>superba</strong></span> <span class='ocrx_word' id='word_1_186' title='bbox 742 2830 795 2883; x_wconf 92' lang='lat' dir='ltr'><strong>tuo</strong></span> <span class='ocrx_word' id='word_1_187' title='bbox 818 2833 881 2884; x_wconf 86' lang='lat' dir='ltr'><strong>est.</strong></span> 
     </span>
     <span class='ocr_line' id='line_1_30' title="bbox 100 2910 1068 2991; baseline -0.001 -20"><span class='ocrx_word' id='word_1_188' title='bbox 100 2923 133 2972; x_wconf 78' lang='lat' dir='ltr'><strong>so</strong></span> <span class='ocrx_word' id='word_1_189' title='bbox 149 2910 245 2990; x_wconf 89' lang='lat' dir='ltr'><strong>thue</strong></span> <span class='ocrx_word' id='word_1_190' title='bbox 269 2911 324 2972; x_wconf 86' lang='lat' dir='ltr'><strong>tihi</strong></span> <span class='ocrx_word' id='word_1_191' title='bbox 347 2913 554 2990; x_wconf 71' lang='lat' dir='ltr'><strong>omonimus,</strong></span> <span class='ocrx_word' id='word_1_192' title='bbox 582 2928 652 2972; x_wconf 89' lang='lat' dir='ltr'><strong>cum</strong></span> <span class='ocrx_word' id='word_1_193' title='bbox 674 2928 723 2972; x_wconf 92' lang='lat' dir='ltr'><strong>res</strong></span> <span class='ocrx_word' id='word_1_194' title='bbox 746 2913 787 2971; x_wconf 92' lang='lat' dir='ltr'><strong>ita</strong></span> <span class='ocrx_word' id='word_1_195' title='bbox 809 2911 962 2991; x_wconf 88' lang='lat' dir='ltr'><strong>postulat,</strong></span> <span class='ocrx_word' id='word_1_196' title='bbox 988 2929 1068 2971; x_wconf 85' lang='lat' dir='ltr'><strong>arma</strong></span> 
     </span>
     <span class='ocr_line' id='line_1_31' title="bbox 193 2997 909 3078; baseline 0.001 -20"><span class='ocrx_word' id='word_1_197' title='bbox 193 2997 318 3058; x_wconf 87' lang='lat' dir='ltr'><strong>Sumere</strong></span> <span class='ocrx_word' id='word_1_198' title='bbox 342 3006 373 3059; x_wconf 88' lang='lat' dir='ltr'><strong>et</strong></span> <span class='ocrx_word' id='word_1_199' title='bbox 394 2997 495 3058; x_wconf 90' lang='lat' dir='ltr'><strong>hostili</strong></span> <span class='ocrx_word' id='word_1_200' title='bbox 517 3000 634 3075; x_wconf 81' lang='lat' dir='ltr'><strong>tingere</strong></span> <span class='ocrx_word' id='word_1_201' title='bbox 658 2998 748 3059; x_wconf 89' lang='lat' dir='ltr'><strong>caede</strong></span> <span class='ocrx_word' id='word_1_202' title='bbox 771 3015 909 3078; x_wconf 87' lang='lat' dir='ltr'><strong>manum,</strong></span> 
     </span>
     <span class='ocr_line' id='line_1_32' title="bbox 147 3084 957 3164; baseline 0 -19"><span class='ocrx_word' id='word_1_203' title='bbox 147 3085 244 3164; x_wconf 80' lang='lat' dir='ltr'><strong>hique</strong></span> <span class='ocrx_word' id='word_1_204' title='bbox 267 3093 302 3146; x_wconf 89' lang='lat' dir='ltr'><strong>ut</strong></span> <span class='ocrx_word' id='word_1_205' title='bbox 324 3103 357 3145; x_wconf 89' lang='lat' dir='ltr'><strong>es</strong></span> <span class='ocrx_word' id='word_1_206' title='bbox 380 3102 505 3145; x_wconf 84' lang='lat' dir='ltr'><strong>excusso</strong></span> <span class='ocrx_word' id='word_1_207' title='bbox 529 3084 659 3145; x_wconf 90' lang='lat' dir='ltr'><strong>iaculum</strong></span> <span class='ocrx_word' id='word_1_208' title='bbox 682 3094 824 3163; x_wconf 88' lang='lat' dir='ltr'><strong>torquere</strong></span> <span class='ocrx_word' id='word_1_209' title='bbox 846 3085 957 3145; x_wconf 89' lang='lat' dir='ltr'><strong>lacerto</strong></span> 
     </span>
     <span class='ocr_line' id='line_1_33' title="bbox 193 3170 849 3252; baseline -0.002 -19"><span class='ocrx_word' id='word_1_210' title='bbox 193 3170 332 3251; x_wconf 84' lang='lat' dir='ltr'><strong>Collaque</strong></span> <span class='ocrx_word' id='word_1_211' title='bbox 355 3171 466 3232; x_wconf 86' lang='lat' dir='ltr'><strong>velocis</strong></span> <span class='ocrx_word' id='word_1_212' title='bbox 488 3171 609 3231; x_wconf 73' lang='lat' dir='ltr'><strong>flectere</strong></span> <span class='ocrx_word' id='word_1_213' title='bbox 633 3171 739 3232; x_wconf 88' lang='lat' dir='ltr'><strong>doctus</strong></span> <span class='ocrx_word' id='word_1_214' title='bbox 762 3174 849 3252; x_wconf 87' lang='lat' dir='ltr'><strong>equi,</strong></span> 
     </span>
     <span class='ocr_line' id='line_1_34' title="bbox 147 3257 1024 3341; baseline 0.001 -21"><span class='ocrx_word' id='word_1_215' title='bbox 147 3259 295 3339; x_wconf 81' lang='lat' dir='ltr'><strong>Tempora</strong></span> <span class='ocrx_word' id='word_1_216' title='bbox 317 3262 361 3320; x_wconf 90' lang='lat' dir='ltr'><strong>sic</strong></span> <span class='ocrx_word' id='word_1_217' title='bbox 384 3257 452 3318; x_wconf 89' lang='lat' dir='ltr'><strong>data</strong></span> <span class='ocrx_word' id='word_1_218' title='bbox 475 3267 546 3319; x_wconf 91' lang='lat' dir='ltr'><strong>sunt</strong></span> <span class='ocrx_word' id='word_1_219' title='bbox 568 3258 675 3319; x_wconf 92' lang='lat' dir='ltr'><strong>studiis</strong></span> <span class='ocrx_word' id='word_1_220' title='bbox 698 3257 751 3319; x_wconf 91' lang='lat' dir='ltr'><strong>uhi</strong></span> <span class='ocrx_word' id='word_1_221' title='bbox 773 3260 850 3320; x_wconf 91' lang='lat' dir='ltr'><strong>iusta</strong></span> <span class='ocrx_word' id='word_1_222' title='bbox 873 3262 1024 3341; x_wconf 80' lang='lat' dir='ltr'><strong>paternis,</strong></span> 
     </span>
     <span class='ocr_line' id='line_1_35' title="bbox 100 3347 881 3429; baseline -0.001 -19"><span class='ocrx_word' id='word_1_223' title='bbox 100 3361 134 3409; x_wconf 83' lang='lat' dir='ltr'><strong>oo</strong></span> <span class='ocrx_word' id='word_1_224' title='bbox 192 3348 289 3427; x_wconf 80' lang='lat' dir='ltr'><strong>hique</strong></span> <span class='ocrx_word' id='word_1_225' title='bbox 313 3349 376 3408; x_wconf 79' lang='lat' dir='ltr'><strong>s&#39;uis</strong></span> <span class='ocrx_word' id='word_1_226' title='bbox 398 3348 533 3408; x_wconf 88' lang='lat' dir='ltr'><strong>numeris</strong></span> <span class='ocrx_word' id='word_1_227' title='bbox 555 3347 633 3406; x_wconf 80' lang='lat' dir='ltr'><strong>torte</strong></span> <span class='ocrx_word' id='word_1_228' title='bbox 657 3348 768 3425; x_wconf 89' lang='lat' dir='ltr'><strong>quievit</strong></span> <span class='ocrx_word' id='word_1_229' title='bbox 791 3366 881 3429; x_wconf 89' lang='lat' dir='ltr'><strong>opus,</strong></span> 
     </span>
     <span class='ocr_line' id='line_1_36' title="bbox 147 3435 921 3517; baseline 0 -20"><span class='ocrx_word' id='word_1_230' title='bbox 147 3435 191 3497; x_wconf 90' lang='lat' dir='ltr'><strong>Ne</strong></span> <span class='ocrx_word' id='word_1_231' title='bbox 213 3444 265 3497; x_wconf 89' lang='lat' dir='ltr'><strong>tua</strong></span> <span class='ocrx_word' id='word_1_232' title='bbox 288 3443 472 3497; x_wconf 85' lang='lat' dir='ltr'><strong>marcescant</strong></span> <span class='ocrx_word' id='word_1_233' title='bbox 493 3451 549 3514; x_wconf 89' lang='lat' dir='ltr'><strong>per</strong></span> <span class='ocrx_word' id='word_1_234' title='bbox 571 3436 677 3496; x_wconf 91' lang='lat' dir='ltr'><strong>inertis</strong></span> <span class='ocrx_word' id='word_1_235' title='bbox 700 3437 758 3496; x_wconf 92' lang='lat' dir='ltr'><strong>otia</strong></span> <span class='ocrx_word' id='word_1_236' title='bbox 782 3454 921 3517; x_wconf 86' lang='lat' dir='ltr'><strong>somnos,</strong></span> 
     </span>
     <span class='ocr_line' id='line_1_37' title="bbox 191 3523 788 3586; baseline -0.002 0"><span class='ocrx_word' id='word_1_237' title='bbox 191 3523 303 3586; x_wconf 78' lang='lat' dir='ltr'><strong>Lucida</strong></span> <span class='ocrx_word' id='word_1_238' title='bbox 325 3524 423 3585; x_wconf 88' lang='lat' dir='ltr'><strong>Pieria</strong></span> <span class='ocrx_word' id='word_1_239' title='bbox 446 3523 543 3584; x_wconf 87' lang='lat' dir='ltr'><strong>tendis</strong></span> <span class='ocrx_word' id='word_1_240' title='bbox 566 3525 597 3583; x_wconf 91' lang='lat' dir='ltr'><strong>in</strong></span> <span class='ocrx_word' id='word_1_241' title='bbox 621 3532 700 3584; x_wconf 86' lang='lat' dir='ltr'><strong>astra</strong></span> <span class='ocrx_word' id='word_1_242' title='bbox 722 3526 788 3585; x_wconf 86' lang='lat' dir='ltr'><strong>via.</strong></span> 
     </span>
     <span class='ocr_line' id='line_1_38' title="bbox 146 3611 1066 3693; baseline 0.002 -19"><span class='ocrx_word' id='word_1_243' title='bbox 146 3611 227 3675; x_wconf 88' lang='lat' dir='ltr'><strong>llaec</strong></span> <span class='ocrx_word' id='word_1_244' title='bbox 250 3630 369 3693; x_wconf 89' lang='lat' dir='ltr'><strong>quoqne</strong></span> <span class='ocrx_word' id='word_1_245' title='bbox 392 3630 441 3674; x_wconf 93' lang='lat' dir='ltr'><strong>res</strong></span> <span class='ocrx_word' id='word_1_246' title='bbox 465 3611 575 3692; x_wconf 89' lang='lat' dir='ltr'><strong>aliquid</strong></span> <span class='ocrx_word' id='word_1_247' title='bbox 597 3621 698 3674; x_wconf 90' lang='lat' dir='ltr'><strong>tecum</strong></span> <span class='ocrx_word' id='word_1_248' title='bbox 716 3613 789 3675; x_wconf 89' lang='lat' dir='ltr'><strong>mihi</strong></span> <span class='ocrx_word' id='word_1_249' title='bbox 811 3614 940 3677; x_wconf 83' lang='lat' dir='ltr'><strong>foederis</strong></span> <span class='ocrx_word' id='word_1_250' title='bbox 964 3614 1066 3676; x_wconf 84' lang='lat' dir='ltr'><strong>offert.</strong></span> 
     </span>
     <span class='ocr_line' id='line_1_39' title="bbox 111 3720 906 3770; baseline 0.004 -3"><span class='ocrx_word' id='word_1_251' title='bbox 111 3722 193 3767; x_wconf 86' lang='lat' dir='ltr'><strong>cvm.</strong></span> <span class='ocrx_word' id='word_1_252' title='bbox 219 3722 265 3765; x_wconf 84' lang='lat' dir='ltr'><strong>m</strong></span> <span class='ocrx_word' id='word_1_253' title='bbox 873 3720 906 3770; x_wconf 89' lang='lat'><strong>11</strong></span> 
     </span>
    </p>
   </div>
   <div class='ocr_carea' id='block_1_3' title="bbox 0 0 1239 4042">
    <p class='ocr_par' dir='ltr' id='par_1_3' title="bbox 0 0 1239 4042">
     <span class='ocr_line' id='line_1_40' title="bbox 0 0 1239 4042; baseline 0 0"><span class='ocrx_word' id='word_1_254' title='bbox 0 0 1239 4042; x_wconf 95' lang='lat' dir='ltr'><strong> </strong></span> 
     </span>
    </p>
   </div>
  </div>
 </body>
</html>
