2467 4042
453 266 475 317 Ι,
493 268 643 318 1198—111
659 267 699 317 14.

204 426 244 488 Et
265 428 361 489 cecini
383 427 480 488 fausto
504 428 634 490 carmina
657 427 744 506 digna
766 435 850 490 toro:

95 528 145 577 135
161 515 253 577 Cuius
275 525 304 578 te
328 515 447 576 solitum
470 516 592 576 memini
615 515 734 577 laudare
756 514 871 577 libellos

204 602 368 683 Exceptis,
391 604 510 664 domino
533 604 587 682 qui
608 620 739 665 nocuere
763 621 837 665 suo:

161 690 215 752 Cui
238 699 290 753 tua
312 707 534 770 nonnumquam
557 693 678 753 miranti
701 694 811 771 scripta
834 690 969 771 legebas:

204 779 256 840 ille
279 797 356 859 ego,
378 779 416 840 de
439 788 538 841 vestra
560 781 610 840 cui
633 779 700 841 data
722 788 815 860 nupta
837 780 925 841 domo
948 787 1013 841 est.

160 866 242 928 Hane
264 866 371 947 probat
393 876 424 928 et
445 869 542 946 primo
566 866 703 928 dilectam
726 885 844 947 semper
866 867 903 928 ab
925 884 997 929 aevo

95 967 146 1017 140
204 953 259 1016 Est
280 957 360 1016 inter
383 957 507 1016 comites
530 953 639 1016 Mareia
662 973 752 1016 censa
775 972 860 1035 snas,

159 1043 252 1123 Inque
276 1045 339 1105 suis
361 1042 465 1104 habuit
487 1050 649 1105 matertera
671 1043 805 1104 Caesaris
828 1050 913 1105 ante:

203 1131 336 1203 Quarum
358 1131 470 1192 iudicio
493 1133 578 1211 siqua
600 1130 749 1210 probata,
770 1130 865 1209 proba
886 1137 950 1192 est.
1030 1184 1038 1197 ,

158 1219 225 1300 lpsa
248 1238 302 1281 sua
323 1219 430 1281 melior
453 1220 551 1299 sama,
573 1217 763 1280 laudantibus
786 1220 870 1298 istis,

203 1307 324 1368 Claudia
346 1307 446 1369 divina
468 1325 529 1368 non
552 1309 684 1387 eguisset
706 1324 779 1385 ope.

95 1406 144 1455 145
158 1392 219 1456 Nos
243 1412 361 1474 quoque
384 1397 561 1473 praeteritos
584 1397 648 1456 sine
671 1393 736 1456 labe
759 1397 929 1475 peregimus
951 1412 1062 1457 annos:

202 1481 342 1543 Proxima
364 1499 434 1560 pars
456 1485 533 1543 vitae
555 1483 748 1545 transilienda
770 1502 870 1545 meae.

160 1569 218 1631 Sed
242 1569 279 1631 de
302 1587 350 1630 me
373 1578 408 1631 ut
429 1570 532 1631 sileam
544 1616 554 1652 ‚
577 1573 706 1632 coniunx
729 1589 795 1632 mea
818 1573 934 1633 sarcina
957 1579 1054 1633 vestre

709 1667 773 1721 est:
1037 1672 1079 1723 (11)

204 1745 270 1807 Non
293 1755 378 1826 potes
400 1746 478 1809 hanc
501 1746 580 1809 salva
602 1747 788 1809 dissimulare
802 1747 887 1809 nde.

160 1833 301 1914 Confugit
322 1835 395 1896 haec
418 1836 455 1897 ad
477 1854 552 1916 vos,
574 1843 688 1898 vestras
711 1836 900 1916 amplectitur
917 1853 983 1898 aras
1002 1870 1034 1878 -

95 1933 145 1984 1⁶0
204 1922 273 1983 lure
296 1925 377 1984 venit
399 1923 495 1985 cultos
519 1924 555 1985 ad
579 1924 637 1985 sihi
660 1927 787 2004 quisque
810 1925 882 1986 deos
901 1957 935 1969 -

159 2010 307 2092 Fiensque
330 2020 415 2091 rogat
427 2060 436 2093 ,
459 2012 600 2092 precibus
622 2012 714 2074 lenito
738 2013 862 2075 Caesare
886 2015 1013 2093 vestris,

203 2098 294 2162 Busta
316 2102 365 2162 sui
386 2102 459 2162 flant
481 2108 516 2162 ut
536 2102 678 2180 propiora
700 2103 774 2164 viri.

539 2295 603 2368 ΙΠ.

158 2448 241 2513 Hanc
264 2450 319 2514 tibi
340 2451 418 2513 Naso
442 2461 512 2514 tuus
536 2456 649 2535 mittit,
670 2454 800 2535 Rufino,
823 2453 965 2516 salutem:

203 2538 261 2609 Qui
283 2541 376 2602 miser
398 2547 466 2622 est,
488 2540 542 2602 ulli
565 2544 591 2602 si
614 2560 688 2604 snus
710 2561 777 2604 esse
799 2550 915 2622 potest.

158 2627 284 2688 Reddita
307 2629 449 2689 confusae
471 2645 568 2708 nuper
591 2629 699 2693 solacia
721 2634 814 2693 menti

202 2715 353 2777 Auxilium
375 2719 487 2779 nostris
510 2736 653 2798 spemque
675 2719 771 2781 tulere
795 2719 896 2781 maiis.

127 2801 254 2883 5thue
277 2803 456 2867 Machaoniis
479 2804 639 2869 Poeantius
662 2808 776 2870 artibus
799 2808 888 2869 heros

201 2891 307 2955 Lenito
330 2893 476 2956 medicam
498 2894 621 2957 vnlnere
644 2898 739 2958 sensit
761 2915 865 2978 opem,

158 2980 208 3041 Sic
231 2998 286 3058 ego
301 2988 409 3043 ‘mente
431 2985 531 3043 iacens
554 2990 585 3044 et
607 2984 715 3045 acerbo
738 2986 857 3046 saucius
879 2985 943 3045 ictu

202 3068 362 3130 Admonitu
385 3072 471 3148 coepi
493 3070 599 3131 fortior
623 3090 688 3132 esse
711 3079 781 3134 tuo:

158 3153 196 3215 Et
218 3157 277 3216 iarn
299 3156 440 3218 deficiens
463 3158 507 3218 sic
530 3156 566 3217 ad
589 3165 640 3219 tua
662 3157 752 3220 verba
775 3161 868 3220 revixi
875 3204 885 3238 ,

93 3254 126 3304 lo
186 3241 224 3304 Ut
246 3242 323 3305 solet
345 3245 443 3306 infuso
466 3262 540 3305 vena
562 3244 662 3307 r'edire
685 3264 786 3308 mero.

156 3331 222 3394 Non
246 3340 343 3394 tamen
367 3332 501 3394 exhihuit
524 3340 620 3395 tantas
643 3334 780 3396 facundia
802 3336 897 3415 vires,

201 3421 240 3482 Ut
262 3440 328 3483 mea
350 3423 411 3484 sint
433 3421 522 3485 dictis
545 3431 666 3502 pectora
689 3425 860 3485 senatuis.

155 3507 195 3571 Ut
216 3509 343 3573 multum
365 3511 467 3572 demas
489 3518 608 3572 nostrae
632 3511 669 3572 de
692 3513 809 3591 gurgite
833 3529 940 3591 curae,

200 3598 267 3660 Non
288 3601 389 3662 minus
411 3600 555 3662 exhausto
578 3601 658 3679 quod
681 3598 856 3681 superabit,
878 3601 953 3661 erit.
