2467 4042
457 211 708 280 xil,1aa-aos.
811 226 926 264 omaus
1025 206 1090 274 243

160 381 241 445 (lum
263 382 308 442 sio
330 378 439 441 Nestor
461 378 525 440 alt:
547 370 659 437 ‘restro
682 375 740 436 fuit
761 375 869 436 [micus
892 392 962 436 aevo

86 484 145 535 1⁸10
162 469 360 549 Contemptor
383 467 457 529 ferri
476 463 621 543 nothoque
643 461 777 524 forabilis
799 464 861 524 ictu

161 558 307 638 Cygnus.
335 562 365 617 at
387 557 451 636 ipse
474 552 546 614 olim
567 553 731 633 patientem
748 550 871 614 vulnera
893 550 974 613 milla

162 646 299 727 Corpore
322 661 382 705 non
404 642 484 704 laeso
507 639 712 703 Perrhaebum
735 638 850 700 Caenea
870 638 950 721 vidi,

162 734 282 797 Caenea
303 729 528 812 Perrhaebum,
552 731 605 809 qui
627 729 713 790 faetIs
735 727 855 789 inclitus
879 726 995 807 Othryn

162 821 314 885 lncoluit.
343 837 461 900 quoque
483 817 515 880 id
537 820 649 879 mirum
670 818 764 896 magis
787 824 868 877 esset
888 818 920 877 in
942 815 1010 897 illo,

91 923 148 975 1⁷5
164 911 289 973 Femina
311 916 398 970 natus
418 915 483 969 erat
496 900 516 968 .'
543 907 672 968 monstri
693 906 823 967 nouitate
846 904 986 966 feruntur

164 1000 309 1078 Quisquis
324 996 424 1078 adest,
442 1002 604 1076 narretque
618 1001 746 1074 rogant.
765 1009 840 1073 quos
854 994 934 1054 inter
946 991 1092 1056 Achilles:

164 1084 232 1149 ‘llic
254 1104 330 1168 age,
352 1102 422 1147 nam
444 1084 560 1147 cunctis
584 1082 687 1145 eadem
710 1090 757 1145 est
779 1080 882 1143 audire
904 1080 1057 1164 voluntas,

164 1176 189 1238 0
215 1173 341 1237 facunde
365 1191 478 1254 senex,
500 1173 564 1234 aevi
586 1172 746 1252 prudentia
767 1172 881 1251 nostri,

165 1264 241 1336 Quis
265 1263 356 1326 fuerit
379 1260 535 1343 Caeneus,
558 1278 613 1322 eur
635 1263 668 1321 in
690 1260 840 1322 cornaria
862 1276 985 1342 versus3

94 1365 150 1416 rso
165 1352 234 1424 Qua
256 1350 312 1412 tibi
333 1349 459 1433 militia,
482 1351 568 1411 cuius
591 1350 754 1410 certamine
775 1365 893 1429 pugnae

165 1440 334 1520 Cognitus3
356 1457 373 1500 a
396 1456 456 1518 quo
479 1439 519 1500 sit
541 1439 661 1519 dctus,
683 1439 710 1498 si
732 1438 828 1498 victus
852 1435 888 1497 ab
911 1435 972 1498 ullo
995 1430 1070 1498 est?

165 1529 246 1590 'lum
268 1528 390 1589 senior:
414 1522 559 1605 ‘quamvis
582 1523 683 1587 obstet
703 1524 777 1587 mihi
798 1523 883 1586 tarda
904 1532 1054 1606 vetustas,

164 1615 317 1695 Multaque
340 1633 388 1676 me
412 1615 527 1695 fugiant
547 1616 654 1695 primis
676 1621 809 1694 spectata
831 1612 888 1675 sub
911 1615 1014 1695 annis,

164 1704 257 1765 Plura
278 1710 378 1765 nmen
400 1704 543 1765 memini.
571 1720 628 1764 nec
652 1720 727 1782 quae
750 1702 844 1781 magis
865 1699 988 1764 haereat
1008 1700 1077 1782 illa,

98 1805 154 1857 185
167 1792 297 1854 Pectore
319 1809 369 1854 res
392 1797 496 1853 nostro
520 1798 566 1852 est
588 1792 668 1852 inter
690 1788 820 1869 bellique
843 1788 983 1870 domique

165 1882 240 1943 Acta
262 1887 328 1942 tot.
356 1897 390 1941 ac
408 1881 526 1959 siquem
547 1880 647 1960 potuit
669 1880 798 1959 spatiosa
821 1887 961 1941 senectus

168 1969 375 2050 spectatorem
397 1985 523 2048 operum
545 1967 710 2028 multorum
732 1966 881 2050 reddere,
903 1968 962 2028 rixi

166 2058 269 2119 Annos
291 2056 338 2119 his
361 2064 504 2138 eentum;
526 2074 606 2118 nune
629 2057 719 2117 tertia
740 2057 850 2117 vivitur
872 2063 969 2118 aetas.

168 2146 254 2213 Clara
276 2144 384 2207 decore
408 2145 466 2206 fuit
486 2143 587 2225 proles
608 2142 723 2205 Elateia
745 2142 868 2224 Caenis,

104 2247 156 2298 1⁹0
170 2233 379 2296 Thessalidum
401 2234 485 2312 rirgo
507 2231 732 2314 pulcherrima,
752 2250 868 2312 perque
890 2232 1072 2313 propinquas

166 2322 286 2402 Perque
303 2326 371 2384 tuas
389 2320 481 2383 urbes
495 2353 537 2366 -
551 2319 607 2382 tibi
624 2322 705 2408 enim
717 2320 888 2402 popularis,
907 2319 1039 2404 Achille,
1051 2355 1088 2367 -

167 2411 332 2473 Multorum
354 2410 467 2472 frustra
489 2411 567 2470 votis
589 2416 689 2489 optata
711 2426 890 2489 procorum.

168 2498 357 2580 Tenptasset
377 2496 486 2559 Peleus
508 2496 653 2559 thalamm
677 2515 796 2578 quoque
819 2497 944 2558 forsitan
965 2497 1051 2582 illos,

169 2586 229 2649 Sed
250 2589 310 2649 iam
332 2593 384 2649 aut
407 2588 593 2667 contigerant
615 2585 659 2647 illi
682 2583 810 2647 conubia
831 2588 952 2668 matris,
1123 2659 1125 2665 ,

104 2687 155 2739 19⁵
169 2676 230 2737 dut
252 2676 371 2737 fuerant
391 2676 562 2756 promissa,
582 2682 674 2737 tuae.
702 2691 759 2736 neo
782 2672 888 2735 Caenis
910 2676 942 2736 in
964 2675 1041 2737 ullos

167 2763 314 2844 [denupsit
336 2762 501 2825 thalamos.
529 2770 704 2842 secretaque
727 2762 813 2824 litora
836 2780 962 2843 carpens

168 2853 318 2932 Aequorei
340 2854 399 2913 vim
421 2868 508 2932 passa
530 2851 579 2913 del
602 2859 671 2933 est;
693 2852 735 2912 ita
757 2851 833 2912 fama
856 2850 987 2913 ferebat.

167 2939 267 3021 thue
291 2958 382 3002 novae
405 2938 528 3001 Veneris
551 2938 708 3020 Neptunus
731 2939 837 3020 gaudia
860 2942 957 3021 cepit,

169 3025 261 3091 “sint
284 3036 335 3091 tua
357 3035 425 3090 rota
446 3023 528 3089 licet’
551 3027 627 3090 dixit
649 3023 766 3090 ‘secura
789 3027 944 3109 repulsae:

104 3131 155 3184 200
168 3117 270 3199 Elige,
288 3116 360 3197 quid
377 3134 485 3177 voveas
500 3110 531 3178 .'’
551 3116 654 3178 eadem
667 3115 725 3178 hoe
739 3134 858 3197 quoque
873 3118 949 3178 fama
962 3114 1094 3180 ferebat.

168 3200 342 3286 “magnum’
366 3204 472 3267 Caenis
495 3206 536 3266 ait
558 3200 642 3267 ‘facit
662 3204 737 3266 haec
758 3207 868 3266 iniuria
891 3212 1010 3287 votum,

170 3293 242 3356 'Pale
264 3296 326 3376 pati
349 3293 392 3356 nil
413 3311 502 3375 posse
514 3340 525 3374 ,
547 3293 642 3355 mihi.
670 3293 729 3375 da,
751 3294 861 3354 femina
883 3310 921 3354 ne
944 3295 1018 3375 sim,

169 3382 275 3446 Omnia
297 3383 483 3463 praestiteris
497 3376 529 3442 .''
556 3383 691 3462 graviore
713 3383 873 3443 ncnssima
896 3380 971 3443 dixit

168 3471 266 3534 Verba
288 3489 385 3555 sono,
407 3478 583 3551 poteratque
606 3471 663 3531 viri
684 3488 742 3531 vox
763 3468 812 3530 illa
835 3469 947 3553 videri3

104 3572 155 3626 aab
170 3560 255 3624 sicut
274 3568 358 3622 erat.
381 3576 450 3621 nam
468 3561 525 3620 iarn
544 3566 612 3621 voto
631 3558 705 3622 deus
724 3560 861 3639 aequoris
880 3560 931 3621 alti
966 3574 988 3613 r·
1001 3570 1090 3613 einer·

826 3660 881 3715 to*
