2467 4042
175 226 220 291 40
336 244 472 281 ocrnnnon
590 224 767 282 lfflTAMM.

264 391 366 470 'leque
388 409 425 453 ex
448 400 568 466 aeterno
591 392 752 470 patientem
776 393 897 454 numina
917 396 1021 456 mortis
1091 412 1124 451 f.
1140 410 1224 455 ura.

264 478 403 541 Efficient
415 527 424 561 ,
447 477 639 558 triplicesque
662 479 734 540 deae
757 487 808 541 tua
830 480 877 541 iila
899 482 1054 543 resolvent
1064 479 1088 545 .'

199 578 250 629 666
265 566 406 629 Restabat
427 567 495 629 latis
518 566 650 646 aliquid.
683 570 814 647 suspirat
836 568 872 628 ab
895 572 962 630 imis

263 655 461 737 Pectoribus,
483 654 680 734 lacrimaeque
702 658 787 735 genis
809 655 951 719 labuntur
973 658 1128 741 obortae,

264 745 359 823 atque
382 747 423 805 ita
446 739 660 823 ‘praevertunt'
684 745 781 823 inquit
803 740 862 805 ‘me
886 746 945 807 iata
957 794 967 826 ,
990 756 1153 828 vetorque

263 831 352 895 Plura
373 832 478 913 loqui,
500 834 641 911 vocisque
664 850 747 893 meae
769 832 973 912 praecluditur
995 853 1092 896 usus.

263 920 329 982 Non
352 922 470 982 fuerant
492 928 572 981 artes
594 922 692 1003 tanti,
710 938 786 1000 quae
809 924 944 984 numinis·
962 925 1036 984 iram

197 1019 249 1071 666
265 1008 445 1070 Contraxore
468 1008 562 1089 mibi3
585 1007 702 1070 mallem
725 1011 857 1071 nescisse
879 1011 997 1072 futura.

76 1095 81 1103 ’
263 1098 324 1159 lam
345 1097 419 1158 mibi
441 1096 567 1162 subduci
589 1097 681 1158 iacies
703 1097 832 1159 humana
853 1098 990 1178 videtur,

161 1220 166 1228 ·
263 1187 324 1247 lam
346 1185 431 1248 cibus
454 1185 547 1247 herba
568 1185 688 1267 placet,
710 1187 769 1246 iam
790 1185 858 1247 latis
881 1204 1005 1248 currere
1026 1192 1155 1269 campis

263 1274 395 1354 Impetus
417 1282 484 1335 est:
506 1277 538 1334 in
562 1291 669 1352 equam
691 1282 874 1353 cognataque
896 1292 1023 1354 corpora
1044 1286 1183 1339 vmtor.

262 1363 337 1423 Tota
359 1371 458 1423 tamen
482 1359 605 1441 quare?
627 1369 712 1441 pater
735 1370 782 1424 est
803 1362 996 1442 mihinempe
1019 1362 1172 1427 biformis
1184 1362 1210 1427 .’

196 1459 248 1511 666
263 1449 344 1513 Talia
367 1451 477 1512 dicenti
499 1468 568 1530 pars
591 1458 638 1511 est
660 1458 792 1512 extrema
814 1450 963 1530 querellae

263 1538 414 1600 Intellecta
437 1556 543 1618 parum
555 1586 565 1620 ,
588 1538 772 1618 confusaque
792 1537 884 1600 'verba
906 1540 1048 1601 fuerunt:

262 1627 331 1689 llox
352 1645 409 1688 nee
431 1625 522 1687 verba
536 1627 657 1706 quidem
669 1674 679 1708 ,
701 1644 758 1688 nee
771 1644 866 1706 equae
879 1645 971 1689 sonus
984 1627 1035 1689 ille
1048 1629 1206 1712 ridetur,

263 1714 322 1777 Sed
344 1714 510 1777 simulamis
533 1732 662 1794 equam:
684 1732 835 1794 parvoque
861 1717 893 1776 in
920 1722 1055 1795 tempore
1087 1727 1203 1780 certos

261 1803 362 1865 Edidit
382 1804 516 1865 hinnitus
539 1813 570 1865 et
591 1802 729 1866 bracchia
753 1805 844 1864 movit
864 1805 897 1864 in
919 1803 1046 1887 herbas,

195 1904 248 1953 ere
262 1892 339 1953 'lum
361 1892 445 1971 digiti
468 1897 577 1953 coeunt
599 1900 631 1953 et
652 1894 760 1971 quinos
782 1891 880 1970 alligat
902 1909 1018 1971 onmes

261 1979 410 2060 Perpetuo
433 1998 528 2041 cornu
546 1979 620 2041 levis
642 1979 783 2061 ungula,
797 1981 907 2042 erescit
928 1990 959 2040 et
981 1981 1044 2041 oris

247 2068 300 2129 lit
322 2068 391 2129 colli
412 2071 562 2149 spatium,
585 2067 689 2147 longae
711 2086 781 2147 pars
804 2069 929 2130 maxima
951 2067 1046 2148 pallae

262 2155 359 2219 Gauda
381 2157 436 2238 fit,
459 2164 552 2236 utque
574 2158 640 2234 vagi
663 2159 761 2217 crines
783 2174 838 2236 per
860 2155 934 2216 eolla
956 2156 1109 2239 iacebant,

131 2249 146 2260 “
261 2244 295 2307 ln
319 2239 440 2306 dextras
461 2243 562 2305 abiere
583 2244 692 2306 iubas:
714 2246 884 2324 pariterque
907 2254 1013 2306 novata
1035 2254 1083 2306 est

191 2343 243 2394 oto
257 2332 296 2394 llt
317 2351 375 2393 vox
397 2341 428 2395 et
450 2334 562 2402 iacies.
589 2350 699 2393 nomen
723 2349 842 2412 quoque
864 2340 997 2394 monstra
1019 2332 1151 2395 dedere.

305 2420 430 2504 Flebat,
452 2439 598 2501 opemque
622 2429 704 2482 tuam
726 2421 838 2481 frustra
855 2419 1022 2500 Philyreius
1044 2421 1156 2502 beros,

260 2509 422 2590 Delphice,
444 2508 607 2589 poscebat.
640 2526 708 2570 nam
730 2527 787 2570 nec
809 2508 981 2570 rescindere
1003 2512 1104 2589 magni

260 2596 343 2659 lussa
365 2597 442 2659 lovis
464 2605 606 2679 poteras,
628 2614 685 2658 nee
697 2643 707 2676 ,
730 2599 756 2658 si
778 2597 949 2659 rescindere
971 2615 1093 2677 posses,

262 2686 348 2748 Tune
370 2685 496 2747 aderas.
527 2684 595 2747 Elin
616 2685 823 2764 Messeniaque
845 2684 1071 2746 arra-colebas.

195 2786 246 2837 666
259 2774 336 2837 Illud
358 2782 423 2835 erat
445 2781 585 2856 tempus,
608 2791 667 2853 quo
690 2781 721 2834 tc
743 2774 874 2852 pastoria
895 2772 981 2853 pellis
1072 2788 1095 2827 r.
1110 2788 1187 2833 xxm.

259 2863 368 2942 Texit,
391 2880 526 2943 onusque
549 2863 607 2923 luit
629 2861 767 2923 baculum
791 2861 925 2923 silvestre
948 2863 1107 2944 sinistrae,

259 2945 389 3012 Alterius
411 2950 511 3030 dispar
533 2952 666 3029 septenis
688 2949 786 3011 fistula
809 2951 928 3011 cannis.

260 3040 396 3119 Dumque
419 3056 502 3101 amor
524 3048 571 3100 est
594 3031 707 3118 curae,
729 3038 800 3099 dum
823 3046 853 3099 te
874 3046 926 3098 tua
943 3037 1042 3099 fistula
1056 3038 1188 3124 mulcet,

209 3167 212 3174 -
259 3128 458 3190 Incustoditae
480 3125 579 3207 Pylios
602 3133 806 3188 memorantur
828 3128 859 3186 in
882 3143 968 3204 agros

193 3227 244 3279 666
258 3216 445 3278 Processisse
467 3214 579 3278 bores.
606 3215 687 3277 videt
707 3213 761 3275 bas
782 3212 930 3276 Atlantide
947 3212 1022 3277 nata
1075 3228 1100 3270 r.
1113 3229 1183 3270 mv.

265 3308 377 3388 Natus,
402 3311 432 3364 et
450 3313 513 3366 arte
536 3321 590 3365 sua
613 3302 695 3365 silvis
718 3301 848 3364 occultat
869 3300 1004 3364 abactas.

260 3391 402 3454 Senserat
420 3394 476 3453 hoe
500 3394 613 3453 lurtum
636 3408 745 3472 nemo,
767 3392 827 3452 nisi
848 3399 937 3452 notus
959 3391 991 3451 in
1012 3389 1086 3451 illo·

259 3481 340 3542 Rure
364 3497 477 3560 senex,
500 3479 620 3542 battum
642 3481 748 3540 vicinia
771 3487 833 3539 tota
855 3477 1013 3539 vocabant.
1100 3522 1106 3532 .

258 3567 362 3628 Divitis
377 3566 433 3627 bie
455 3567 547 3628 saltus
569 3565 758 3648 herbosaque
780 3584 889 3645 pascua
911 3564 995 3627 Nelei
