2467 4042
447 223 519 291 v11,
539 229 697 279 roc-aco.
788 242 921 279 emmim
1017 224 1077 290 147

151 389 206 451 llle
230 389 325 451 nihil.
354 390 445 451 tacito
468 389 674 451 tantummodo
697 390 775 451 victa
797 389 911 471 pudore

151 477 300 540 lusidiosa
321 477 398 539 malo
422 496 491 539 cum
514 479 640 558 coniuge
663 477 763 540 limina
787 479 880 559 lugit3

84 579 136 627 745
152 566 336 646 offensaque
358 568 418 627 mei
440 584 535 646 genus
558 584 646 627 omne
669 584 777 647 perosa
799 568 933 628 virorum

150 654 305 717 Montibus
328 653 469 735 errabat,
491 654 599 717 studiis
623 663 743 736 operata
765 654 892 717 Dianae.

150 743 232 804 Tum
254 741 328 804 mihi
350 742 470 804 deserto
494 743 651 805 violentior
673 745 751 823 ignis
774 742 810 804 ad
834 762 902 805 ossa

151 831 316 893 Pervenit.
344 830 464 892 orabam
487 833 602 893 veniam
625 839 656 893 et
677 849 817 912 peccasse
841 830 971 914 fatebar,

150 919 191 982 Et
214 921 348 1000 potuisse
372 919 448 981 datis
472 919 560 981 simili
582 919 780 982 succumbere
803 919 907 1002 culpae

82 1021 136 1070 roo
150 1008 199 1070 Me
224 1026 343 1087 quoque
366 1008 563 1089 muneribus,
587 1011 613 1069 si
636 1026 760 1070 mirnera
782 1016 864 1071 tanta
887 1007 1045 1071 darentur.

151 1096 235 1158 llaec
257 1096 330 1157 mihi
353 1097 514 1180 confesso,
535 1095 650 1158 laesum
672 1098 757 1178 prius
780 1096 842 1159 ulta
864 1097 1027 1179 pudorem,
1143 1110 1147 1118 ·

152 1184 323 1267 Redditur,
346 1192 376 1246 et
398 1184 501 1246 dulces
520 1185 709 1248 concorditer
732 1187 824 1265 exigit
846 1203 957 1247 annos.

151 1274 210 1335 liat
232 1271 305 1335 mihi
326 1281 482 1354 praeterea
494 1321 504 1356 ,
527 1283 678 1352 tamquam
701 1292 733 1335 se
756 1292 846 1354 parva
868 1274 999 1337 dedisset

151 1363 260 1443 Dona,
283 1380 387 1424 canem
410 1380 543 1445 munus,
566 1380 656 1442 quem
680 1380 749 1424 oum
771 1380 825 1424 sua
848 1362 980 1424 traderet
1001 1362 1043 1425 llll

82 1462 134 1512 2⁶5
153 1449 302 1532 Cynthia,
325 1444 499 1513 “currendo
522 1446 687 1531 superablt'
710 1451 826 1512 dixerat
849 1446 1005 1512 ‘omnes.''

151 1539 208 1601 liat
218 1538 307 1601 simul
321 1546 352 1600 et
364 1538 512 1620 iaculum,
526 1538 662 1602 manibus
678 1538 757 1620 quod
765 1586 775 1620 ,
790 1541 907 1621 cernis,
920 1537 1076 1602 habemus.

151 1628 287 1689 ilumeris
310 1627 433 1690 alterius
456 1646 532 1708 quaa
554 1630 595 1690 sit
616 1629 759 1709 fortuna,
782 1623 938 1707 requiris?

153 1717 265 1797 Accipe
288 1715 479 1797 mirandum;
501 1718 631 1778 novitate
654 1715 812 1778 movebere
836 1717 924 1778 iacti.

199 1803 337 1866 Carmina
359 1802 483 1866 Laiades
506 1822 567 1866 non
589 1804 740 1867 intellecta
761 1806 897 1886 priorum

80 1905 136 1956 too
152 1893 289 1954 Solverat
310 1894 461 1974 ingeniis,
484 1901 515 1954 et
536 1894 729 1974 praecipitata
751 1891 866 1955 iacebat

151 1982 303 2043 lnmemor
326 1979 482 2062 anabagum
505 1990 586 2043 vates
609 1981 737 2043 obscura
761 1999 900 2044 suarum.

81 2083 136 2133 '16³
151 2070 296 2132 Protinus
318 2068 421 2131 Aoniis
444 2071 605 2131 inmittitur
628 2069 720 2131 altera
742 2068 853 2131 Thebis

151 2159 274 2239 Pestis,
296 2166 328 2219 et
350 2160 440 2219 exitio
463 2157 550 2220 multi
570 2175 777 2239 pecorumque
800 2176 915 2238 suoquo

81 2258 136 2309 'loa
150 2247 323 2326 Rurigenae
344 2264 452 2326 pavere
475 2247 591 2308 leram.
618 2248 715 2308 vicina
736 2249 876 2308 iuventus

151 2334 297 2397 Venimus
319 2342 351 2396 et
372 2333 448 2396 latos
470 2334 608 2414 indagine
632 2336 780 2397 cinximus
803 2353 906 2414 agros.

151 2423 206 2485 llla
228 2422 286 2485 leri
308 2421 394 2484 velox
415 2421 576 2503 superabat
597 2425 674 2485 retia
697 2423 791 2506 saltu,

151 2513 336 2591 Summaque
359 2510 505 2573 mansitat
526 2514 692 2592 positarum
714 2511 774 2573 lina
796 2511 966 2592 plagarum.

149 2599 266 2682 Copula
289 2599 456 2663 demolitur
479 2598 625 2682 canibus,
648 2618 722 2680 quas
744 2600 793 2661 illa
816 2610 975 2682 sequentes

82 2703 136 2753 tro
151 2689 267 2769 Effugit
290 2697 321 2751 et
343 2688 434 2750 celeri
456 2706 518 2750 nou
540 2691 661 2768 segnior
684 2689 753 2751 aliie
775 2689 868 2751 ludit.

148 2779 266 2841 Poscor
288 2786 320 2839 et
341 2779 405 2858 ipse
428 2795 529 2839 meum
554 2795 703 2839 consensu
725 2775 850 2858 Laelapa
872 2796 995 2859 magno:

149 2866 286 2929 Muneris
308 2865 366 2928 hoc
388 2884 519 2928 nomen.
546 2866 710 2928 landudum
732 2865 848 2928 vincula
870 2877 983 2948 pugnat

148 2955 271 3018 Exuere
293 2957 357 3036 ipse
381 2953 439 3016 sibi
450 3002 461 3036 ,
484 2953 620 3035 colloque
643 2957 789 3016 morantia
812 2955 924 3017 tendit.

149 3044 207 3105 Vix
229 3042 306 3105 bene
324 3045 435 3105 missus
448 3052 535 3126 erat,
557 3061 613 3104 uec
628 3046 686 3105 iam
698 3052 893 3126 poteramus,
916 3044 968 3106 ubi
983 3055 1078 3125 esset,

81 3134 260 3195 cruscire:
282 3131 394 3212 pedum
416 3131 529 3194 calidus
551 3133 675 3212 vestigia
696 3132 793 3212 pulvis
816 3131 961 3215 habebat,

150 3222 220 3302 lpse
243 3219 338 3282 oculis
361 3228 484 3301 ereptus
507 3229 592 3282 erat.
621 3238 681 3282 non
704 3222 787 3282 ocior
810 3220 861 3282 illo

150 3309 244 3371 Hasta
265 3327 323 3371 neo
345 3317 452 3371 exutae
476 3316 612 3371 contorto
636 3307 761 3371 verbere
784 3308 924 3391 glandes,

150 3398 214 3460 Nec
237 3396 415 3477 Gortyniaco
438 3396 567 3460 calamus
590 3397 663 3459 levis
686 3400 748 3459 exit
769 3396 806 3458 ab
830 3416 919 3460 arcu.

151 3486 242 3549 Collis
267 3504 342 3567 apex
364 3485 455 3547 medii
477 3485 621 3548 subiectis
643 3488 780 3548 imminet
801 3488 897 3548 arvis:

83 3586 135 3639 tao
150 3575 253 3637 Tollor
277 3593 337 3657 eo,
360 3576 504 3656 capioque
527 3578 596 3636 nori
619 3574 787 3655 spectacula
811 3592 937 3655 cursus,

811 3674 864 3729 10*
