2467 4042
425 223 454 296 l,
475 221 675 288 cta-754.
1005 229 1063 295 187

106 382 206 456 Quod
219 379 348 454 remgit,
372 379 483 440 multae
498 377 646 453 cupiunt·
658 379 753 439 odere
768 380 851 454 quod
866 381 968 443 instat

156 465 275 527 Lenius
288 463 433 524 instando
449 464 550 524 taedia
565 464 638 523 tolle
653 470 704 524 tur.

105 551 179 612 Nec
193 562 322 624 semper
335 547 459 608 veneris
474 563 549 622 spes
564 554 612 606 est
629 547 801 621 profitenda
814 551 948 624 roganti:

35 641 93 698 7²⁰
155 634 252 695 Intret
264 633 417 694 amicitiae
432 633 554 691 nomine
569 638 668 691 tectus
683 648 778 693 amor.

107 720 182 780 Hoc
196 717 284 778 aditu
300 716 365 777 vidi
381 715 506 776 tetricae
522 717 592 775 data
606 715 703 775 verba
717 716 852 792 puellae=

158 802 215 877 Qui
231 802 333 864 luerat
347 802 460 873 cultor,
483 801 581 860 lactus
597 806 715 860 amator
728 807 802 859 erat.

108 886 274 947 Candidus
290 886 322 945 in
337 891 429 945 nauta
444 883 541 959 turpIs
556 884 651 945 color.
674 885 819 959 aequoris
834 886 917 945 unda

156 970 257 1033 Debet
271 976 304 1030 et
317 985 337 1028 a
350 968 447 1028 radiis
464 968 576 1027 sideris
591 982 664 1028 esse
679 968 780 1043 niger-2

39 1063 93 1119 ⁷25
104 1056 222 1130 Turpis
237 1062 269 1114 et
283 1053 453 1128 agricolae,
474 1053 526 1126 qui
542 1067 666 1112 vomere
681 1067 804 1127 semper
817 1053 938 1114 adunco

153 1139 192 1199 Et
205 1136 356 1214 gravibus
371 1137 479 1197 rastris
494 1135 551 1196 sub
567 1138 642 1196 love
660 1144 763 1196 versat
779 1136 913 1197 humum.

109 1223 150 1283 Et
163 1223 235 1295 tibi,
257 1221 416 1281 Palladiae
431 1221 542 1295 petitur
555 1220 604 1280 cui
621 1220 722 1295 palma
736 1235 879 1294 coronae,

155 1306 297 1367 candida
312 1305 341 1365 si
355 1305 466 1365 luerint
480 1319 628 1379 corpora,
649 1304 747 1379 turpis
762 1304 832 1364 eris.

107 1390 229 1451 Palleat
244 1389 347 1450 omnis
361 1404 478 1449 amans.
499 1387 549 1448 hic
564 1395 612 1448 est
626 1388 713 1449 color
727 1395 817 1464 aptus
832 1388 954 1450 amanti.

41 1481 95 1538 700
149 1475 221 1537 Hoc
235 1474 336 1533 decet.
358 1472 418 1532 hoc
433 1472 517 1534 multi
531 1489 593 1532 non
608 1471 745 1532 valuisse
759 1479 876 1548 putent.

108 1557 249 1620 Pallidus
265 1557 297 1617 in
311 1558 408 1617 linces
423 1555 510 1617 silvis
524 1557 647 1617 errabat
660 1556 755 1630 amen,
1020 1590 1051 1601 «-

153 1642 294 1703 Pallidus
312 1642 343 1700 in
359 1643 441 1701 lenta
455 1641 547 1701 naide
562 1640 700 1716 Daphnis
716 1649 790 1701 erat.

110 1728 233 1803 Arguat
246 1731 279 1786 et
291 1724 406 1786 macies
421 1725 565 1785 animum.
587 1740 645 1785 nec
660 1732 749 1800 turpe
763 1725 879 1802 putaris

151 1810 317 1872 Palliolum
332 1809 435 1871 nitidis
451 1809 631 1884 inposuisse
646 1810 753 1870 comis.

45 1902 96 1960 700
105 1895 279 1957 Attenuant
292 1894 437 1954 iuvenum
451 1893 595 1968 vigilatae
609 1908 743 1968 corpora
755 1902 864 1954 noctes

153 1980 300 2053 Curaque
314 1984 344 2038 et
358 1993 376 2036 e
390 1993 501 2052 magno
516 1978 570 2052 qui
585 1978 620 2037 lit
634 1993 753 2051 amore,
778 1978 878 2039 dolor.

109 2064 151 2126 Ut
163 2070 240 2124 voto
258 2061 376 2139 potiare
390 2069 459 2136 tuo,
478 2060 661 2122 miserabilis
673 2069 751 2135 esto,

151 2148 194 2209 Ut
209 2147 308 2222 quite
323 2145 440 2219 videat,
464 2145 567 2207 dicere
582 2146 683 2221 possit
697 2148 819 2206 ‘amas’

110 2233 309 2307 conquerar,
333 2246 371 2289 an
387 2244 529 2288 moneam
543 2230 669 2290 mixtum
684 2231 731 2291 las
748 2244 838 2291 omne
853 2230 1023 2305 nefasque?

48 2321 99 2379 tto
149 2316 272 2377 Nomen
287 2313 419 2374 amicitia
433 2321 494 2389 est,
517 2329 628 2374 nomen
644 2315 735 2374 inane
750 2315 841 2374 tides.

109 2399 146 2461 Εἰ
161 2399 252 2474 milri,
275 2413 337 2459 non
352 2405 447 2458 tutum
462 2408 523 2472 est,
547 2399 630 2473 quod
644 2414 745 2474 ames,
769 2399 895 2459 laudare
910 2399 1022 2458 sodali!

153 2484 231 2544 Cum
249 2481 303 2542 tibi
317 2483 453 2543 laudanti
468 2483 611 2558 credidit,
635 2484 705 2559 ipse
719 2483 809 2543 subit.

109 2569 152 2629 At
166 2582 230 2628 non
248 2567 412 2629 Actorides
428 2567 538 2627 lectum
553 2566 714 2628 temeravit
726 2567 866 2629 Achillis.

153 2652 307 2727 Quantum
324 2652 365 2711 ad
377 2650 557 2726 Pirithoum,
581 2652 721 2713 Phaedra
738 2653 850 2728 pudica
865 2652 929 2711 luit.

51 2742 96 2798 itt
107 2735 307 2797 Hermionam
321 2734 457 2814 Pylades
473 2752 535 2810 quo
549 2736 675 2796 Pallada
688 2736 847 2809 Phoebus,
870 2738 998 2808 amabat,

153 2818 308 2895 Quodque
321 2819 374 2879 tibi
389 2821 544 2895 geminuS,
565 2821 715 2900 Tyndari,
740 2821 862 2895 Castor,
886 2826 959 2880 erat.

109 2900 218 2981 Siquis
234 2903 315 2964 idem
330 2910 449 2978 sperat,
471 2906 604 2965 iacturas
620 2922 713 2982 poma
727 2906 860 2982 myricas

153 2986 280 3065 Speret,
301 2995 330 3048 et
345 3003 362 3048 e
377 2989 478 3049 medio
494 2988 621 3051 flumine
635 2991 724 3050 mella
740 2997 831 3065 petat.

111 3072 159 3132 ml
173 3071 234 3132 nisi
248 3079 337 3148 turpe
350 3073 442 3134 iuvat.
466 3088 559 3135 curae
574 3091 632 3135 sua
647 3076 759 3150 cuique
774 3075 927 3149 voluptas.

53 3160 97 3219 iio
150 3155 238 3218 Haec
252 3173 377 3232 quoque
393 3157 432 3217 ab
447 3159 571 3218 alterius
586 3166 673 3233 grata
687 3160 795 3220 dolore
809 3158 901 3218 venit.

111 3241 178 3300 Heu
195 3241 329 3302 lacinus!
353 3257 414 3302 non
430 3250 478 3303 est
493 3241 592 3303 bostis
608 3244 789 3303 metuendus
804 3242 925 3303 amanti.

153 3324 238 3400 Quos
253 3324 354 3385 credis
369 3325 466 3401 lidos,
487 3325 603 3402 effuge,
627 3333 707 3387 tutus
723 3327 793 3388 eris.
960 3388 962 3391 .

109 3407 280 3484 Cognatum
296 3409 482 3485 fratremque
496 3426 573 3471 cave
589 3427 757 3486 earumque
771 3414 925 3475 sodalem

150 3491 314 3554 Praebebit
326 3509 420 3556 veros
434 3495 511 3555 haec
524 3495 580 3555 tibi
594 3495 683 3555 turba
697 3503 805 3558 metus.
