2467 4042
428 253 469 323 ll,
490 251 604 315 356-
617 251 689 313 431.

170 404 237 464 Non
253 420 315 465 une
331 414 380 465 est
394 405 493 466 omnis
508 405 720 464 convenienda
735 406 815 464 locu.

58 498 112 552 ³95
123 489 165 549 El
179 490 322 563 quotiens
338 490 474 562 scribes,
494 496 574 550 totas
591 489 676 564 prius
693 489 761 563 ipse
779 489 906 551 tabellas

170 573 303 648 Inspice.
326 573 398 648 plus
416 574 542 644 multae,
561 589 653 648 quam
667 572 726 632 sibl
740 573 850 646 missa,
874 575 985 649 legunt

123 658 226 716 Laesa
240 658 349 717 Venus
364 657 445 717 iusta
460 672 544 715 arma
558 665 674 730 movet,
695 659 849 731 telumque
863 658 994 734 remittit,

168 741 220 814 Et,
240 741 334 800 modo
352 742 436 815 quod
454 748 563 815 questa
577 747 639 812 est,
662 740 731 816 ipsc
746 757 890 817 querare,
911 743 991 802 lacit.

122 826 204 884 Dum
220 824 274 883 luit
288 824 416 884 Atrides
431 840 491 885 una
506 832 682 898 contentus,
702 830 733 885 et
746 826 797 884 illa

59 920 112 971 luo
167 908 259 967 Casta
273 908 339 968 tull.
361 908 437 968 vitiu
452 916 501 968 est
516 909 654 984 impmba
669 908 750 968 lacta
766 908 830 969 viri.

120 991 275 1052 Audierat
289 993 470 1066 laurumque
484 1009 577 1053 manu
591 993 744 1067 vittasque
759 993 905 1053 ferentem

165 1075 225 1136 Pro
243 1083 315 1135 nata
330 1075 470 1154 Chrysen
487 1093 548 1136 non
563 1077 699 1137 valuisse
714 1092 785 1136 suar

120 1159 286 1229 Audierat,
307 1159 454 1235 Lyrnesi,
474 1169 561 1232 tuos,
584 1162 731 1233 abducta,
752 1161 887 1234 dolores,

165 1243 315 1318 Bellaque
333 1259 389 1318 per
403 1246 500 1321 turpis
516 1243 636 1320 longius
651 1247 716 1305 isse
730 1261 844 1305 moras.

58 1339 109 1392 ted
121 1327 207 1388 Haec
222 1333 325 1389 tamen
341 1328 489 1389 audierat.
519 1328 691 1389 Priameide
706 1329 824 1389 viderat
837 1330 951 1404 ipsam=

167 1414 276 1473 Victor
291 1421 358 1473 erat
372 1412 506 1487 praedae
522 1412 637 1489 praeda
653 1413 799 1488 pudenda
812 1429 896 1473 sune.

124 1498 200 1557 lnde
212 1496 424 1572 Thyestiaden
439 1497 540 1557 animo
554 1496 750 1572 thalamoque
765 1498 890 1572 recepit,

165 1581 204 1640 Et
219 1582 299 1640 male
315 1588 493 1656 peccantem
506 1580 659 1659 Tyndaris
678 1581 741 1641 ulta
755 1582 860 1641 virum.

123 1665 210 1739 Quae
226 1663 307 1724 hene
323 1664 448 1738 celaris,
467 1665 577 1739 siquae
592 1671 692 1725 lamen
708 1672 776 1724 acta
790 1666 945 1741 patebunt

60 1758 110 1811 llll
163 1749 234 1821 llla,
255 1748 327 1807 licet
341 1755 480 1823 pateant,
500 1752 534 1808 tu
550 1755 651 1808 tamen
666 1762 765 1824 usque
779 1764 867 1824 nega.

121 1833 198 1893 'llum
213 1848 315 1907 neque
330 1831 502 1905 subiectus,
525 1833 617 1893 solito
633 1847 690 1892 nec
704 1833 845 1893 blandior
859 1841 943 1894 estne

163 1917 250 1976 Haec
265 1915 358 1975 animi
371 1916 498 1976 mullum
513 1917 601 1991 signa
614 1917 754 1977 nocentis
771 1917 898 1978 hahent=

124 2000 188 2061 Sed
206 2001 293 2060 laterl
309 2015 349 2059 ne
365 2015 458 2076 parce
472 2007 533 2060 tuo.
557 2011 621 2076 pax
637 2001 736 2061 omnls
752 1999 782 2061 in
797 2018 860 2063 uno

165 2083 345 2144 concubitu.
367 2084 451 2158 prior
463 2092 512 2144 est
525 2084 684 2145 infitianda
697 2100 805 2146 venus.

62 2178 111 2230 tta
120 2167 212 2240 Sunt,
235 2167 289 2243 qui
306 2167 634 2243 praecipiantherbas,
655 2170 801 2243 satureia,
824 2171 962 2231 nocentis

164 2251 304 2312 Sumere.
328 2251 448 2313 iudicils
463 2252 521 2312 ista
535 2267 655 2312 venena
672 2254 759 2314 meis.

121 2337 184 2396 Ant
200 2336 289 2411 piper
302 2336 419 2396 urticae
434 2337 587 2398 mordacis
604 2337 722 2397 semine
734 2337 873 2410 miscent,

162 2420 310 2496 Tritaque
325 2421 354 2480 in
370 2436 488 2482 annoso
505 2420 588 2482 flava
602 2421 749 2497 pyrethra
762 2436 856 2481 mera

120 2503 185 2564 Sed
202 2504 263 2564 dea
277 2520 339 2564 non
355 2504 468 2580 patitur
481 2504 526 2565 sic
540 2505 580 2565 ad
595 2521 653 2566 sua
666 2505 778 2581 gaudia
792 2505 871 2580 cogi,

63 2597 110 2651 tto
162 2588 247 2649 colle
263 2587 321 2648 sub
337 2588 483 2650 umbroso
498 2605 589 2665 quam
603 2596 686 2650 tenet
699 2590 778 2650 altus
791 2590 885 2666 Eryx.

121 2672 295 2747 Candidus,
317 2671 458 2735 Alcathoi
476 2673 527 2750 qui
542 2674 666 2734 mittitur
679 2674 754 2734 urbe
766 2674 904 2748 Pelasga,

162 2756 298 2829 Bulbus,
321 2764 365 2831 et,
385 2772 425 2816 ex
440 2757 527 2818 horto
543 2774 623 2834 quae
638 2758 721 2818 venit
735 2757 830 2818 herba
844 2761 940 2830 salax,

121 2840 252 2915 Ovaque
266 2848 438 2914 sumantur,
460 2851 618 2903 sumantur
630 2842 783 2921 Hymettia
796 2843 894 2914 mella,

162 2925 312 3000 Quasque
324 2925 391 2985 tulit
409 2926 482 2985 lolio
497 2925 588 3001 pinus
602 2935 693 2987 acuta
707 2940 814 2987 nuces.

64 3017 229 3084 laricem,
254 3010 328 3085 quid
343 3010 382 3070 ad
397 3011 549 3085 magicas,
570 3011 679 3085 Erato,
702 3010 871 3071 deverteris
886 3020 987 3071 artest

161 3093 293 3153 lntcrior
307 3108 396 3154 curru
412 3103 491 3154 meta
505 3095 631 3155 terenda
647 3111 715 3157 meo
730 3102 787 3155 est.

119 3177 176 3252 Qui
191 3177 286 3237 modo
300 3179 423 3239 celabas
439 3179 553 3238 monitu
567 3187 618 3239 tua
633 3179 759 3239 crimina
772 3186 888 3253 nostru,

160 3261 266 3321 Flecte
282 3261 354 3333 iter,
375 3269 405 3322 et
417 3263 535 3325 monitu
549 3263 659 3339 detege
673 3265 752 3324 liuta
765 3278 846 3323 men.

119 3346 183 3405 Nec
197 3346 308 3405 levitas
324 3347 478 3422 culpanda
492 3363 560 3406 mea
574 3357 632 3408 est.
654 3363 716 3408 non
732 3362 855 3423 semper
866 3347 974 3407 eodem

68 3438 109 3491 et
162 3430 328 3505 impositos
344 3439 436 3490 vento
451 3430 555 3506 panda
569 3432 672 3491 carina
688 3431 778 3492 vehit.

119 3514 194 3573 llam
210 3514 305 3574 made
317 3512 457 3575 Threicio
471 3514 580 3583 berea,
605 3516 699 3575 modu
715 3513 862 3575 currimus
879 3532 961 3584 euro,
