2467 4042
187 230 249 295 132
403 248 491 284 usses
620 227 798 285 Murmur.

272 390 360 457 ‘Nox'
383 397 424 456 ait
445 389 571 456 ‘arcanis
593 393 756 477 fidissima,
779 413 915 476 quaeque
938 397 1045 459 diurnis

272 485 368 545 iurea
391 501 459 545 cum
481 482 551 545 luna
573 483 733 545 succeditis
755 483 874 564 ignibus
886 533 897 567 ,
919 494 1012 567 astra,

271 572 376 651 Tuque
399 573 510 653 triceps
532 569 665 654 Hecate,
688 589 763 651 quae
786 575 900 652 coeptis
918 575 1031 635 conscia
1052 574 1177 635 nostris

207 671 258 723 195
273 661 467 739 adiutrixque
489 662 572 721 venis
595 667 758 740 cantusque
781 664 914 741 artisque
936 679 1112 744 magorum,

271 750 412 827 Quaeque
435 766 558 831 magos,
581 747 704 831 Tellus,
726 748 906 829 pollentibus
928 752 1047 812 instruis
1067 749 1197 830 herbis,

271 841 427 916 duraeque
449 844 480 898 el
502 838 584 898 venti
604 846 781 915 montesque
803 855 965 918 amnesque
987 837 1155 919 lacusque,

271 926 366 1005 Dique
389 943 492 986 omnes
514 942 670 987 nemorum
682 973 692 1007 ,
714 925 804 1005 dique
827 944 930 987 omnes
952 929 1046 988 noctis
1068 925 1197 987 adeste:
1229 962 1231 979 ι

272 1015 407 1085 Quorum
429 1032 485 1093 ope
497 1060 507 1095 ,
529 1032 598 1075 cum
622 1014 700 1074 volui
712 1061 722 1095 ,
744 1015 818 1095 ripis
840 1014 1016 1077 mirantibus
1037 1032 1146 1077 amnes
1214 1031 1231 1115 p

207 1116 258 1166 200
272 1103 306 1164 ln
328 1104 425 1164 sontes
447 1101 565 1163 rediere
587 1120 680 1183 suos,
704 1120 907 1182 concussaque
930 1106 1021 1183 sisto,
1214 1120 1231 1185 p

272 1192 385 1254 Stantia
408 1190 545 1252 concutio
569 1197 658 1251 cantu
681 1190 777 1271 iscla,
800 1190 900 1253 nubila
922 1191 1001 1271 pello

271 1279 436 1359 Nubilaque
458 1277 589 1361 induco,
611 1286 716 1340 venus
738 1278 883 1358 abigoque
906 1297 1056 1361 vocoque,

271 1367 410 1448 Vipereos
433 1385 539 1448 rumpo
562 1365 661 1428 verbis
685 1374 716 1427 et
736 1369 867 1428 ommino
890 1366 1010 1450 lauces,

271 1455 400 1535 Vivaque
423 1473 492 1516 saxa
514 1473 567 1517 sua
591 1455 788 1534 convulsaque
811 1454 919 1516 robora
941 1462 1023 1517 terra
1203 1442 1231 1555 l*

206 1558 257 1608 205
271 1544 311 1607 Et
332 1543 419 1607 silvas
441 1561 568 1625 moveo,
588 1541 737 1622 iubeoque
760 1551 939 1605 tremescere
963 1553 1080 1606 montes
1205 1552 1231 1612 .i

270 1633 310 1695 Et
331 1635 446 1713 mamre
469 1631 587 1714 solum,
609 1649 770 1711 manesque
793 1634 874 1692 exire
896 1631 1080 1712 sepulchris.
1207 1658 1231 1722 „p

270 1721 314 1783 'ie
332 1738 473 1803 quoque,
495 1719 601 1801 Luna,
623 1719 709 1782 traho
722 1768 731 1801 ,
754 1721 886 1799 quamvis
899 1719 1061 1782 Temesaea
1073 1719 1231 1796 hboresioi

271 1811 347 1871 iera
368 1820 437 1871 tuos
463 1811 620 1871 minuant:
642 1826 750 1870 comus
779 1825 898 1887 quoque
924 1812 1057 1871 carmine
1085 1818 1184 1871 uonro
1194 1794 1225 1901 lai

270 1898 363 1961 Pallet
386 1900 453 1979 avi3
475 1897 564 1977 pallet
586 1899 698 1959 nostris
720 1896 834 1957 Aurora
857 1899 997 1958 venenis.
1218 1894 1231 1975 p

205 1999 257 2051 210
271 1985 329 2047 Vos
351 1985 424 2048 mibi
445 1994 600 2047 taurorum
623 1985 754 2046 llammas
776 1984 959 2067 hebetastis,
981 1995 1013 2046 et
1036 2003 1113 2048 unco
1194 1908 1230 2082 lg,

271 2076 420 2155 lnpatIens
442 2076 544 2135 oneris
566 2073 675 2135 collum
697 2074 850 2153 pressistis
872 2081 988 2134 metro.
1194 2106 1230 2159 ,qq

270 2163 328 2225 Vos
351 2163 567 2242 serpentigenis
588 2164 621 2222 iu
643 2180 676 2223 se
699 2163 762 2223 iera
784 2160 860 2223 bella
881 2160 1024 2243 dedistis,
1194 2186 1230 2249 qq,

271 2251 491 2330 Custodemque
512 2250 618 2312 rudem
641 2252 738 2311 somrd
760 2251 902 2332 sopistis,
924 2258 956 2311 et
976 2262 1096 2311 aurum
1202 2285 1230 2354 q„

271 2339 392 2402 Vindice
415 2338 541 2419 decepto
564 2337 666 2400 Graias
689 2339 812 2400 misistis
833 2340 865 2399 in
887 2336 994 2399 urbes.
1194 2365 1230 2430 ,g

205 2440 256 2490 alo
270 2428 357 2490 Nunc
379 2445 455 2508 opus
476 2435 524 2488 est
545 2429 648 2509 sucis,
669 2444 725 2506 per
747 2443 822 2506 quos
844 2434 983 2487 renovata
1006 2437 1144 2490 senectus
1192 2454 1230 2512 q,

271 2518 304 2578 ln
327 2516 431 2578 liorem
454 2514 577 2598 redeat,
599 2517 772 2595 primosque
794 2514 946 2595 recolligat
968 2532 1080 2577 anuos.
1194 2548 1230 2610 q,

271 2604 310 2667 Et
332 2603 460 2665 dabitis.
486 2621 584 2682 neque
607 2606 687 2663 enim
710 2605 880 2665 micuerunt
901 2602 999 2665 sidera
1022 2604 1134 2667 frustm
1141 2653 1149 2685 ,
1193 2590 1223 2695 12,

271 2692 332 2754 Nec
355 2693 467 2754 irustra
488 2692 643 2753 volucrum
665 2700 778 2753 tractus
801 2693 917 2753 cervice
939 2692 1103 2754 draconum
1192 2732 1201 2771 ι

271 2781 386 2843 Currus
408 2780 492 2842 adest
504 2775 525 2842 .’
552 2779 654 2841 aderat
675 2779 822 2842 demissus
844 2779 881 2841 ab
900 2774 1025 2842 'aethere
1048 2798 1165 2844 cunnos.

206 2883 257 2933 sao
272 2870 337 2942 Quo
360 2868 449 2929 simui
470 2867 626 2949 ascendit,
648 2868 820 2948 frenataque
842 2868 918 2929 colla
939 2868 1103 2930 dracosmm
1196 2910 1229 2971 Q,

270 2955 432 3020 Permulsit
443 3004 453 3040 ,
475 2955 671 3035 manibusque
692 2954 773 3017 leves
795 2957 915 3035 agitarit
935 2956 1084 3039 habenas,
1185 2980 1229 3064 g,

272 3045 413 3108 Sublimis
435 3047 572 3127 rapitur,
595 3043 787 3123 subiectaque
810 3042 951 3105 'l'bessala
972 3044 1086 3125 'iemps
1185 3076 1220 3147 g,

271 3134 417 3215 Dispicit,
440 3140 471 3194 et
492 3132 613 3195 Tricces
635 3131 808 3211 regionibus
830 3133 956 3212 applicat
978 3150 1107 3213 angues:
1186 3102 1229 3244 ,ηέ

271 3221 309 3284 lit
332 3239 405 3301 quas
428 3220 502 3283 Ossa
524 3221 593 3283 tollit
604 3270 614 3302 ,
637 3238 725 3300 quas·
732 3220 824 3283 altum
846 3220 949 3282 Pelion
971 3220 1098 3304 herbas,
1187 3260 1213 3324 g,

205 3322 257 3372 aas
272 3310 381 3389 Othrys
404 3327 477 3390 quas
499 3308 672 3388 Pindusque
695 3319 726 3370 et
747 3308 841 3370 Pindo
865 3310 958 3371 mmor
980 3308 1140 3392 Olympus,
1187 3319 1223 3412 ,l

270 3399 438 3480 Perspicit,
461 3405 492 3459 et
513 3398 636 3477 placitas
658 3396 889 3477 partim·radice
910 3396 1045 3479 revefflt,
1185 3380 1229 3447 ³⁸⁸

270 3485 383 3546 Partim
405 3484 532 3548 succidit
553 3487 724 3547 curvamine
746 3483 830 3547 iaicis
853 3490 959 3548 aenae.
1184 3554 1192 3571 ἢ

270 3572 362 3635 linita
384 3591 502 3652 quoque
526 3574 651 3653 Apidani
673 3575 851 3655 placuerunt
872 3577 1003 3656 granaiua
1026 3577 1100 3657 ripis
1184 3596 1189 3609 “
