<?xml version="1.0" encoding="UTF-8"?>
<!DOCTYPE html PUBLIC "-//W3C//DTD XHTML 1.0 Transitional//EN"
    "http://www.w3.org/TR/xhtml1/DTD/xhtml1-transitional.dtd">
<html xmlns="http://www.w3.org/1999/xhtml" xml:lang="en" lang="en">
 <head>
  <title>
</title>
<meta http-equiv="Content-Type" content="text/html;charset=utf-8" />
  <meta name='ocr-system' content='tesseract 3.04.00' />
  <meta name='ocr-capabilities' content='ocr_page ocr_carea ocr_par ocr_line ocrx_word'/>
</head>
<body>
  <div class='ocr_page' id='page_1' title='image "./povidiusnaso00ehwagoog_0093.png"; bbox 0 0 2467 4042; ppageno 0'>
   <div class='ocr_carea' id='block_1_1' title="bbox 327 277 646 353">
    <p class='ocr_par' dir='ltr' id='par_1_1' title="bbox 327 277 646 353">
     <span class='ocr_line' id='line_1_1' title="bbox 327 277 646 353; baseline -0.006 -13"><span class='ocrx_word' id='word_1_1' title='bbox 327 281 369 353; x_wconf 92' lang='lat' dir='ltr'>ll,</span> <span class='ocrx_word' id='word_1_2' title='bbox 386 277 421 343; x_wconf 84' lang='lat'>5.</span> <span class='ocrx_word' id='word_1_3' title='bbox 437 277 588 351; x_wconf 84' lang='lat'>50-6,</span> <span class='ocrx_word' id='word_1_4' title='bbox 603 277 646 339; x_wconf 77' lang='lat'>62</span> 
     </span>
    </p>
   </div>
   <div class='ocr_carea' id='block_1_2' title="bbox 21 430 985 3289">
    <p class='ocr_par' dir='ltr' id='par_1_2' title="bbox 21 430 985 3289">
     <span class='ocr_line' id='line_1_2' title="bbox 48 430 863 510; baseline -0.005 -14"><span class='ocrx_word' id='word_1_5' title='bbox 48 445 74 496; x_wconf 77' lang='lat' dir='ltr'>ab</span> <span class='ocrx_word' id='word_1_6' title='bbox 83 434 184 510; x_wconf 77' lang='lat' dir='ltr'>Raptus</span> <span class='ocrx_word' id='word_1_7' title='bbox 199 449 232 493; x_wconf 89' lang='lat' dir='ltr'>es</span> <span class='ocrx_word' id='word_1_8' title='bbox 246 431 373 492; x_wconf 87' lang='lat' dir='ltr'>invidia.</span> <span class='ocrx_word' id='word_1_9' title='bbox 404 447 466 491; x_wconf 91' lang='lat' dir='ltr'>non</span> <span class='ocrx_word' id='word_1_10' title='bbox 483 438 514 491; x_wconf 93' lang='lat' dir='ltr'>tu</span> <span class='ocrx_word' id='word_1_11' title='bbox 530 430 692 490; x_wconf 83' lang='lat' dir='ltr'>terebella</span> <span class='ocrx_word' id='word_1_12' title='bbox 706 431 863 492; x_wconf 78' lang='lat' dir='ltr'><strong>movebas.</strong></span> 
     </span>
     <span class='ocr_line' id='line_1_3' title="bbox 114 514 785 593; baseline -0.003 -18"><span class='ocrx_word' id='word_1_13' title='bbox 114 518 249 580; x_wconf 78' lang='lat' dir='ltr'><strong>Garrulus</strong></span> <span class='ocrx_word' id='word_1_14' title='bbox 264 523 296 576; x_wconf 90' lang='lat' dir='ltr'>et</span> <span class='ocrx_word' id='word_1_15' title='bbox 309 516 452 593; x_wconf 82' lang='lat' dir='ltr'>placidae</span> <span class='ocrx_word' id='word_1_16' title='bbox 466 514 554 591; x_wconf 82' lang='lat' dir='ltr'>pacis</span> <span class='ocrx_word' id='word_1_17' title='bbox 569 521 690 576; x_wconf 89' lang='lat' dir='ltr'>amator</span> <span class='ocrx_word' id='word_1_18' title='bbox 704 530 785 576; x_wconf 80' lang='lat' dir='ltr'>eras.</span> 
     </span>
     <span class='ocr_line' id='line_1_4' title="bbox 80 598 793 678; baseline -0.003 -16"><span class='ocrx_word' id='word_1_19' title='bbox 80 602 160 678; x_wconf 82' lang='lat' dir='ltr'>Ecce,</span> <span class='ocrx_word' id='word_1_20' title='bbox 180 598 355 663; x_wconf 88' lang='lat' dir='ltr'>coturnices</span> <span class='ocrx_word' id='word_1_21' title='bbox 371 600 449 659; x_wconf 85' lang='lat' dir='ltr'>inter</span> <span class='ocrx_word' id='word_1_22' title='bbox 463 616 522 660; x_wconf 93' lang='lat' dir='ltr'>sua</span> <span class='ocrx_word' id='word_1_23' title='bbox 536 599 657 674; x_wconf 88' lang='lat' dir='ltr'>proelia</span> <span class='ocrx_word' id='word_1_24' title='bbox 670 600 793 674; x_wconf 87' lang='lat' dir='ltr'>vivunt,</span> 
     </span>
     <span class='ocr_line' id='line_1_5' title="bbox 113 684 762 759; baseline -0.005 -14"><span class='ocrx_word' id='word_1_25' title='bbox 113 687 242 747; x_wconf 80' lang='lat' dir='ltr'><strong>Forsitan</strong></span> <span class='ocrx_word' id='word_1_26' title='bbox 257 692 289 745; x_wconf 88' lang='lat' dir='ltr'>et</span> <span class='ocrx_word' id='word_1_27' title='bbox 302 685 378 745; x_wconf 85' lang='lat' dir='ltr'>dant</span> <span class='ocrx_word' id='word_1_28' title='bbox 392 684 466 744; x_wconf 92' lang='lat' dir='ltr'>inde</span> <span class='ocrx_word' id='word_1_29' title='bbox 480 684 659 759; x_wconf 80' lang='lat' dir='ltr'>frequenter</span> <span class='ocrx_word' id='word_1_30' title='bbox 672 699 762 745; x_wconf 90' lang='lat' dir='ltr'>anus.</span> 
     </span>
     <span class='ocr_line' id='line_1_6' title="bbox 79 768 868 843; baseline -0.001 -13"><span class='ocrx_word' id='word_1_31' title='bbox 79 768 173 831; x_wconf 89' lang='lat' dir='ltr'>Plenus</span> <span class='ocrx_word' id='word_1_32' title='bbox 187 786 257 831; x_wconf 88' lang='lat' dir='ltr'>eras</span> <span class='ocrx_word' id='word_1_33' title='bbox 271 769 408 829; x_wconf 83' lang='lat' dir='ltr'>minimo.</span> <span class='ocrx_word' id='word_1_34' title='bbox 436 784 494 829; x_wconf 88' lang='lat' dir='ltr'>nec</span> <span class='ocrx_word' id='word_1_35' title='bbox 508 783 585 843; x_wconf 89' lang='lat' dir='ltr'>prae</span> <span class='ocrx_word' id='word_1_36' title='bbox 597 768 750 828; x_wconf 89' lang='lat' dir='ltr'>sermonis</span> <span class='ocrx_word' id='word_1_37' title='bbox 765 784 868 831; x_wconf 87' lang='lat' dir='ltr'>amore</span> 
     </span>
     <span class='ocr_line' id='line_1_7' title="bbox 54 852 727 928; baseline -0.001 -16"><span class='ocrx_word' id='word_1_38' title='bbox 54 863 76 912; x_wconf 80' lang='lat' dir='ltr'>tt</span> <span class='ocrx_word' id='word_1_39' title='bbox 115 855 146 914; x_wconf 92' lang='lat' dir='ltr'>ln</span> <span class='ocrx_word' id='word_1_40' title='bbox 158 856 266 915; x_wconf 87' lang='lat' dir='ltr'>multos</span> <span class='ocrx_word' id='word_1_41' title='bbox 282 860 409 928; x_wconf 84' lang='lat' dir='ltr'>poteras</span> <span class='ocrx_word' id='word_1_42' title='bbox 425 867 481 914; x_wconf 91' lang='lat' dir='ltr'>ora</span> <span class='ocrx_word' id='word_1_43' title='bbox 498 866 612 913; x_wconf 86' lang='lat' dir='ltr'>vacare</span> <span class='ocrx_word' id='word_1_44' title='bbox 630 852 727 912; x_wconf 88' lang='lat' dir='ltr'>eibos.</span> 
     </span>
     <span class='ocr_line' id='line_1_8' title="bbox 81 937 867 1012; baseline 0 -16"><span class='ocrx_word' id='word_1_45' title='bbox 81 937 137 999; x_wconf 87' lang='lat' dir='ltr'>llnx</span> <span class='ocrx_word' id='word_1_46' title='bbox 149 944 209 998; x_wconf 88' lang='lat' dir='ltr'>erat</span> <span class='ocrx_word' id='word_1_47' title='bbox 222 953 298 998; x_wconf 89' lang='lat' dir='ltr'>esca</span> <span class='ocrx_word' id='word_1_48' title='bbox 315 937 371 998; x_wconf 89' lang='lat' dir='ltr'>tibi</span> <span class='ocrx_word' id='word_1_49' title='bbox 385 952 563 1012; x_wconf 74' lang='lat' dir='ltr'><strong>causaeque</strong></span> <span class='ocrx_word' id='word_1_50' title='bbox 577 952 737 1012; x_wconf 89' lang='lat' dir='ltr'>papavera</span> <span class='ocrx_word' id='word_1_51' title='bbox 752 941 867 1004; x_wconf 87' lang='lat' dir='ltr'>somni,</span> 
     </span>
     <span class='ocr_line' id='line_1_9' title="bbox 114 1019 795 1097; baseline -0.001 -17"><span class='ocrx_word' id='word_1_52' title='bbox 114 1021 300 1097; x_wconf 79' lang='lat' dir='ltr'>Pellebatque</span> <span class='ocrx_word' id='word_1_53' title='bbox 314 1020 399 1081; x_wconf 87' lang='lat' dir='ltr'>sitim</span> <span class='ocrx_word' id='word_1_54' title='bbox 414 1019 564 1097; x_wconf 85' lang='lat' dir='ltr'>simplicis</span> <span class='ocrx_word' id='word_1_55' title='bbox 580 1036 671 1081; x_wconf 89' lang='lat' dir='ltr'>umor</span> <span class='ocrx_word' id='word_1_56' title='bbox 686 1037 795 1096; x_wconf 87' lang='lat' dir='ltr'>aquae.</span> 
     </span>
     <span class='ocr_line' id='line_1_10' title="bbox 81 1105 843 1183; baseline 0.003 -19"><span class='ocrx_word' id='word_1_57' title='bbox 81 1106 150 1165; x_wconf 89' lang='lat' dir='ltr'>Vivit</span> <span class='ocrx_word' id='word_1_58' title='bbox 162 1107 238 1167; x_wconf 88' lang='lat' dir='ltr'>edax</span> <span class='ocrx_word' id='word_1_59' title='bbox 252 1107 371 1179; x_wconf 88' lang='lat' dir='ltr'>vultur,</span> <span class='ocrx_word' id='word_1_60' title='bbox 392 1105 573 1181; x_wconf 74' lang='lat' dir='ltr'>ducensque</span> <span class='ocrx_word' id='word_1_61' title='bbox 587 1120 645 1180; x_wconf 89' lang='lat' dir='ltr'>per</span> <span class='ocrx_word' id='word_1_62' title='bbox 659 1108 731 1165; x_wconf 78' lang='lat' dir='ltr'>aera</span> <span class='ocrx_word' id='word_1_63' title='bbox 746 1121 843 1183; x_wconf 77' lang='lat' dir='ltr'>gyros</span> 
     </span>
     <span class='ocr_line' id='line_1_11' title="bbox 114 1189 837 1265; baseline -0.006 -16"><span class='ocrx_word' id='word_1_64' title='bbox 114 1189 227 1263; x_wconf 83' lang='lat' dir='ltr'>Miluus,</span> <span class='ocrx_word' id='word_1_65' title='bbox 251 1197 282 1250; x_wconf 93' lang='lat' dir='ltr'>et</span> <span class='ocrx_word' id='word_1_66' title='bbox 320 1190 422 1250; x_wconf 91' lang='lat' dir='ltr'>luviae</span> <span class='ocrx_word' id='word_1_67' title='bbox 439 1189 584 1264; x_wconf 82' lang='lat' dir='ltr'>graculus</span> <span class='ocrx_word' id='word_1_68' title='bbox 599 1197 710 1250; x_wconf 88' lang='lat' dir='ltr'>auctor</span> <span class='ocrx_word' id='word_1_69' title='bbox 724 1206 837 1265; x_wconf 79' lang='lat' dir='ltr'>aquae:</span> 
     </span>
     <span class='ocr_line' id='line_1_12' title="bbox 54 1272 795 1347; baseline 0.001 -14"><span class='ocrx_word' id='word_1_70' title='bbox 54 1273 153 1333; x_wconf 70' lang='lat' dir='ltr'>evivit</span> <span class='ocrx_word' id='word_1_71' title='bbox 165 1283 194 1335; x_wconf 87' lang='lat' dir='ltr'>et</span> <span class='ocrx_word' id='word_1_72' title='bbox 207 1275 281 1335; x_wconf 89' lang='lat' dir='ltr'>armi</span> <span class='ocrx_word' id='word_1_73' title='bbox 294 1289 368 1334; x_wconf 87' lang='lat' dir='ltr'>erae</span> <span class='ocrx_word' id='word_1_74' title='bbox 382 1273 490 1335; x_wconf 87' lang='lat' dir='ltr'>cornix</span> <span class='ocrx_word' id='word_1_75' title='bbox 505 1272 608 1334; x_wconf 86' lang='lat' dir='ltr'>invisa</span> <span class='ocrx_word' id='word_1_76' title='bbox 622 1272 795 1347; x_wconf 84' lang='lat' dir='ltr'>Minervae,</span> 
     </span>
     <span class='ocr_line' id='line_1_13' title="bbox 114 1357 801 1433; baseline 0 -17"><span class='ocrx_word' id='word_1_77' title='bbox 114 1358 161 1418; x_wconf 91' lang='lat' dir='ltr'>llla</span> <span class='ocrx_word' id='word_1_78' title='bbox 176 1357 298 1433; x_wconf 85' lang='lat' dir='ltr'>quidem</span> <span class='ocrx_word' id='word_1_79' title='bbox 318 1359 433 1424; x_wconf 81' lang='lat' dir='ltr'>saeclis</span> <span class='ocrx_word' id='word_1_80' title='bbox 449 1357 500 1417; x_wconf 91' lang='lat' dir='ltr'>vix</span> <span class='ocrx_word' id='word_1_81' title='bbox 515 1357 664 1418; x_wconf 89' lang='lat' dir='ltr'>moritura</span> <span class='ocrx_word' id='word_1_82' title='bbox 679 1374 801 1419; x_wconf 89' lang='lat' dir='ltr'>novem.</span> 
     </span>
     <span class='ocr_line' id='line_1_14' title="bbox 84 1440 807 1518; baseline 0.004 -18"><span class='ocrx_word' id='word_1_83' title='bbox 84 1440 182 1503; x_wconf 80' lang='lat' dir='ltr'>Occidit</span> <span class='ocrx_word' id='word_1_84' title='bbox 195 1443 244 1503; x_wconf 87' lang='lat' dir='ltr'>ille</span> <span class='ocrx_word' id='word_1_85' title='bbox 257 1445 389 1518; x_wconf 84' lang='lat' dir='ltr'>loquax,</span> <span class='ocrx_word' id='word_1_86' title='bbox 412 1442 569 1503; x_wconf 77' lang='lat' dir='ltr'>humanae</span> <span class='ocrx_word' id='word_1_87' title='bbox 583 1443 672 1503; x_wconf 92' lang='lat' dir='ltr'>vocis</span> <span class='ocrx_word' id='word_1_88' title='bbox 687 1443 807 1517; x_wconf 83' lang='lat' dir='ltr'>imago,</span> 
     </span>
     <span class='ocr_line' id='line_1_15' title="bbox 21 1525 833 1602; baseline 0.004 -19"><span class='ocrx_word' id='word_1_89' title='bbox 21 1530 22 1583; x_wconf 67' lang='grc' dir='ltr'>ζ</span> <span class='ocrx_word' id='word_1_90' title='bbox 115 1525 266 1602; x_wconf 77' lang='lat' dir='ltr'>Psittacus,</span> <span class='ocrx_word' id='word_1_91' title='bbox 287 1533 429 1589; x_wconf 84' lang='lat' dir='ltr'>extremo</span> <span class='ocrx_word' id='word_1_92' title='bbox 444 1543 556 1587; x_wconf 89' lang='lat' dir='ltr'>munus</span> <span class='ocrx_word' id='word_1_93' title='bbox 571 1525 610 1586; x_wconf 92' lang='lat' dir='ltr'>ab</span> <span class='ocrx_word' id='word_1_94' title='bbox 626 1525 702 1586; x_wconf 92' lang='lat' dir='ltr'>orbe</span> <span class='ocrx_word' id='word_1_95' title='bbox 720 1527 833 1588; x_wconf 87' lang='lat' dir='ltr'>datura.</span> 
     </span>
     <span class='ocr_line' id='line_1_16' title="bbox 21 1609 985 1686; baseline 0.003 -17"><span class='ocrx_word' id='word_1_96' title='bbox 21 1610 22 1619; x_wconf 78' lang='grc'>’</span> <span class='ocrx_word' id='word_1_97' title='bbox 96 1609 201 1685; x_wconf 84' lang='lat' dir='ltr'>Optima</span> <span class='ocrx_word' id='word_1_98' title='bbox 214 1609 311 1686; x_wconf 88' lang='lat' dir='ltr'>prima</span> <span class='ocrx_word' id='word_1_99' title='bbox 325 1610 391 1671; x_wconf 81' lang='lat' dir='ltr'>iere</span> <span class='ocrx_word' id='word_1_100' title='bbox 405 1610 546 1672; x_wconf 89' lang='lat' dir='ltr'>manibus</span> <span class='ocrx_word' id='word_1_101' title='bbox 562 1610 724 1685; x_wconf 85' lang='lat' dir='ltr'>rapiuntur</span> <span class='ocrx_word' id='word_1_102' title='bbox 738 1613 850 1672; x_wconf 88' lang='lat' dir='ltr'>avaris.</span> <span class='ocrx_word' id='word_1_103' title='bbox 961 1643 985 1658; x_wconf 89' lang='lat'>-</span> 
     </span>
     <span class='ocr_line' id='line_1_17' title="bbox 56 1693 683 1770; baseline 0.003 -19"><span class='ocrx_word' id='word_1_104' title='bbox 56 1701 80 1751; x_wconf 83' lang='lat' dir='ltr'>tt</span> <span class='ocrx_word' id='word_1_105' title='bbox 119 1694 271 1770; x_wconf 86' lang='lat' dir='ltr'>Implentur</span> <span class='ocrx_word' id='word_1_106' title='bbox 285 1695 422 1756; x_wconf 78' lang='lat' dir='ltr'>nuneris</span> <span class='ocrx_word' id='word_1_107' title='bbox 437 1693 592 1755; x_wconf 73' lang='lat' dir='ltr'>deteriora</span> <span class='ocrx_word' id='word_1_108' title='bbox 607 1695 683 1754; x_wconf 81' lang='lat' dir='ltr'>suis.</span> 
     </span>
     <span class='ocr_line' id='line_1_18' title="bbox 21 1774 776 1858; baseline -0.001 -23"><span class='ocrx_word' id='word_1_109' title='bbox 21 1782 22 1785; x_wconf 76' lang='grc'>’</span> <span class='ocrx_word' id='word_1_110' title='bbox 85 1774 175 1839; x_wconf 83' lang='lat' dir='ltr'>Tristia</span> <span class='ocrx_word' id='word_1_111' title='bbox 186 1778 372 1858; x_wconf 77' lang='lat' dir='ltr'>Phylacidae</span> <span class='ocrx_word' id='word_1_112' title='bbox 386 1779 544 1840; x_wconf 84' lang='lat' dir='ltr'>Thersites</span> <span class='ocrx_word' id='word_1_113' title='bbox 560 1779 669 1839; x_wconf 86' lang='lat' dir='ltr'>lunera</span> <span class='ocrx_word' id='word_1_114' title='bbox 686 1778 776 1838; x_wconf 68' lang='lat' dir='ltr'>vidite</span> 
     </span>
     <span class='ocr_line' id='line_1_19' title="bbox 117 1862 841 1938; baseline 0 -17"><span class='ocrx_word' id='word_1_115' title='bbox 117 1863 228 1938; x_wconf 88' lang='lat' dir='ltr'>lamque</span> <span class='ocrx_word' id='word_1_116' title='bbox 242 1862 335 1938; x_wconf 87' lang='lat' dir='ltr'>einis,</span> <span class='ocrx_word' id='word_1_117' title='bbox 358 1863 438 1924; x_wconf 85' lang='lat' dir='ltr'>vivis</span> <span class='ocrx_word' id='word_1_118' title='bbox 454 1863 614 1937; x_wconf 80' lang='lat' dir='ltr'>tratribus,</span> <span class='ocrx_word' id='word_1_119' title='bbox 637 1864 752 1924; x_wconf 85' lang='lat' dir='ltr'>Hector</span> <span class='ocrx_word' id='word_1_120' title='bbox 767 1870 841 1923; x_wconf 90' lang='lat' dir='ltr'>erat.</span> 
     </span>
     <span class='ocr_line' id='line_1_20' title="bbox 21 1943 848 2024; baseline 0.004 -19"><span class='ocrx_word' id='word_1_121' title='bbox 21 1984 22 2005; x_wconf 56' lang='lat' dir='ltr'>r</span> <span class='ocrx_word' id='word_1_122' title='bbox 86 1943 285 2017; x_wconf 65' lang='lat' dir='ltr'>Quaererem</span> <span class='ocrx_word' id='word_1_123' title='bbox 299 1947 424 2009; x_wconf 86' lang='lat' dir='ltr'>timidae</span> <span class='ocrx_word' id='word_1_124' title='bbox 439 1954 542 2024; x_wconf 89' lang='lat' dir='ltr'>prote</span> <span class='ocrx_word' id='word_1_125' title='bbox 557 1947 609 2023; x_wconf 86' lang='lat' dir='ltr'>pia</span> <span class='ocrx_word' id='word_1_126' title='bbox 626 1953 698 2007; x_wconf 89' lang='lat' dir='ltr'>vota</span> <span class='ocrx_word' id='word_1_127' title='bbox 711 1948 848 2022; x_wconf 86' lang='lat' dir='ltr'>puellae,</span> 
     </span>
     <span class='ocr_line' id='line_1_21' title="bbox 21 2030 761 2108; baseline 0.003 -19"><span class='ocrx_word' id='word_1_128' title='bbox 21 2030 23 2043; x_wconf 93' lang='lat'>&#39;</span> <span class='ocrx_word' id='word_1_129' title='bbox 118 2030 188 2091; x_wconf 83' lang='lat' dir='ltr'>Vota</span> <span class='ocrx_word' id='word_1_130' title='bbox 203 2034 375 2107; x_wconf 89' lang='lat' dir='ltr'>procelloso</span> <span class='ocrx_word' id='word_1_131' title='bbox 390 2048 448 2108; x_wconf 88' lang='lat' dir='ltr'>per</span> <span class='ocrx_word' id='word_1_132' title='bbox 461 2046 546 2093; x_wconf 88' lang='lat' dir='ltr'>rnare</span> <span class='ocrx_word' id='word_1_133' title='bbox 561 2039 651 2106; x_wconf 87' lang='lat' dir='ltr'>rapta</span> <span class='ocrx_word' id='word_1_134' title='bbox 665 2037 761 2092; x_wconf 80' lang='lat' dir='ltr'>notat</span> 
     </span>
     <span class='ocr_line' id='line_1_22' title="bbox 60 2110 891 2192; baseline 0.004 -20"><span class='ocrx_word' id='word_1_135' title='bbox 60 2110 204 2189; x_wconf 79' lang='lat' dir='ltr'>bSeptirna</span> <span class='ocrx_word' id='word_1_136' title='bbox 217 2117 268 2178; x_wconf 93' lang='lat' dir='ltr'>lux</span> <span class='ocrx_word' id='word_1_137' title='bbox 283 2116 408 2190; x_wconf 90' lang='lat' dir='ltr'>aderat,</span> <span class='ocrx_word' id='word_1_138' title='bbox 426 2131 488 2176; x_wconf 93' lang='lat' dir='ltr'>non</span> <span class='ocrx_word' id='word_1_139' title='bbox 505 2115 680 2176; x_wconf 85' lang='lat' dir='ltr'>exhibitura</span> <span class='ocrx_word' id='word_1_140' title='bbox 694 2123 891 2192; x_wconf 84' lang='lat' dir='ltr'>sequentem,</span> 
     </span>
     <span class='ocr_line' id='line_1_23' title="bbox 22 2197 727 2275; baseline -0.01 -10"><span class='ocrx_word' id='word_1_141' title='bbox 22 2224 24 2265; x_wconf 63' lang='lat' dir='ltr'>r</span> <span class='ocrx_word' id='word_1_142' title='bbox 81 2268 86 2275; x_wconf 17' lang='grc' dir='ltr'><em>Δ</em></span> <span class='ocrx_word' id='word_1_143' title='bbox 119 2197 255 2261; x_wconf 75' lang='lat' dir='ltr'>casanat</span> <span class='ocrx_word' id='word_1_144' title='bbox 269 2216 370 2262; x_wconf 88' lang='lat' dir='ltr'>vacuo</span> <span class='ocrx_word' id='word_1_145' title='bbox 385 2201 446 2261; x_wconf 89' lang='lat' dir='ltr'>iam</span> <span class='ocrx_word' id='word_1_146' title='bbox 464 2200 519 2261; x_wconf 88' lang='lat' dir='ltr'>tibi</span> <span class='ocrx_word' id='word_1_147' title='bbox 534 2200 632 2260; x_wconf 89' lang='lat' dir='ltr'>Parca</span> <span class='ocrx_word' id='word_1_148' title='bbox 647 2200 727 2260; x_wconf 90' lang='lat' dir='ltr'>colo.</span> 
     </span>
     <span class='ocr_line' id='line_1_24' title="bbox 88 2279 815 2360; baseline 0.004 -23"><span class='ocrx_word' id='word_1_149' title='bbox 88 2279 137 2341; x_wconf 85' lang='lat' dir='ltr'>llec</span> <span class='ocrx_word' id='word_1_150' title='bbox 149 2291 239 2344; x_wconf 86' lang='lat' dir='ltr'>tamen</span> <span class='ocrx_word' id='word_1_151' title='bbox 253 2285 368 2360; x_wconf 76' lang='lat' dir='ltr'>ignavo</span> <span class='ocrx_word' id='word_1_152' title='bbox 385 2291 570 2360; x_wconf 87' lang='lat' dir='ltr'>stupuerunt</span> <span class='ocrx_word' id='word_1_153' title='bbox 585 2283 681 2345; x_wconf 90' lang='lat' dir='ltr'>verba</span> <span class='ocrx_word' id='word_1_154' title='bbox 694 2285 815 2360; x_wconf 77' lang='lat' dir='ltr'>palato:</span> 
     </span>
     <span class='ocr_line' id='line_1_25' title="bbox 121 2365 817 2446; baseline 0.014 -23"><span class='ocrx_word' id='word_1_155' title='bbox 121 2365 252 2430; x_wconf 86' lang='lat' dir='ltr'>clamavit</span> <span class='ocrx_word' id='word_1_156' title='bbox 265 2369 402 2435; x_wconf 85' lang='lat' dir='ltr'>moriens</span> <span class='ocrx_word' id='word_1_157' title='bbox 416 2369 521 2446; x_wconf 71' lang='lat' dir='ltr'>lingua</span> <span class='ocrx_word' id='word_1_158' title='bbox 535 2368 697 2443; x_wconf 64' lang='lat' dir='ltr'>‘Corinna</span> <span class='ocrx_word' id='word_1_159' title='bbox 719 2368 817 2433; x_wconf 90' lang='lat' dir='ltr'>vale!&#39;</span> 
     </span>
     <span class='ocr_line' id='line_1_26' title="bbox 90 2447 814 2532; baseline 0.007 -24"><span class='ocrx_word' id='word_1_160' title='bbox 90 2447 156 2509; x_wconf 73' lang='lat' dir='ltr'>Colle</span> <span class='ocrx_word' id='word_1_161' title='bbox 168 2453 219 2513; x_wconf 91' lang='lat' dir='ltr'>sub</span> <span class='ocrx_word' id='word_1_162' title='bbox 233 2453 343 2532; x_wconf 78' lang='lat' dir='ltr'>Elysio</span> <span class='ocrx_word' id='word_1_163' title='bbox 359 2454 447 2529; x_wconf 77' lang='lat' dir='ltr'>nigra</span> <span class='ocrx_word' id='word_1_164' title='bbox 462 2469 571 2514; x_wconf 88' lang='lat' dir='ltr'>nemus</span> <span class='ocrx_word' id='word_1_165' title='bbox 587 2453 659 2514; x_wconf 88' lang='lat' dir='ltr'>ilice</span> <span class='ocrx_word' id='word_1_166' title='bbox 675 2453 814 2524; x_wconf 79' lang='lat' dir='ltr'>frondet,</span> 
     </span>
     <span class='ocr_line' id='line_1_27' title="bbox 61 2532 757 2613; baseline 0.009 -24"><span class='ocrx_word' id='word_1_167' title='bbox 61 2536 85 2589; x_wconf 77' lang='lat' dir='ltr'>a</span> <span class='ocrx_word' id='word_1_168' title='bbox 123 2532 237 2611; x_wconf 86' lang='lat' dir='ltr'>Udaque</span> <span class='ocrx_word' id='word_1_169' title='bbox 251 2544 405 2613; x_wconf 87' lang='lat' dir='ltr'>perpetuo</span> <span class='ocrx_word' id='word_1_170' title='bbox 421 2537 560 2613; x_wconf 77' lang='lat' dir='ltr'>gramine</span> <span class='ocrx_word' id='word_1_171' title='bbox 571 2544 654 2598; x_wconf 84' lang='lat' dir='ltr'>terra</span> <span class='ocrx_word' id='word_1_172' title='bbox 669 2537 757 2597; x_wconf 86' lang='lat' dir='ltr'>viret.</span> 
     </span>
     <span class='ocr_line' id='line_1_28' title="bbox 90 2613 884 2697; baseline 0.013 -25"><span class='ocrx_word' id='word_1_173' title='bbox 90 2613 166 2690; x_wconf 85' lang='lat' dir='ltr'>Siqua</span> <span class='ocrx_word' id='word_1_174' title='bbox 178 2620 252 2683; x_wconf 87' lang='lat' dir='ltr'>hdes</span> <span class='ocrx_word' id='word_1_175' title='bbox 270 2621 391 2697; x_wconf 84' lang='lat' dir='ltr'>dubiis,</span> <span class='ocrx_word' id='word_1_176' title='bbox 413 2623 573 2684; x_wconf 85' lang='lat' dir='ltr'>volucrum</span> <span class='ocrx_word' id='word_1_177' title='bbox 588 2622 678 2683; x_wconf 87' lang='lat' dir='ltr'>locus</span> <span class='ocrx_word' id='word_1_178' title='bbox 693 2623 744 2682; x_wconf 93' lang='lat' dir='ltr'>ille</span> <span class='ocrx_word' id='word_1_179' title='bbox 766 2622 884 2697; x_wconf 88' lang='lat' dir='ltr'>piarum</span> 
     </span>
     <span class='ocr_line' id='line_1_29' title="bbox 121 2699 807 2783; baseline 0.007 -24"><span class='ocrx_word' id='word_1_180' title='bbox 121 2699 233 2779; x_wconf 82' lang='lat' dir='ltr'>Dicitur,</span> <span class='ocrx_word' id='word_1_181' title='bbox 255 2706 413 2767; x_wconf 86' lang='lat' dir='ltr'>obscenae</span> <span class='ocrx_word' id='word_1_182' title='bbox 429 2723 491 2782; x_wconf 90' lang='lat' dir='ltr'>quo</span> <span class='ocrx_word' id='word_1_183' title='bbox 508 2706 710 2783; x_wconf 87' lang='lat' dir='ltr'>prohibentur</span> <span class='ocrx_word' id='word_1_184' title='bbox 721 2720 807 2766; x_wconf 88' lang='lat' dir='ltr'>aves.</span> 
     </span>
     <span class='ocr_line' id='line_1_30' title="bbox 90 2782 656 2867; baseline 0.021 -27"><span class='ocrx_word' id='word_1_185' title='bbox 90 2782 140 2844; x_wconf 89' lang='lat' dir='ltr'>lllic</span> <span class='ocrx_word' id='word_1_186' title='bbox 151 2786 263 2853; x_wconf 89' lang='lat' dir='ltr'>innocui</span> <span class='ocrx_word' id='word_1_187' title='bbox 274 2791 336 2852; x_wconf 90' lang='lat' dir='ltr'>late</span> <span class='ocrx_word' id='word_1_188' title='bbox 351 2799 521 2867; x_wconf 90' lang='lat' dir='ltr'>pascuntur</span> <span class='ocrx_word' id='word_1_189' title='bbox 538 2791 656 2866; x_wconf 86' lang='lat' dir='ltr'>olores,</span> 
     </span>
     <span class='ocr_line' id='line_1_31' title="bbox 121 2867 762 2951; baseline 0.008 -24"><span class='ocrx_word' id='word_1_190' title='bbox 121 2867 151 2929; x_wconf 87' lang='lat' dir='ltr'>llt</span> <span class='ocrx_word' id='word_1_191' title='bbox 163 2872 249 2935; x_wconf 83' lang='lat' dir='ltr'>vivax</span> <span class='ocrx_word' id='word_1_192' title='bbox 263 2874 416 2951; x_wconf 89' lang='lat' dir='ltr'>phoenix,</span> <span class='ocrx_word' id='word_1_193' title='bbox 439 2875 530 2937; x_wconf 90' lang='lat' dir='ltr'>unica</span> <span class='ocrx_word' id='word_1_194' title='bbox 545 2890 670 2951; x_wconf 89' lang='lat' dir='ltr'>semper</span> <span class='ocrx_word' id='word_1_195' title='bbox 685 2873 762 2936; x_wconf 91' lang='lat' dir='ltr'>avis.</span> 
     </span>
     <span class='ocr_line' id='line_1_32' title="bbox 64 2947 749 3035; baseline 0.012 -24"><span class='ocrx_word' id='word_1_196' title='bbox 64 2947 208 3028; x_wconf 77' lang='lat' dir='ltr'>elrpncat</span> <span class='ocrx_word' id='word_1_197' title='bbox 219 2957 289 3035; x_wconf 90' lang='lat' dir='ltr'>ipsa</span> <span class='ocrx_word' id='word_1_198' title='bbox 306 2975 381 3020; x_wconf 89' lang='lat' dir='ltr'>snas</span> <span class='ocrx_word' id='word_1_199' title='bbox 396 2962 462 3021; x_wconf 88' lang='lat' dir='ltr'>ales</span> <span class='ocrx_word' id='word_1_200' title='bbox 479 2958 608 3021; x_wconf 90' lang='lat' dir='ltr'>Iunonia</span> <span class='ocrx_word' id='word_1_201' title='bbox 624 2958 749 3035; x_wconf 90' lang='lat' dir='ltr'>pinnas,</span> 
     </span>
     <span class='ocr_line' id='line_1_33' title="bbox 122 3034 803 3132; baseline 0.007 -35"><span class='ocrx_word' id='word_1_202' title='bbox 122 3034 219 3132; x_wconf 70' lang='lat' dir='ltr'>becula</span> <span class='ocrx_word' id='word_1_203' title='bbox 232 3044 284 3104; x_wconf 89' lang='lat' dir='ltr'>dat</span> <span class='ocrx_word' id='word_1_204' title='bbox 301 3044 415 3119; x_wconf 91' lang='lat' dir='ltr'>cupido</span> <span class='ocrx_word' id='word_1_205' title='bbox 431 3044 545 3107; x_wconf 90' lang='lat' dir='ltr'>blanda</span> <span class='ocrx_word' id='word_1_206' title='bbox 562 3042 705 3105; x_wconf 87' lang='lat' dir='ltr'>columba</span> <span class='ocrx_word' id='word_1_207' title='bbox 718 3045 803 3104; x_wconf 90' lang='lat' dir='ltr'>rnari.</span> 
     </span>
     <span class='ocr_line' id='line_1_34' title="bbox 92 3114 792 3203; baseline 0.009 -20"><span class='ocrx_word' id='word_1_208' title='bbox 92 3114 214 3187; x_wconf 81' lang='lat' dir='ltr'>Pntacus</span> <span class='ocrx_word' id='word_1_209' title='bbox 227 3127 284 3189; x_wconf 90' lang='lat' dir='ltr'>has</span> <span class='ocrx_word' id='word_1_210' title='bbox 298 3130 378 3189; x_wconf 89' lang='lat' dir='ltr'>inter</span> <span class='ocrx_word' id='word_1_211' title='bbox 393 3128 541 3193; x_wconf 88' lang='lat' dir='ltr'>nemorali</span> <span class='ocrx_word' id='word_1_212' title='bbox 557 3129 634 3190; x_wconf 91' lang='lat' dir='ltr'>sede</span> <span class='ocrx_word' id='word_1_213' title='bbox 647 3134 792 3203; x_wconf 88' lang='lat' dir='ltr'>receptus</span> 
     </span>
     <span class='ocr_line' id='line_1_35' title="bbox 125 3203 745 3289; baseline 0.01 -23"><span class='ocrx_word' id='word_1_214' title='bbox 125 3203 260 3274; x_wconf 77' lang='lat' dir='ltr'>Convertit</span> <span class='ocrx_word' id='word_1_215' title='bbox 274 3214 419 3275; x_wconf 89' lang='lat' dir='ltr'>volucres</span> <span class='ocrx_word' id='word_1_216' title='bbox 436 3212 467 3275; x_wconf 93' lang='lat' dir='ltr'>in</span> <span class='ocrx_word' id='word_1_217' title='bbox 481 3231 539 3276; x_wconf 89' lang='lat' dir='ltr'>sua</span> <span class='ocrx_word' id='word_1_218' title='bbox 553 3212 651 3274; x_wconf 85' lang='lat' dir='ltr'>verba</span> <span class='ocrx_word' id='word_1_219' title='bbox 666 3212 745 3289; x_wconf 87' lang='lat' dir='ltr'>pias.</span> 
     </span>
    </p>
   </div>
   <div class='ocr_carea' id='block_1_3' title="bbox 65 3282 919 3627">
    <p class='ocr_par' dir='ltr' id='par_1_3' title="bbox 65 3282 919 3627">
     <span class='ocr_line' id='line_1_36' title="bbox 95 3282 919 3374; baseline 0.011 -29"><span class='ocrx_word' id='word_1_220' title='bbox 95 3282 157 3350; x_wconf 84' lang='lat' dir='ltr'>Orsa</span> <span class='ocrx_word' id='word_1_221' title='bbox 167 3293 233 3371; x_wconf 79' lang='lat' dir='ltr'>tegit</span> <span class='ocrx_word' id='word_1_222' title='bbox 247 3297 394 3373; x_wconf 87' lang='lat' dir='ltr'>tumulus,</span> <span class='ocrx_word' id='word_1_223' title='bbox 417 3301 551 3361; x_wconf 89' lang='lat' dir='ltr'>tumulus</span> <span class='ocrx_word' id='word_1_224' title='bbox 568 3313 626 3374; x_wconf 91' lang='lat' dir='ltr'>pro</span> <span class='ocrx_word' id='word_1_225' title='bbox 642 3312 774 3373; x_wconf 89' lang='lat' dir='ltr'>corpore</span> <span class='ocrx_word' id='word_1_226' title='bbox 789 3311 919 3371; x_wconf 78' lang='lat' dir='ltr'>magnus</span> 
     </span>
     <span class='ocr_line' id='line_1_37' title="bbox 65 3371 815 3460; baseline 0.007 -24"><span class='ocrx_word' id='word_1_227' title='bbox 65 3371 90 3427; x_wconf 80' lang='lat' dir='ltr'>ot</span> <span class='ocrx_word' id='word_1_228' title='bbox 129 3372 183 3446; x_wconf 78' lang='lat' dir='ltr'>Quo</span> <span class='ocrx_word' id='word_1_229' title='bbox 196 3380 270 3457; x_wconf 89' lang='lat' dir='ltr'>lapis</span> <span class='ocrx_word' id='word_1_230' title='bbox 289 3382 420 3460; x_wconf 81' lang='lat' dir='ltr'>exiguus</span> <span class='ocrx_word' id='word_1_231' title='bbox 435 3400 493 3460; x_wconf 92' lang='lat' dir='ltr'>par</span> <span class='ocrx_word' id='word_1_232' title='bbox 507 3382 567 3445; x_wconf 90' lang='lat' dir='ltr'>sibl</span> <span class='ocrx_word' id='word_1_233' title='bbox 584 3397 707 3443; x_wconf 85' lang='lat' dir='ltr'>carmen</span> <span class='ocrx_word' id='word_1_234' title='bbox 721 3381 815 3442; x_wconf 89' lang='lat' dir='ltr'>habet</span> 
     </span>
     <span class='ocr_line' id='line_1_38' title="bbox 94 3453 874 3544; baseline 0.015 -31"><span class='ocrx_word' id='word_1_235' title='bbox 94 3453 214 3534; x_wconf 77' lang='lat' dir='ltr'>‘Colligor</span> <span class='ocrx_word' id='word_1_236' title='bbox 228 3481 266 3526; x_wconf 87' lang='lat' dir='ltr'>ex</span> <span class='ocrx_word' id='word_1_237' title='bbox 280 3464 351 3543; x_wconf 86' lang='lat' dir='ltr'>ipso</span> <span class='ocrx_word' id='word_1_238' title='bbox 368 3467 511 3529; x_wconf 87' lang='lat' dir='ltr'>dominae</span> <span class='ocrx_word' id='word_1_239' title='bbox 524 3468 683 3544; x_wconf 88' lang='lat' dir='ltr'>placuisse</span> <span class='ocrx_word' id='word_1_240' title='bbox 699 3465 874 3542; x_wconf 84' lang='lat' dir='ltr'>sepulchro.</span> 
     </span>
     <span class='ocr_line' id='line_1_39' title="bbox 130 3537 771 3627; baseline 0.011 -24"><span class='ocrx_word' id='word_1_241' title='bbox 130 3537 179 3603; x_wconf 78' lang='lat' dir='ltr'>Ora</span> <span class='ocrx_word' id='word_1_242' title='bbox 190 3546 269 3611; x_wconf 89' lang='lat' dir='ltr'>luere</span> <span class='ocrx_word' id='word_1_243' title='bbox 285 3551 359 3612; x_wconf 90' lang='lat' dir='ltr'>rnihi</span> <span class='ocrx_word' id='word_1_244' title='bbox 374 3552 445 3626; x_wconf 87' lang='lat' dir='ltr'>plus</span> <span class='ocrx_word' id='word_1_245' title='bbox 459 3569 517 3614; x_wconf 89' lang='lat' dir='ltr'>ave</span> <span class='ocrx_word' id='word_1_246' title='bbox 532 3554 624 3615; x_wconf 88' lang='lat' dir='ltr'>docta</span> <span class='ocrx_word' id='word_1_247' title='bbox 639 3546 771 3627; x_wconf 79' lang='lat' dir='ltr'>loqui.’‘</span> 
     </span>
    </p>
   </div>
   <div class='ocr_carea' id='block_1_4' title="bbox 0 0 1238 4042">
    <p class='ocr_par' dir='ltr' id='par_1_4' title="bbox 0 0 1238 4042">
     <span class='ocr_line' id='line_1_40' title="bbox 0 0 1238 4042; baseline 0 0"><span class='ocrx_word' id='word_1_248' title='bbox 0 0 1238 4042; x_wconf 95' lang='lat' dir='ltr'> </span> 
     </span>
    </p>
   </div>
  </div>
 </body>
</html>
