2467 4042
449 175 495 243 V,
514 180 673 230 err-ctu.
768 194 905 231 uernum
969 177 1066 255 *105

163 343 209 404 Soi
230 349 288 404 erat
308 361 325 402 a
347 352 454 421 tergo:
477 341 536 402 ridi
558 340 738 420 praecedere
760 340 877 420 longam

90 445 148 491 615
161 433 228 492 Ante
247 427 334 511 pedes
356 430 493 492 umbram
517 461 558 474 -
582 430 640 490 nisi
663 432 689 490 si
711 431 800 491 timor
822 429 871 491 illa
894 429 1010 491 videhat
1026 462 1064 476 -·

161 519 214 580 Sed
234 528 312 581 certe
335 520 512 597 sonitusque
533 517 644 598 pedum
667 516 819 599 terrebat,
844 526 874 578 et
895 520 1000 598 ingens

160 606 279 668 Grinales
300 609 387 668 vittas
411 605 529 667 afflabat
550 605 697 669 anhelitus
720 605 798 667 onis.

159 693 239 756 Fessa
263 694 362 757 labore
389 696 477 773 fugae
505 688 599 756 ‘mter
625 711 739 775 opem,
766 693 977 773 deprendimur
989 690 1010 777 ‚’

933 802 964 844 m
987 802 1053 846 nam

160 867 350 954 ‘Armigerae,
373 871 540 952 Dictynna,
563 880 632 933 tuae
644 918 654 954 ,
677 873 726 933 otti
749 887 836 951 saepe
860 802 985 933 dedistiq
1058 832 1068 866 '

88 971 146 1021 oro
157 960 240 1021 Ferre
260 970 328 1022 tuos
352 978 440 1023 arcus
462 959 636 1038 inclusaque
658 959 717 1022 tela
739 958 879 1040 pharetra
888 954 943 1020 .''''

158 1047 229 1109 diota
250 1050 303 1110 dea
326 1058 395 1128 est,
417 1050 583 1127 spissisque
605 1048 706 1110 ferens
729 1066 746 1108 e
768 1046 899 1110 uuhihus
922 1066 1010 1109 unam

155 1135 198 1198 die
218 1155 306 1217 super
327 1138 453 1198 iniecit.
480 1135 588 1197 lustrat
609 1135 734 1215 caligine
756 1142 887 1216 tectum,

156 1223 263 1300 [hinnis
274 1272 284 1307 ,
307 1234 338 1286 et
359 1227 482 1304 ignarus
505 1225 618 1286 choum
641 1241 711 1287 cara
733 1222 834 1285 nubila
857 1227 973 1303 quaerit
982 1222 1004 1301 ε]

122 1311 255 1391 ·‹³Bisque
277 1313 399 1392 iocum,
422 1329 481 1391 quo
500 1330 547 1373 mc
571 1313 626 1373 dea
648 1320 764 1373 texerat
775 1358 785 1393 ,
807 1313 919 1373 inscius
942 1312 1033 1376 ambit
1040 1360 1050 1394 ‚

89 1412 140 1459 625
155 1399 191 1460 Et
210 1400 253 1462 his
276 1395 354 1461 ““io
377 1399 546 1479 Arethusa,
568 1402 598 1461 in
621 1399 769 1461 Arethusa
782 1394 838 1461 i''”
861 1403 991 1462 vocavit.

155 1488 226 1558 Ouid
251 1488 323 1549 mihi
350 1497 423 1549 tnnc
450 1490 540 1549 animi
567 1489 694 1550 miserae
722 1484 814 1549 tuit?
841 1505 917 1549 anne
944 1488 1024 1567 quod

891 1593 981 1655 agnae
1004 1584 1068 1657 est,

154 1665 238 1744 Siqua
260 1665 346 1745 lupos
369 1663 452 1727 audit
475 1667 588 1726 choum
611 1663 726 1727 stabula
748 1664 806 1726 alta
828 1661 1015 1727 frementes?

151 1754 207 1813 Aut
226 1753 342 1836 lepori,
365 1754 418 1833 qui
439 1770 530 1833 vepre
551 1751 647 1815 latens
669 1751 786 1815 hostilia
805 1755 902 1815 cernit

152 1840 207 1902 Ora
228 1845 334 1903 eandm
346 1887 356 1923 ,
378 1840 536 1921 nullosque
559 1840 648 1903 audet
670 1841 741 1903 dare
764 1859 890 1921 corpore
912 1837 1036 1902 motus?

88 1941 137 1991 ⁶30
150 1928 212 1990 Non
233 1938 333 1991 tamen
355 1927 510 2010 abscedit3
532 1945 629 2008 neque
653 1931 732 1991 enim
755 1931 877 2008 vestigia
899 1931 996 1990 cernit

150 2017 276 2097 Longius
298 2016 358 2078 ulia
380 2016 513 2096 pedum:
535 2025 634 2078 servat
655 2016 825 2096 nubemque
848 2017 1022 2095 iocumque.

150 2104 280 2186 Occupat
301 2104 440 2166 obsessos
463 2104 555 2166 sudor
577 2104 650 2167 mihi
672 2105 798 2185 frigidus
820 2114 921 2184 artus,

150 2193 365 2272 Caeruleaeque
388 2192 498 2254 cadunt
519 2201 582 2254 toto
605 2193 642 2254 de
666 2211 792 2272 corpore
814 2201 933 2274 guttae:

149 2282 270 2362 Quaque
291 2281 398 2360 pedem
421 2284 521 2362 mori,
544 2280 768 2363 masselacus,
791 2300 867 2362 eque
891 2281 1003 2361 capsslis

91 2369 206 2432 ratitos
228 2369 329 2451 oedit3
352 2377 384 2431 et
406 2371 494 2431 citius
506 2416 516 2450 ‚
539 2387 628 2448 qnam
650 2388 731 2432 nunc
748 2368 803 2432 tihi
825 2371 902 2433 sacta
923 2387 1067 2451 renarro,

148 2456 180 2519 in
201 2458 305 2520 latices
326 2465 449 2520 mutor.
476 2458 627 2520 sedenim
649 2460 803 2537 cognoscit
824 2466 934 2519 amatas
974 2470 1066 2512 1-1111.

149 2549 248 2608 Amnis
275 2563 388 2627 aquas,
410 2546 568 2625 positoque
594 2548 651 2607 viri
663 2594 672 2628 ‚
696 2546 775 2624 quod
803 2556 990 2626 sumpserat,
1014 2563 1066 2607 cre

150 2632 279 2697 Vertitur
300 2635 333 2695 in
355 2636 515 2717 proprias,
536 2641 571 2695 ut
593 2652 626 2694 se
649 2634 721 2695 mihi
743 2635 887 2716 misceat,
910 2633 1021 2696 undas.

147 2721 226 2784 Delia
248 2723 331 2801 rupit
352 2721 476 2784 murum
488 2769 498 2803 ,
521 2724 676 2801 caecisque
700 2739 754 2801 ego
776 2739 875 2783 mersa
897 2724 1030 2782 cavernis

94 2817 138 2870 640
149 2809 282 2871 Advehor
306 2808 479 2891 Ortygiam,
502 2827 576 2889 quae
600 2828 670 2891 me,
693 2811 868 2890 cognomine
885 2811 968 2871 divae

148 2897 235 2960 Grata
257 2914 341 2960 meae
353 2945 363 2980 ‚
385 2915 509 2978 superas
532 2898 635 2959 eduxit
656 2899 751 2977 prima
774 2898 830 2960 suh
849 2892 990 2960 auras.”'

188 2985 251 3048 Hac
272 2985 420 3048 Arethusa
441 2993 552 3048 tenus.
579 2988 713 3064 geminos
736 2986 790 3047 dea
813 2986 918 3046 fertilis
941 3003 1052 3066 angues
1148 3017 1156 3026 -

149 3073 291 3136 Curribus
314 3074 463 3155 admovit,
485 3074 638 3153 frenisque
660 3076 793 3135 coercuit
815 3092 885 3157 ora,

148 3159 184 3223 Et
205 3162 335 3223 medium
358 3161 432 3223 caeli
454 3171 612 3240 terraeque
635 3180 690 3242 per
712 3168 780 3224 adra
803 3171 886 3223 vecta
909 3170 956 3222 est

95 3253 137 3306 tea
148 3249 240 3329 Atque
262 3249 358 3311 ierem
380 3267 503 3310 currum
525 3249 680 3310 Tritonida
702 3252 783 3311 misit
804 3251 835 3310 in
858 3249 963 3311 urbem

149 3335 350 3418 Triptolemo:
371 3339 539 3417 partimque
561 3336 631 3399 rudi
653 3338 720 3400 deta
742 3340 855 3399 semina
877 3339 964 3399 iussit

151 3423 293 3504 Spargere
315 3425 429 3506 huno,
450 3428 560 3505 partim
582 3434 651 3505 post
668 3434 802 3505 tempora
815 3425 902 3505 longa
916 3425 1067 3488 recultae.

150 3509 208 3575 iarn
228 3530 320 3596 snper
341 3511 482 3596 Europen
506 3513 640 3576 sublimis
663 3522 694 3576 et
716 3514 804 3576 Asida
826 3523 937 3579 terram
