<?xml version="1.0" encoding="UTF-8"?>
<!DOCTYPE html PUBLIC "-//W3C//DTD XHTML 1.0 Transitional//EN"
    "http://www.w3.org/TR/xhtml1/DTD/xhtml1-transitional.dtd">
<html xmlns="http://www.w3.org/1999/xhtml" xml:lang="en" lang="en">
 <head>
  <title>
</title>
<meta http-equiv="Content-Type" content="text/html;charset=utf-8" />
  <meta name='ocr-system' content='tesseract 3.04.00' />
  <meta name='ocr-capabilities' content='ocr_page ocr_carea ocr_par ocr_line ocrx_word'/>
</head>
<body>
  <div class='ocr_page' id='page_1' title='image "./povidiusnaso00ehwagoog_0632.png"; bbox 0 0 2467 4042; ppageno 0'>
   <div class='ocr_carea' id='block_1_1' title="bbox 166 183 762 255">
    <p class='ocr_par' dir='ltr' id='par_1_1' title="bbox 166 183 762 255">
     <span class='ocr_line' id='line_1_1' title="bbox 166 183 762 255; baseline -0.007 -11"><span class='ocrx_word' id='word_1_1' title='bbox 166 189 234 255; x_wconf 74' lang='grc'><strong>216</strong></span> <span class='ocrx_word' id='word_1_2' title='bbox 351 205 468 243; x_wconf 77' lang='lat' dir='ltr'><strong>omnus</strong></span> <span class='ocrx_word' id='word_1_3' title='bbox 583 183 762 241; x_wconf 73' lang='lat' dir='ltr'><strong>murm.</strong></span> 
     </span>
    </p>
   </div>
   <div class='ocr_carea' id='block_1_2' title="bbox 191 345 1197 1671">
    <p class='ocr_par' dir='ltr' id='par_1_2' title="bbox 191 345 1197 1671">
     <span class='ocr_line' id='line_1_2' title="bbox 191 345 1109 419; baseline -0.003 -1"><span class='ocrx_word' id='word_1_4' title='bbox 191 366 243 419; x_wconf 76' lang='lat' dir='ltr'><strong>tte</strong></span> <span class='ocrx_word' id='word_1_5' title='bbox 257 353 335 416; x_wconf 85' lang='lat' dir='ltr'><strong>luris</strong></span> <span class='ocrx_word' id='word_1_6' title='bbox 359 346 481 416; x_wconf 75' lang='lat' dir='ltr'><strong>eruntt&#39;</strong></span> <span class='ocrx_word' id='word_1_7' title='bbox 504 350 578 413; x_wconf 84' lang='lat' dir='ltr'><strong>dixit</strong></span> <span class='ocrx_word' id='word_1_8' title='bbox 600 345 712 413; x_wconf 72' lang='lat' dir='ltr'><strong>‘luctus</strong></span> <span class='ocrx_word' id='word_1_9' title='bbox 734 353 918 414; x_wconf 88' lang='lat' dir='ltr'><strong>monimenta</strong></span> <span class='ocrx_word' id='word_1_10' title='bbox 939 352 1109 416; x_wconf 87' lang='lat' dir='ltr'><strong>manebunt</strong></span> 
     </span>
     <span class='ocr_line' id='line_1_3' title="bbox 258 440 1111 524; baseline -0.002 -19"><span class='ocrx_word' id='word_1_11' title='bbox 258 444 404 524; x_wconf 81' lang='lat' dir='ltr'><strong>Semper,</strong></span> <span class='ocrx_word' id='word_1_12' title='bbox 426 440 522 502; x_wconf 72' lang='lat' dir='ltr'><strong>Adoni</strong></span> <span class='ocrx_word' id='word_1_13' title='bbox 533 487 543 522; x_wconf 96' lang='lat'><strong>,</strong></span> <span class='ocrx_word' id='word_1_14' title='bbox 565 442 648 520; x_wconf 82' lang='lat' dir='ltr'><strong>mei3</strong></span> <span class='ocrx_word' id='word_1_15' title='bbox 670 441 856 520; x_wconf 87' lang='lat' dir='ltr'><strong>repetitaque</strong></span> <span class='ocrx_word' id='word_1_16' title='bbox 878 443 986 503; x_wconf 86' lang='lat' dir='ltr'><strong>mortis</strong></span> <span class='ocrx_word' id='word_1_17' title='bbox 1007 444 1111 522; x_wconf 82' lang='lat' dir='ltr'><strong>imago</strong></span> 
     </span>
     <span class='ocr_line' id='line_1_4' title="bbox 256 528 1022 610; baseline -0.001 -17"><span class='ocrx_word' id='word_1_18' title='bbox 256 532 362 593; x_wconf 73' lang='lat' dir='ltr'><strong>luntre</strong></span> <span class='ocrx_word' id='word_1_19' title='bbox 382 528 533 610; x_wconf 78' lang='lat' dir='ltr'><strong>plangoris</strong></span> <span class='ocrx_word' id='word_1_20' title='bbox 555 535 678 609; x_wconf 76' lang='lat' dir='ltr'><strong>peraget</strong></span> <span class='ocrx_word' id='word_1_21' title='bbox 700 528 886 591; x_wconf 84' lang='lat' dir='ltr'><strong>simulamina</strong></span> <span class='ocrx_word' id='word_1_22' title='bbox 908 532 1022 592; x_wconf 87' lang='lat' dir='ltr'><strong>nostri.</strong></span> 
     </span>
     <span class='ocr_line' id='line_1_5' title="bbox 257 615 1118 698; baseline 0 -17"><span class='ocrx_word' id='word_1_23' title='bbox 257 620 296 681; x_wconf 77' lang='lat' dir='ltr'><strong>tt</strong></span> <span class='ocrx_word' id='word_1_24' title='bbox 318 636 407 680; x_wconf 87' lang='lat' dir='ltr'><strong>cruor</strong></span> <span class='ocrx_word' id='word_1_25' title='bbox 428 620 461 679; x_wconf 89' lang='lat' dir='ltr'><strong>in</strong></span> <span class='ocrx_word' id='word_1_26' title='bbox 483 617 589 678; x_wconf 87' lang='lat' dir='ltr'><strong>florem</strong></span> <span class='ocrx_word' id='word_1_27' title='bbox 611 615 796 679; x_wconf 85' lang='lat' dir='ltr'><strong>mutabitur.</strong></span> <span class='ocrx_word' id='word_1_28' title='bbox 823 635 862 678; x_wconf 88' lang='lat' dir='ltr'><strong>an</strong></span> <span class='ocrx_word' id='word_1_29' title='bbox 885 616 940 679; x_wconf 88' lang='lat' dir='ltr'><strong>tibi</strong></span> <span class='ocrx_word' id='word_1_30' title='bbox 962 617 1118 698; x_wconf 81' lang='lat' dir='ltr'><strong>quondam</strong></span> 
     </span>
     <span class='ocr_line' id='line_1_6' title="bbox 257 704 1197 789; baseline -0.007 -20"><span class='ocrx_word' id='word_1_31' title='bbox 257 708 413 769; x_wconf 84' lang='lat' dir='ltr'><strong>Femineos</strong></span> <span class='ocrx_word' id='word_1_32' title='bbox 435 712 519 768; x_wconf 86' lang='lat' dir='ltr'><strong>artus</strong></span> <span class='ocrx_word' id='word_1_33' title='bbox 541 707 573 766; x_wconf 88' lang='lat' dir='ltr'><strong>in</strong></span> <span class='ocrx_word' id='word_1_34' title='bbox 595 704 710 767; x_wconf 90' lang='lat' dir='ltr'><strong>olentes</strong></span> <span class='ocrx_word' id='word_1_35' title='bbox 732 712 849 767; x_wconf 85' lang='lat' dir='ltr'><strong>vertere</strong></span> <span class='ocrx_word' id='word_1_36' title='bbox 872 706 1027 789; x_wconf 80' lang='lat' dir='ltr'><strong>menthae,</strong></span> <span class='ocrx_word' id='word_1_37' title='bbox 1089 719 1114 763; x_wconf 80' lang='lat' dir='ltr'><strong>r.</strong></span> <span class='ocrx_word' id='word_1_38' title='bbox 1127 719 1197 764; x_wconf 67' lang='lat' dir='ltr'><strong>orer.</strong></span> 
     </span>
     <span class='ocr_line' id='line_1_7' title="bbox 191 792 1000 875; baseline -0.005 -15"><span class='ocrx_word' id='word_1_39' title='bbox 191 809 244 860; x_wconf 77' lang='lat' dir='ltr'><strong>tto</strong></span> <span class='ocrx_word' id='word_1_40' title='bbox 257 794 471 875; x_wconf 86' lang='lat' dir='ltr'><strong>Persephone,</strong></span> <span class='ocrx_word' id='word_1_41' title='bbox 493 792 600 875; x_wconf 87' lang='lat' dir='ltr'><strong>licuit,</strong></span> <span class='ocrx_word' id='word_1_42' title='bbox 622 793 709 855; x_wconf 88' lang='lat' dir='ltr'><strong>uobis</strong></span> <span class='ocrx_word' id='word_1_43' title='bbox 732 792 888 874; x_wconf 74' lang='lat' dir='ltr'><strong>Cinyreius</strong></span> <span class='ocrx_word' id='word_1_44' title='bbox 910 793 1000 856; x_wconf 86' lang='lat' dir='ltr'><strong>beros</strong></span> 
     </span>
     <span class='ocr_line' id='line_1_8' title="bbox 257 877 987 946; baseline -0.001 -1"><span class='ocrx_word' id='word_1_45' title='bbox 257 883 385 946; x_wconf 86' lang='lat' dir='ltr'><strong>Invidiae</strong></span> <span class='ocrx_word' id='word_1_46' title='bbox 408 888 541 944; x_wconf 89' lang='lat' dir='ltr'><strong>mutatus</strong></span> <span class='ocrx_word' id='word_1_47' title='bbox 563 877 676 944; x_wconf 64' lang='lat' dir='ltr'><strong>eritP&#39;</strong></span> <span class='ocrx_word' id='word_1_48' title='bbox 699 883 743 943; x_wconf 90' lang='lat' dir='ltr'><strong>sie</strong></span> <span class='ocrx_word' id='word_1_49' title='bbox 765 882 825 943; x_wconf 88' lang='lat' dir='ltr'><strong>lata</strong></span> <span class='ocrx_word' id='word_1_50' title='bbox 847 899 987 944; x_wconf 88' lang='lat' dir='ltr'><strong>cruorem</strong></span> 
     </span>
     <span class='ocr_line' id='line_1_9' title="bbox 258 969 1014 1052; baseline -0.004 -18"><span class='ocrx_word' id='word_1_51' title='bbox 258 973 384 1035; x_wconf 88' lang='lat' dir='ltr'><strong>Nectare</strong></span> <span class='ocrx_word' id='word_1_52' title='bbox 407 971 529 1032; x_wconf 81' lang='lat' dir='ltr'><strong>odorato</strong></span> <span class='ocrx_word' id='word_1_53' title='bbox 553 971 687 1052; x_wconf 81' lang='lat' dir='ltr'><strong>spargit3</strong></span> <span class='ocrx_word' id='word_1_54' title='bbox 710 972 763 1049; x_wconf 87' lang='lat' dir='ltr'><strong>qui</strong></span> <span class='ocrx_word' id='word_1_55' title='bbox 784 978 881 1032; x_wconf 83' lang='lat' dir='ltr'><strong>tactus</strong></span> <span class='ocrx_word' id='word_1_56' title='bbox 903 970 941 1032; x_wconf 92' lang='lat' dir='ltr'><strong>ab</strong></span> <span class='ocrx_word' id='word_1_57' title='bbox 963 969 1014 1033; x_wconf 90' lang='lat' dir='ltr'><strong>illo</strong></span> 
     </span>
     <span class='ocr_line' id='line_1_10' title="bbox 258 1056 950 1140; baseline -0.006 -17"><span class='ocrx_word' id='word_1_58' title='bbox 258 1062 402 1123; x_wconf 84' lang='lat' dir='ltr'><strong>Intumuit</strong></span> <span class='ocrx_word' id='word_1_59' title='bbox 424 1061 490 1140; x_wconf 90' lang='lat' dir='ltr'><strong>sic,</strong></span> <span class='ocrx_word' id='word_1_60' title='bbox 512 1065 548 1121; x_wconf 92' lang='lat' dir='ltr'><strong>ut</strong></span> <span class='ocrx_word' id='word_1_61' title='bbox 568 1058 669 1139; x_wconf 85' lang='lat' dir='ltr'><strong>pluvio</strong></span> <span class='ocrx_word' id='word_1_62' title='bbox 692 1056 845 1139; x_wconf 88' lang='lat' dir='ltr'><strong>perlucida</strong></span> <span class='ocrx_word' id='word_1_63' title='bbox 867 1058 950 1120; x_wconf 87' lang='lat' dir='ltr'><strong>caelo</strong></span> 
     </span>
     <span class='ocr_line' id='line_1_11' title="bbox 259 1145 1193 1230; baseline -0.007 -18"><span class='ocrx_word' id='word_1_64' title='bbox 259 1151 389 1230; x_wconf 78' lang='lat' dir='ltr'><strong>Surgere</strong></span> <span class='ocrx_word' id='word_1_65' title='bbox 411 1146 491 1209; x_wconf 84' lang='lat' dir='ltr'><strong>bulla</strong></span> <span class='ocrx_word' id='word_1_66' title='bbox 513 1146 609 1209; x_wconf 86' lang='lat' dir='ltr'><strong>solet.</strong></span> <span class='ocrx_word' id='word_1_67' title='bbox 637 1164 695 1208; x_wconf 88' lang='lat' dir='ltr'><strong>nec</strong></span> <span class='ocrx_word' id='word_1_68' title='bbox 716 1146 804 1227; x_wconf 88' lang='lat' dir='ltr'><strong>plena</strong></span> <span class='ocrx_word' id='word_1_69' title='bbox 825 1145 943 1227; x_wconf 80' lang='lat' dir='ltr'><strong>longior</strong></span> <span class='ocrx_word' id='word_1_70' title='bbox 965 1148 1038 1209; x_wconf 87' lang='lat' dir='ltr'><strong>hora</strong></span> <span class='ocrx_word' id='word_1_71' title='bbox 1076 1161 1104 1205; x_wconf 77' lang='lat' dir='ltr'><strong>r.</strong></span> <span class='ocrx_word' id='word_1_72' title='bbox 1118 1163 1193 1205; x_wconf 73' lang='lat' dir='ltr'><strong>avo.</strong></span> 
     </span>
     <span class='ocr_line' id='line_1_12' title="bbox 191 1234 1193 1320; baseline -0.003 -18"><span class='ocrx_word' id='word_1_73' title='bbox 191 1249 244 1302; x_wconf 77' lang='lat' dir='ltr'><strong>tte</strong></span> <span class='ocrx_word' id='word_1_74' title='bbox 258 1238 347 1299; x_wconf 85' lang='lat' dir='ltr'><strong>Facta</strong></span> <span class='ocrx_word' id='word_1_75' title='bbox 364 1252 447 1299; x_wconf 90' lang='lat' dir='ltr'><strong>mora</strong></span> <span class='ocrx_word' id='word_1_76' title='bbox 465 1243 529 1318; x_wconf 86' lang='lat' dir='ltr'><strong>eet,</strong></span> <span class='ocrx_word' id='word_1_77' title='bbox 548 1253 617 1297; x_wconf 84' lang='lat' dir='ltr'><strong>cum</strong></span> <span class='ocrx_word' id='word_1_78' title='bbox 634 1234 690 1296; x_wconf 85' lang='lat' dir='ltr'><strong>ilos</strong></span> <span class='ocrx_word' id='word_1_79' title='bbox 709 1235 746 1296; x_wconf 90' lang='lat' dir='ltr'><strong>de</strong></span> <span class='ocrx_word' id='word_1_80' title='bbox 765 1236 908 1315; x_wconf 72' lang='lat' dir='ltr'><strong>sangmne</strong></span> <span class='ocrx_word' id='word_1_81' title='bbox 922 1235 1064 1298; x_wconf 89' lang='lat' dir='ltr'><strong>concolor</strong></span> <span class='ocrx_word' id='word_1_82' title='bbox 1085 1246 1193 1320; x_wconf 83' lang='lat' dir='ltr'><strong>ortus,</strong></span> 
     </span>
     <span class='ocr_line' id='line_1_13' title="bbox 259 1322 1113 1408; baseline 0 -21"><span class='ocrx_word' id='word_1_83' title='bbox 259 1325 404 1406; x_wconf 82' lang='lat' dir='ltr'><strong>Qualem,</strong></span> <span class='ocrx_word' id='word_1_84' title='bbox 428 1342 502 1404; x_wconf 86' lang='lat' dir='ltr'><strong>quae</strong></span> <span class='ocrx_word' id='word_1_85' title='bbox 525 1323 607 1386; x_wconf 88' lang='lat' dir='ltr'><strong>lento</strong></span> <span class='ocrx_word' id='word_1_86' title='bbox 630 1324 728 1386; x_wconf 90' lang='lat' dir='ltr'><strong>celant</strong></span> <span class='ocrx_word' id='word_1_87' title='bbox 749 1322 806 1385; x_wconf 86' lang='lat' dir='ltr'><strong>sub</strong></span> <span class='ocrx_word' id='word_1_88' title='bbox 829 1325 942 1386; x_wconf 89' lang='lat' dir='ltr'><strong>cortice</strong></span> <span class='ocrx_word' id='word_1_89' title='bbox 965 1342 1113 1408; x_wconf 63' lang='lat' dir='ltr'><strong>pmum,</strong></span> 
     </span>
     <span class='ocr_line' id='line_1_14' title="bbox 257 1411 1191 1478; baseline 0.003 -3"><span class='ocrx_word' id='word_1_90' title='bbox 257 1413 370 1475; x_wconf 88' lang='lat' dir='ltr'><strong>Punica</strong></span> <span class='ocrx_word' id='word_1_91' title='bbox 397 1413 478 1474; x_wconf 86' lang='lat' dir='ltr'><strong>lerre</strong></span> <span class='ocrx_word' id='word_1_92' title='bbox 500 1411 618 1474; x_wconf 89' lang='lat' dir='ltr'><strong>solent.</strong></span> <span class='ocrx_word' id='word_1_93' title='bbox 649 1411 749 1474; x_wconf 83' lang='lat' dir='ltr'><strong>brevis</strong></span> <span class='ocrx_word' id='word_1_94' title='bbox 772 1419 940 1474; x_wconf 82' lang='lat' dir='ltr'><strong>esttamen</strong></span> <span class='ocrx_word' id='word_1_95' title='bbox 963 1431 1037 1475; x_wconf 76' lang='lat' dir='ltr'><strong>ustus</strong></span> <span class='ocrx_word' id='word_1_96' title='bbox 1059 1417 1095 1475; x_wconf 89' lang='lat' dir='ltr'><strong>in</strong></span> <span class='ocrx_word' id='word_1_97' title='bbox 1118 1414 1191 1478; x_wconf 87' lang='lat' dir='ltr'><strong>illo:</strong></span> 
     </span>
     <span class='ocr_line' id='line_1_15' title="bbox 257 1499 1167 1580; baseline 0 -16"><span class='ocrx_word' id='word_1_98' title='bbox 257 1501 390 1580; x_wconf 85' lang='lat' dir='ltr'><strong>Namque</strong></span> <span class='ocrx_word' id='word_1_99' title='bbox 414 1500 489 1562; x_wconf 82' lang='lat' dir='ltr'><strong>male</strong></span> <span class='ocrx_word' id='word_1_100' title='bbox 511 1499 686 1562; x_wconf 82' lang='lat' dir='ltr'><strong>haerentem</strong></span> <span class='ocrx_word' id='word_1_101' title='bbox 708 1509 740 1561; x_wconf 90' lang='lat' dir='ltr'><strong>et</strong></span> <span class='ocrx_word' id='word_1_102' title='bbox 761 1500 851 1561; x_wconf 81' lang='lat' dir='ltr'><strong>nimia</strong></span> <span class='ocrx_word' id='word_1_103' title='bbox 873 1499 992 1562; x_wconf 83' lang='lat' dir='ltr'><strong>levitate</strong></span> <span class='ocrx_word' id='word_1_104' title='bbox 1015 1502 1167 1564; x_wconf 82' lang='lat' dir='ltr'><strong>caducum</strong></span> 
     </span>
     <span class='ocr_line' id='line_1_16' title="bbox 256 1586 1094 1671; baseline -0.004 -17"><span class='ocrx_word' id='word_1_105' title='bbox 256 1589 422 1654; x_wconf 72' lang='lat' dir='ltr'><strong>Excutlunt</strong></span> <span class='ocrx_word' id='word_1_106' title='bbox 441 1588 544 1670; x_wconf 79' lang='lat' dir='ltr'><strong>idem,</strong></span> <span class='ocrx_word' id='word_1_107' title='bbox 567 1589 618 1668; x_wconf 85' lang='lat' dir='ltr'><strong>qui</strong></span> <span class='ocrx_word' id='word_1_108' title='bbox 641 1596 793 1668; x_wconf 79' lang='lat' dir='ltr'><strong>praestant</strong></span> <span class='ocrx_word' id='word_1_109' title='bbox 815 1590 959 1671; x_wconf 84' lang='lat' dir='ltr'><strong>nomino,</strong></span> <span class='ocrx_word' id='word_1_110' title='bbox 980 1586 1094 1652; x_wconf 68' lang='lat' dir='ltr'><strong>venti?</strong></span> 
     </span>
    </p>
   </div>
   <div class='ocr_carea' id='block_1_3' title="bbox 443 1880 905 1967">
    <p class='ocr_par' dir='ltr' id='par_1_3' title="bbox 443 1880 905 1967">
     <span class='ocr_line' id='line_1_17' title="bbox 443 1880 905 1967; baseline -0.013 -1"><span class='ocrx_word' id='word_1_111' title='bbox 443 1881 583 1966; x_wconf 73' lang='lat' dir='ltr'><strong>uiuus</strong></span> <span class='ocrx_word' id='word_1_112' title='bbox 609 1880 905 1967; x_wconf 71' lang='lat' dir='ltr'><strong>cunemine.</strong></span> 
     </span>
    </p>
   </div>
   <div class='ocr_carea' id='block_1_4' title="bbox 212 2029 1182 3619">
    <p class='ocr_par' dir='ltr' id='par_1_4' title="bbox 259 2029 1027 2110">
     <span class='ocr_line' id='line_1_18' title="bbox 259 2029 1027 2110; baseline -0.004 -13"><span class='ocrx_word' id='word_1_113' title='bbox 259 2032 394 2097; x_wconf 77' lang='lat' dir='ltr'><strong>Carmim</strong></span> <span class='ocrx_word' id='word_1_114' title='bbox 418 2030 490 2094; x_wconf 91' lang='lat' dir='ltr'><strong>dum</strong></span> <span class='ocrx_word' id='word_1_115' title='bbox 513 2030 564 2092; x_wconf 88' lang='lat' dir='ltr'><strong>tali</strong></span> <span class='ocrx_word' id='word_1_116' title='bbox 587 2029 675 2092; x_wconf 87' lang='lat' dir='ltr'><strong>silvas</strong></span> <span class='ocrx_word' id='word_1_117' title='bbox 698 2032 870 2110; x_wconf 82' lang='lat' dir='ltr'><strong>animosque</strong></span> <span class='ocrx_word' id='word_1_118' title='bbox 893 2030 1027 2094; x_wconf 79' lang='lat' dir='ltr'><strong>serarum</strong></span> 
     </span>
    </p>

    <p class='ocr_par' dir='ltr' id='par_1_5' title="bbox 258 2118 966 2200">
     <span class='ocr_line' id='line_1_19' title="bbox 258 2118 966 2200; baseline -0.006 -15"><span class='ocrx_word' id='word_1_119' title='bbox 258 2122 416 2185; x_wconf 82' lang='lat' dir='ltr'><strong>Threicius</strong></span> <span class='ocrx_word' id='word_1_120' title='bbox 438 2126 521 2182; x_wconf 84' lang='lat' dir='ltr'><strong>vates</strong></span> <span class='ocrx_word' id='word_1_121' title='bbox 543 2126 574 2180; x_wconf 92' lang='lat' dir='ltr'><strong>et</strong></span> <span class='ocrx_word' id='word_1_122' title='bbox 596 2136 666 2180; x_wconf 79' lang='lat' dir='ltr'><strong>saxa</strong></span> <span class='ocrx_word' id='word_1_123' title='bbox 688 2121 843 2198; x_wconf 85' lang='lat' dir='ltr'><strong>sequentia</strong></span> <span class='ocrx_word' id='word_1_124' title='bbox 864 2118 966 2200; x_wconf 79' lang='lat' dir='ltr'><strong>ducit,</strong></span> 
     </span>
    </p>

    <p class='ocr_par' dir='ltr' id='par_1_6' title="bbox 257 2205 1059 2288">
     <span class='ocr_line' id='line_1_20' title="bbox 257 2205 1059 2288; baseline -0.004 -15"><span class='ocrx_word' id='word_1_125' title='bbox 257 2210 337 2273; x_wconf 81' lang='lat' dir='ltr'><strong>Ecce</strong></span> <span class='ocrx_word' id='word_1_126' title='bbox 359 2226 454 2272; x_wconf 86' lang='lat' dir='ltr'><strong>nurus</strong></span> <span class='ocrx_word' id='word_1_127' title='bbox 477 2206 643 2288; x_wconf 84' lang='lat' dir='ltr'><strong>Ciconum,</strong></span> <span class='ocrx_word' id='word_1_128' title='bbox 664 2214 761 2268; x_wconf 87' lang='lat' dir='ltr'><strong>tectae</strong></span> <span class='ocrx_word' id='word_1_129' title='bbox 783 2205 931 2287; x_wconf 79' lang='lat' dir='ltr'><strong>lymphata</strong></span> <span class='ocrx_word' id='word_1_130' title='bbox 953 2208 1059 2270; x_wconf 80' lang='lat' dir='ltr'><strong>ferieris</strong></span> 
     </span>
    </p>

    <p class='ocr_par' dir='ltr' id='par_1_7' title="bbox 227 2293 1065 2469">
     <span class='ocr_line' id='line_1_21' title="bbox 257 2293 1065 2378; baseline -0.006 -16"><span class='ocrx_word' id='word_1_131' title='bbox 257 2300 384 2362; x_wconf 83' lang='lat' dir='ltr'><strong>Pectora</strong></span> <span class='ocrx_word' id='word_1_132' title='bbox 406 2295 588 2378; x_wconf 78' lang='lat' dir='ltr'><strong>velleribus,</strong></span> <span class='ocrx_word' id='word_1_133' title='bbox 609 2294 718 2357; x_wconf 88' lang='lat' dir='ltr'><strong>tumuli</strong></span> <span class='ocrx_word' id='word_1_134' title='bbox 741 2293 778 2357; x_wconf 79' lang='lat' dir='ltr'><strong>de</strong></span> <span class='ocrx_word' id='word_1_135' title='bbox 800 2296 911 2357; x_wconf 85' lang='lat' dir='ltr'><strong>vertice</strong></span> <span class='ocrx_word' id='word_1_136' title='bbox 933 2304 1065 2359; x_wconf 87' lang='lat' dir='ltr'><strong>cernunt</strong></span> 
     </span>
     <span class='ocr_line' id='line_1_22' title="bbox 227 2384 1032 2469; baseline -0.007 -18"><span class='ocrx_word' id='word_1_137' title='bbox 227 2386 378 2469; x_wconf 83' lang='lat' dir='ltr'><strong>tOrpbea</strong></span> <span class='ocrx_word' id='word_1_138' title='bbox 399 2386 552 2467; x_wconf 84' lang='lat' dir='ltr'><strong>percussis</strong></span> <span class='ocrx_word' id='word_1_139' title='bbox 575 2386 738 2446; x_wconf 73' lang='lat' dir='ltr'><strong>sociantem</strong></span> <span class='ocrx_word' id='word_1_140' title='bbox 760 2384 891 2446; x_wconf 75' lang='lat' dir='ltr'><strong>cumina</strong></span> <span class='ocrx_word' id='word_1_141' title='bbox 912 2386 1032 2446; x_wconf 84' lang='lat' dir='ltr'><strong>nervis.</strong></span> 
     </span>
    </p>

    <p class='ocr_par' dir='ltr' id='par_1_8' title="bbox 257 2471 1065 2556">
     <span class='ocr_line' id='line_1_23' title="bbox 257 2471 1065 2556; baseline -0.004 -19"><span class='ocrx_word' id='word_1_142' title='bbox 257 2475 282 2537; x_wconf 82' lang='grc' dir='ltr'><strong>Ε</strong></span> <span class='ocrx_word' id='word_1_143' title='bbox 306 2474 416 2556; x_wconf 81' lang='lat' dir='ltr'><strong>pribus</strong></span> <span class='ocrx_word' id='word_1_144' title='bbox 437 2491 497 2536; x_wconf 90' lang='lat' dir='ltr'><strong>una</strong></span> <span class='ocrx_word' id='word_1_145' title='bbox 509 2520 519 2555; x_wconf 94' lang='lat'><strong>,</strong></span> <span class='ocrx_word' id='word_1_146' title='bbox 540 2471 621 2535; x_wconf 85' lang='lat' dir='ltr'><strong>leves</strong></span> <span class='ocrx_word' id='word_1_147' title='bbox 643 2474 751 2534; x_wconf 87' lang='lat' dir='ltr'><strong>iactato</strong></span> <span class='ocrx_word' id='word_1_148' title='bbox 775 2474 858 2534; x_wconf 86' lang='lat' dir='ltr'><strong>crine</strong></span> <span class='ocrx_word' id='word_1_149' title='bbox 879 2489 935 2552; x_wconf 89' lang='lat' dir='ltr'><strong>per</strong></span> <span class='ocrx_word' id='word_1_150' title='bbox 958 2490 1065 2555; x_wconf 86' lang='lat' dir='ltr'><strong>auras,</strong></span> 
     </span>
    </p>

    <p class='ocr_par' dir='ltr' id='par_1_9' title="bbox 259 2557 1182 2645">
     <span class='ocr_line' id='line_1_24' title="bbox 259 2557 1182 2645; baseline 0 -21"><span class='ocrx_word' id='word_1_151' title='bbox 259 2560 318 2624; x_wconf 81' lang='lat' dir='ltr'><strong>‘En</strong></span> <span class='ocrx_word' id='word_1_152' title='bbox 330 2558 351 2645; x_wconf 81' lang='lat'><strong>,⁹</strong></span> <span class='ocrx_word' id='word_1_153' title='bbox 374 2564 415 2624; x_wconf 86' lang='lat' dir='ltr'><strong>ait</strong></span> <span class='ocrx_word' id='word_1_154' title='bbox 437 2557 488 2624; x_wconf 71' lang='lat' dir='ltr'><strong>‘cn</strong></span> <span class='ocrx_word' id='word_1_155' title='bbox 509 2561 559 2622; x_wconf 90' lang='lat' dir='ltr'><strong>hie</strong></span> <span class='ocrx_word' id='word_1_156' title='bbox 582 2568 629 2622; x_wconf 90' lang='lat' dir='ltr'><strong>est</strong></span> <span class='ocrx_word' id='word_1_157' title='bbox 650 2562 747 2622; x_wconf 89' lang='lat' dir='ltr'><strong>nostrl</strong></span> <span class='ocrx_word' id='word_1_158' title='bbox 770 2567 957 2641; x_wconf 88' lang='lat' dir='ltr'><strong>contemptor</strong></span> <span class='ocrx_word' id='word_1_159' title='bbox 970 2557 991 2623; x_wconf 86' lang='lat'><strong>1&#39;</strong></span> <span class='ocrx_word' id='word_1_160' title='bbox 1015 2571 1047 2624; x_wconf 90' lang='lat' dir='ltr'><strong>et</strong></span> <span class='ocrx_word' id='word_1_161' title='bbox 1069 2561 1182 2624; x_wconf 84' lang='lat' dir='ltr'><strong>hastam</strong></span> 
     </span>
    </p>

    <p class='ocr_par' dir='ltr' id='par_1_10' title="bbox 258 2648 890 2730">
     <span class='ocr_line' id='line_1_25' title="bbox 258 2648 890 2730; baseline -0.002 -19"><span class='ocrx_word' id='word_1_162' title='bbox 258 2650 340 2713; x_wconf 83' lang='lat' dir='ltr'><strong>Vatis</strong></span> <span class='ocrx_word' id='word_1_163' title='bbox 362 2648 507 2730; x_wconf 74' lang='lat' dir='ltr'><strong>lpolllnei</strong></span> <span class='ocrx_word' id='word_1_164' title='bbox 529 2649 641 2710; x_wconf 87' lang='lat' dir='ltr'><strong>vocalia</strong></span> <span class='ocrx_word' id='word_1_165' title='bbox 662 2651 744 2709; x_wconf 88' lang='lat' dir='ltr'><strong>misit</strong></span> <span class='ocrx_word' id='word_1_166' title='bbox 765 2650 797 2709; x_wconf 90' lang='lat' dir='ltr'><strong>ln</strong></span> <span class='ocrx_word' id='word_1_167' title='bbox 820 2666 890 2729; x_wconf 89' lang='lat' dir='ltr'><strong>ora,</strong></span> 
     </span>
    </p>

    <p class='ocr_par' dir='ltr' id='par_1_11' title="bbox 212 2737 1072 2906">
     <span class='ocr_line' id='line_1_26' title="bbox 260 2737 1072 2818; baseline 0.001 -18"><span class='ocrx_word' id='word_1_168' title='bbox 260 2740 342 2812; x_wconf 86' lang='lat' dir='ltr'><strong>Quae</strong></span> <span class='ocrx_word' id='word_1_169' title='bbox 364 2738 443 2800; x_wconf 86' lang='lat' dir='ltr'><strong>iolils</strong></span> <span class='ocrx_word' id='word_1_170' title='bbox 464 2745 604 2818; x_wconf 84' lang='lat' dir='ltr'><strong>praesuta</strong></span> <span class='ocrx_word' id='word_1_171' title='bbox 626 2745 726 2798; x_wconf 89' lang='lat' dir='ltr'><strong>notam</strong></span> <span class='ocrx_word' id='word_1_172' title='bbox 749 2738 815 2798; x_wconf 87' lang='lat' dir='ltr'><strong>sine</strong></span> <span class='ocrx_word' id='word_1_173' title='bbox 837 2737 960 2799; x_wconf 86' lang='lat' dir='ltr'><strong>vulnere</strong></span> <span class='ocrx_word' id='word_1_174' title='bbox 983 2739 1072 2801; x_wconf 86' lang='lat' dir='ltr'><strong>iecit.</strong></span> 
     </span>
     <span class='ocr_line' id='line_1_27' title="bbox 212 2825 1043 2906; baseline -0.005 -15"><span class='ocrx_word' id='word_1_175' title='bbox 212 2840 245 2892; x_wconf 85' lang='grc' dir='ltr'><strong>ιο</strong></span> <span class='ocrx_word' id='word_1_176' title='bbox 259 2828 389 2890; x_wconf 82' lang='lat' dir='ltr'><strong>Alterius</strong></span> <span class='ocrx_word' id='word_1_177' title='bbox 411 2825 505 2888; x_wconf 91' lang='lat' dir='ltr'><strong>telum</strong></span> <span class='ocrx_word' id='word_1_178' title='bbox 527 2825 601 2906; x_wconf 87' lang='lat' dir='ltr'><strong>lapis</strong></span> <span class='ocrx_word' id='word_1_179' title='bbox 624 2834 693 2906; x_wconf 88' lang='lat' dir='ltr'><strong>est,</strong></span> <span class='ocrx_word' id='word_1_180' title='bbox 717 2826 769 2904; x_wconf 90' lang='lat' dir='ltr'><strong>qui</strong></span> <span class='ocrx_word' id='word_1_181' title='bbox 791 2826 900 2887; x_wconf 86' lang='lat' dir='ltr'><strong>missus</strong></span> <span class='ocrx_word' id='word_1_182' title='bbox 922 2829 954 2887; x_wconf 86' lang='lat' dir='ltr'><strong>in</strong></span> <span class='ocrx_word' id='word_1_183' title='bbox 977 2828 1043 2906; x_wconf 84' lang='lat' dir='ltr'><strong>ipso</strong></span> 
     </span>
    </p>

    <p class='ocr_par' dir='ltr' id='par_1_12' title="bbox 258 2912 1037 2996">
     <span class='ocr_line' id='line_1_28' title="bbox 258 2912 1037 2996; baseline -0.004 -17"><span class='ocrx_word' id='word_1_184' title='bbox 258 2917 335 2979; x_wconf 71' lang='lat' dir='ltr'><strong>lire</strong></span> <span class='ocrx_word' id='word_1_185' title='bbox 358 2922 506 2977; x_wconf 87' lang='lat' dir='ltr'><strong>concentu</strong></span> <span class='ocrx_word' id='word_1_186' title='bbox 528 2915 625 2977; x_wconf 78' lang='lat' dir='ltr'><strong>rictus</strong></span> <span class='ocrx_word' id='word_1_187' title='bbox 647 2915 787 2992; x_wconf 86' lang='lat' dir='ltr'><strong>vocisque</strong></span> <span class='ocrx_word' id='word_1_188' title='bbox 810 2912 949 2994; x_wconf 79' lang='lat' dir='ltr'><strong>lyraeque</strong></span> <span class='ocrx_word' id='word_1_189' title='bbox 972 2924 1037 2996; x_wconf 91' lang='lat' dir='ltr'><strong>est,</strong></span> 
     </span>
    </p>

    <p class='ocr_par' dir='ltr' id='par_1_13' title="bbox 258 3000 1005 3083">
     <span class='ocr_line' id='line_1_29' title="bbox 258 3000 1005 3083; baseline -0.004 -17"><span class='ocrx_word' id='word_1_190' title='bbox 258 3005 300 3067; x_wconf 73' lang='lat' dir='ltr'><strong>Ac</strong></span> <span class='ocrx_word' id='word_1_191' title='bbox 323 3002 415 3065; x_wconf 82' lang='lat' dir='ltr'><strong>veluti</strong></span> <span class='ocrx_word' id='word_1_192' title='bbox 438 3001 562 3083; x_wconf 85' lang='lat' dir='ltr'><strong>supplex</strong></span> <span class='ocrx_word' id='word_1_193' title='bbox 584 3020 640 3082; x_wconf 90' lang='lat' dir='ltr'><strong>pro</strong></span> <span class='ocrx_word' id='word_1_194' title='bbox 663 3008 724 3063; x_wconf 89' lang='lat' dir='ltr'><strong>tam</strong></span> <span class='ocrx_word' id='word_1_195' title='bbox 747 3000 902 3063; x_wconf 79' lang='lat' dir='ltr'><strong>leuialibus</strong></span> <span class='ocrx_word' id='word_1_196' title='bbox 925 3004 1005 3064; x_wconf 82' lang='lat' dir='ltr'><strong>ausis</strong></span> 
     </span>
    </p>

    <p class='ocr_par' dir='ltr' id='par_1_14' title="bbox 258 3089 1111 3172">
     <span class='ocr_line' id='line_1_30' title="bbox 258 3089 1111 3172; baseline 0 -18"><span class='ocrx_word' id='word_1_197' title='bbox 258 3093 334 3154; x_wconf 74' lang='lat' dir='ltr'><strong>Ante</strong></span> <span class='ocrx_word' id='word_1_198' title='bbox 356 3090 449 3172; x_wconf 84' lang='lat' dir='ltr'><strong>pedes</strong></span> <span class='ocrx_word' id='word_1_199' title='bbox 471 3091 583 3153; x_wconf 87' lang='lat' dir='ltr'><strong>iacuit.</strong></span> <span class='ocrx_word' id='word_1_200' title='bbox 611 3089 664 3151; x_wconf 92' lang='lat' dir='ltr'><strong>sed</strong></span> <span class='ocrx_word' id='word_1_201' title='bbox 688 3091 767 3151; x_wconf 90' lang='lat' dir='ltr'><strong>enim</strong></span> <span class='ocrx_word' id='word_1_202' title='bbox 788 3092 947 3151; x_wconf 86' lang='lat' dir='ltr'><strong>temeraria</strong></span> <span class='ocrx_word' id='word_1_203' title='bbox 970 3101 1111 3154; x_wconf 86' lang='lat' dir='ltr'><strong>crescunt</strong></span> 
     </span>
    </p>

    <p class='ocr_par' dir='ltr' id='par_1_15' title="bbox 212 3177 1124 3348">
     <span class='ocr_line' id='line_1_31' title="bbox 258 3177 1124 3262; baseline -0.001 -18"><span class='ocrx_word' id='word_1_204' title='bbox 258 3179 339 3244; x_wconf 84' lang='lat' dir='ltr'><strong>Belle</strong></span> <span class='ocrx_word' id='word_1_205' title='bbox 351 3227 361 3262; x_wconf 94' lang='lat'><strong>,</strong></span> <span class='ocrx_word' id='word_1_206' title='bbox 383 3178 549 3259; x_wconf 87' lang='lat' dir='ltr'><strong>modusque</strong></span> <span class='ocrx_word' id='word_1_207' title='bbox 572 3177 666 3259; x_wconf 87' lang='lat' dir='ltr'><strong>abiit,</strong></span> <span class='ocrx_word' id='word_1_208' title='bbox 688 3180 850 3257; x_wconf 83' lang='lat' dir='ltr'><strong>insanaque</strong></span> <span class='ocrx_word' id='word_1_209' title='bbox 873 3185 978 3259; x_wconf 78' lang='lat' dir='ltr'><strong>regnat</strong></span> <span class='ocrx_word' id='word_1_210' title='bbox 1000 3178 1124 3260; x_wconf 75' lang='lat' dir='ltr'><strong>Erinys.</strong></span> 
     </span>
     <span class='ocr_line' id='line_1_32' title="bbox 212 3265 1107 3348; baseline -0.002 -16"><span class='ocrx_word' id='word_1_211' title='bbox 212 3279 245 3332; x_wconf 75' lang='lat'><strong>1⁶</strong></span> <span class='ocrx_word' id='word_1_212' title='bbox 259 3269 432 3347; x_wconf 81' lang='lat' dir='ltr'><strong>Cunctaque</strong></span> <span class='ocrx_word' id='word_1_213' title='bbox 454 3267 514 3329; x_wconf 90' lang='lat' dir='ltr'><strong>tela</strong></span> <span class='ocrx_word' id='word_1_214' title='bbox 536 3268 636 3328; x_wconf 81' lang='lat' dir='ltr'><strong>forent</strong></span> <span class='ocrx_word' id='word_1_215' title='bbox 658 3273 748 3328; x_wconf 90' lang='lat' dir='ltr'><strong>cantu</strong></span> <span class='ocrx_word' id='word_1_216' title='bbox 770 3265 904 3329; x_wconf 85' lang='lat' dir='ltr'><strong>mollita:</strong></span> <span class='ocrx_word' id='word_1_217' title='bbox 926 3267 981 3328; x_wconf 85' lang='lat' dir='ltr'><strong>sed</strong></span> <span class='ocrx_word' id='word_1_218' title='bbox 1002 3269 1107 3348; x_wconf 78' lang='lat' dir='ltr'><strong>ingens</strong></span> 
     </span>
    </p>

    <p class='ocr_par' dir='ltr' id='par_1_16' title="bbox 259 3353 988 3436">
     <span class='ocr_line' id='line_1_33' title="bbox 259 3353 988 3436; baseline -0.004 -16"><span class='ocrx_word' id='word_1_219' title='bbox 259 3357 376 3420; x_wconf 76' lang='lat' dir='ltr'><strong>Clamor</strong></span> <span class='ocrx_word' id='word_1_220' title='bbox 399 3364 431 3418; x_wconf 92' lang='lat' dir='ltr'><strong>et</strong></span> <span class='ocrx_word' id='word_1_221' title='bbox 451 3357 578 3418; x_wconf 81' lang='lat' dir='ltr'><strong>infracto</strong></span> <span class='ocrx_word' id='word_1_222' title='bbox 601 3355 777 3436; x_wconf 80' lang='lat' dir='ltr'><strong>Berecyntia</strong></span> <span class='ocrx_word' id='word_1_223' title='bbox 798 3353 870 3416; x_wconf 88' lang='lat' dir='ltr'><strong>tibia</strong></span> <span class='ocrx_word' id='word_1_224' title='bbox 893 3371 988 3417; x_wconf 91' lang='lat' dir='ltr'><strong>cornu</strong></span> 
     </span>
    </p>

    <p class='ocr_par' dir='ltr' id='par_1_17' title="bbox 258 3442 1025 3526">
     <span class='ocr_line' id='line_1_34' title="bbox 258 3442 1025 3526; baseline -0.001 -19"><span class='ocrx_word' id='word_1_225' title='bbox 258 3445 468 3526; x_wconf 75' lang='lat' dir='ltr'><strong>&#39;lympanoque</strong></span> <span class='ocrx_word' id='word_1_226' title='bbox 492 3452 524 3506; x_wconf 91' lang='lat' dir='ltr'><strong>et</strong></span> <span class='ocrx_word' id='word_1_227' title='bbox 546 3443 669 3524; x_wconf 86' lang='lat' dir='ltr'><strong>plausus</strong></span> <span class='ocrx_word' id='word_1_228' title='bbox 692 3451 723 3506; x_wconf 89' lang='lat' dir='ltr'><strong>et</strong></span> <span class='ocrx_word' id='word_1_229' title='bbox 744 3443 871 3506; x_wconf 82' lang='lat' dir='ltr'><strong>Bacchei</strong></span> <span class='ocrx_word' id='word_1_230' title='bbox 892 3442 1025 3506; x_wconf 79' lang='lat' dir='ltr'><strong>ululatus</strong></span> 
     </span>
    </p>

    <p class='ocr_par' dir='ltr' id='par_1_18' title="bbox 258 3530 1074 3619">
     <span class='ocr_line' id='line_1_35' title="bbox 258 3530 1074 3619; baseline 0.002 -25"><span class='ocrx_word' id='word_1_231' title='bbox 258 3531 463 3613; x_wconf 85' lang='lat' dir='ltr'><strong>Obstrepuere</strong></span> <span class='ocrx_word' id='word_1_232' title='bbox 486 3549 559 3593; x_wconf 84' lang='lat' dir='ltr'><strong>sono</strong></span> <span class='ocrx_word' id='word_1_233' title='bbox 583 3532 735 3594; x_wconf 86' lang='lat' dir='ltr'><strong>citharae.</strong></span> <span class='ocrx_word' id='word_1_234' title='bbox 763 3539 827 3594; x_wconf 89' lang='lat' dir='ltr'><strong>tum</strong></span> <span class='ocrx_word' id='word_1_235' title='bbox 850 3530 979 3619; x_wconf 74' lang='lat' dir='ltr'><strong>decipere</strong></span> <span class='ocrx_word' id='word_1_236' title='bbox 1002 3550 1074 3597; x_wconf 86' lang='lat' dir='ltr'><strong>saxa</strong></span> 
     </span>
    </p>
   </div>
   <div class='ocr_carea' id='block_1_5' title="bbox 0 0 1238 4042">
    <p class='ocr_par' dir='ltr' id='par_1_19' title="bbox 0 0 1238 4042">
     <span class='ocr_line' id='line_1_36' title="bbox 0 0 1238 4042; baseline 0 6"><span class='ocrx_word' id='word_1_237' title='bbox 0 0 1238 4042; x_wconf 95' lang='lat' dir='ltr'><strong> </strong></span> 
     </span>
    </p>
   </div>
  </div>
 </body>
</html>
