2467 4042
534 434 596 507 XI.

153 576 238 647 Quod
262 585 291 638 te
314 577 415 638 nescio
440 578 506 655 quis
529 592 583 653 per
605 578 701 655 iurgia
724 575 833 637 dixerit
856 591 921 638 esse

149 663 254 726 Exulis
277 682 423 745 uxorem,
445 663 544 728 littera
567 673 673 744 qrresta
695 671 746 725 tua
769 671 831 725 est.

152 752 269 814 Indolui
281 800 291 833 ,
314 770 374 813 non
397 761 457 813 tam
480 769 545 813 mea
568 752 647 830 quod
672 752 790 813 fortuna
813 751 888 813 male
911 752 1010 828 audit,

154 840 212 912 Qui
236 843 293 902 iam
317 842 458 902 consuevi
481 840 598 901 fortiter
623 858 688 901 esse
712 842 820 922 miser,

49 935 52 939 ’
124 928 249 1000 nouam
269 928 347 1008 qnod
357 976 366 1009 ‚
386 929 435 990 cui
452 930 573 989 minime
592 927 715 1008 vellem,
739 946 804 989 sum
824 946 911 989 causa
933 929 1073 1013 pudoris,

153 1016 255 1095 Teque
278 1034 348 1078 reor
371 1018 482 1077 nostris
505 1014 662 1077 erubuisse
686 1016 786 1077 malis.

151 1105 256 1166 Perfer
279 1112 309 1166 et
332 1103 467 1165 obdura!
499 1104 592 1165 multo
616 1105 750 1184 graviora
772 1103 882 1185 tulisti,

153 1192 271 1274 Eripuit
294 1210 363 1254 eum
386 1211 433 1254 me
456 1194 600 1273 principis
624 1195 668 1253 ira
691 1191 762 1254 tibi.

153 1280 278 1343 Fallitur
300 1283 360 1342 iste
381 1289 502 1362 tamen,
525 1298 584 1359 qun
607 1280 706 1342 iudice
729 1282 866 1342 nominor
889 1280 975 1344 exul:

105 1381 139 1430 10
153 1368 269 1430 Mollior
292 1377 338 1430 est
361 1368 477 1448 culpam
500 1386 595 1449 poena
618 1375 720 1430 secuta
742 1386 855 1430 meam.

153 1457 277 1518 Maxima
300 1475 396 1538 poena
418 1456 490 1518 mihi
514 1464 581 1537 est,
604 1456 705 1535 Ipsum
726 1457 906 1538 offendisse,
929 1459 1073 1539 priusque

153 1545 290 1606 Venisset
312 1545 428 1606 mallem
451 1546 565 1606 funeris
587 1545 661 1605 hora
684 1544 773 1605 mihi.

155 1634 267 1705 Ouessa
282 1642 379 1695 tamen
398 1641 500 1695 nostra
515 1640 577 1716 est,
591 1650 651 1693 non
666 1649 763 1693 mersa
781 1650 837 1694 nec
851 1632 957 1695 obruta
974 1637 1074 1716 naris,

154 1721 251 1801 thue
275 1729 356 1783 caret
379 1729 491 1802 portu,
514 1723 557 1782 sic
581 1728 680 1782 tamen
703 1728 783 1781 extat
806 1722 907 1800 aquis.

108 1820 140 1870 15
155 1810 216 1871 Nec
239 1813 327 1871 vitam
350 1827 406 1871 nec
429 1828 502 1888 opes
525 1827 581 1871 nec
604 1812 651 1870 ius
674 1807 747 1870 milri
770 1810 842 1870 civis
865 1809 992 1893 ademit,

155 1897 238 1968 Quae
261 1899 358 1959 merui
380 1899 450 1959 vitio
474 1898 601 1976 perdere
626 1906 733 1959 cuncta
757 1915 840 1978 meo;

156 1986 215 2047 Sed
239 1988 307 2066 quia
330 1993 452 2066 peccato
476 1986 591 2047 lacinus
614 2003 675 2047 non
698 1985 783 2046 alluit
804 1984 865 2068 illi,

155 2075 202 2136 Nil
225 2075 352 2136 nisime
376 2074 480 2154 patriis
503 2075 591 2136 lussit
613 2072 717 2134 abesse
741 2075 832 2135 loeis.

155 2162 252 2242 thue
271 2163 357 2244 aliis,
376 2180 504 2241 quorum
522 2180 681 2224 numerum
700 2160 913 2241 comprendere
932 2180 992 2225 non
1011 2172 1074 2245 est,

107 2262 141 2312 to
156 2251 333 2312 Caesareum
356 2268 467 2312 numen
491 2252 533 2311 sic
557 2250 631 2311 mihi
654 2249 725 2313 mite
749 2250 821 2311 luit.

155 2338 221 2418 lpse
245 2338 390 2421 relegati,
413 2357 472 2400 non
496 2338 590 2400 exulis
614 2341 710 2401 utitur
732 2339 763 2398 in
786 2355 833 2399 me

155 2426 301 2488 Nomine:
329 2435 392 2488 tuta
416 2444 470 2487 suo
492 2426 591 2488 iudice
615 2444 704 2488 causa
726 2444 791 2487 mea
815 2433 877 2487 est.

155 2515 224 2576 lure
247 2515 338 2593 igitur
360 2513 486 2595 laudes,
510 2513 617 2576 Caesar
629 2562 639 2596 ,
661 2532 717 2595 pro
739 2521 824 2594 parte
849 2512 925 2576 virili

156 2602 291 2665 Carmina
314 2611 417 2664 nostra
440 2610 506 2663 tuas
530 2603 756 2683 qualiacumque
779 2610 907 2683 canunt3

107 2702 141 2753 25
156 2692 224 2753 lure
247 2691 340 2772 deos,
364 2699 399 2753 ut
421 2690 517 2752 adhue
541 2692 613 2754 caeli
637 2690 691 2753 tibi
713 2690 813 2752 limina
837 2690 990 2771 claudant,

156 2780 258 2860 Teque
282 2780 373 2841 velint
396 2782 459 2841 sine
484 2797 538 2862 se,
562 2798 759 2862 comprecor,
782 2796 847 2840 esse
871 2779 977 2839 deum.

156 2868 246 2947 Optat
263 2868 341 2930 idenr
356 2867 504 2949 populus3
533 2869 584 2930 sed
604 2869 687 2930 utin
706 2885 786 2928 mare
805 2865 927 2928 ilurnina
946 2873 1075 2947 vastum,

157 2955 206 3017 Sic
229 2955 305 3016 solet
327 2958 449 3035 exiguae
474 2973 595 3017 currere
620 2957 701 3016 rivus
724 2972 835 3033 aquae.

156 3042 194 3102 nt
216 3050 250 3103 tu
273 3043 443 3120 fortunam,
467 3045 553 3104 cuius
576 3060 667 3103 vocor
690 3042 758 3102 exul
781 3040 817 3101 ab
840 3058 910 3122 ore,

109 3142 143 3192 so
157 3129 282 3191 Nomine
305 3130 440 3191 mendaci
463 3147 551 3208 parce
574 3147 696 3209 gravare
720 3126 832 3189 meaml

531 3321 610 3396 XII.

151 3482 293 3565 Scribis,
315 3491 351 3545 nt
373 3480 519 3545 oblectem
542 3480 641 3544 studio
664 3480 843 3544 lacrimabile
866 3488 998 3562 tempus,

156 3571 199 3632 Ne
222 3580 346 3653 pereant
368 3574 450 3653 turpi
473 3578 594 3650 pectora
617 3578 719 3633 nostra
742 3572 818 3632 situ.

121 3678 203 3722 cvm.
230 3681 275 3722 111.
900 3673 916 3722 r
