2467 4042
415 253 465 304 111.
483 263 505 303 x
519 255 624 304 50-x1
638 255 680 303 40.
1010 247 1053 314 55

102 419 207 491 bouis
230 416 339 497 gradus
362 415 508 495 ulterior,
531 431 591 493 quo
615 432 647 475 se
671 422 721 475 tua
744 416 960 496 porrigatur,

134 503 267 568 Restat?
300 504 406 583 quidve
430 504 504 563 meis
526 504 626 563 cernis
649 502 752 563 abesse
777 500 886 564 malie?

133 595 262 656 Barbara
284 610 333 653 me
356 591 444 652 tellus
466 598 497 652 et
518 590 668 669 inhospita
690 590 776 652 litora
800 589 886 652 Ponti

134 683 268 762 Cumque
292 698 346 742 suo
368 678 459 740 borea
477 678 617 739 biaenelis
640 696 710 739 ursa
732 677 829 740 videt.

134 770 219 831 Nulla
242 768 315 829 mibi
337 786 406 829 enm
428 775 516 847 gente
540 767 602 827 iera
625 769 802 828 commeroia
824 766 959 848 linguae:

89 872 122 921 ιο
137 858 241 920 Omnia
265 856 382 918 solliciti
406 863 476 916 sunt
498 855 562 916 loea
584 855 671 934 plena
694 863 810 917 metus.

135 946 232 1025 thue
253 946 342 1024 fugax
366 942 459 1005 avidis
482 961 588 1004 cervus
612 943 777 1023 deprensus
801 943 837 1005 ab
859 946 957 1025 ursis,

135 1034 298 1113 Cinctaque
320 1033 469 1094 mentumis
490 1041 526 1092 ut
548 1041 636 1112 paret
658 1050 732 1112 agua
754 1032 851 1111 lupis,

136 1123 185 1185 Sie
208 1140 262 1202 ego
286 1119 436 1200 belligeris
459 1137 475 1180 a
498 1120 638 1199 gentibus
661 1121 792 1200 undique
815 1128 936 1199 saeptus

135 1211 287 1290 Terreor,
309 1209 394 1270 hoste
417 1226 518 1269 meum
540 1227 633 1288 paene
657 1216 811 1288 premente
834 1209 928 1272 latest

88 1312 121 1359 15
136 1298 233 1378 thue
256 1300 295 1359 sit
317 1300 458 1377 exiguum
481 1313 617 1379 poenae,
640 1297 719 1376 quod
742 1300 868 1376 coniuge
892 1315 977 1380 eura,

137 1385 221 1458 Quod
245 1386 340 1465 patria
362 1402 449 1445 careo
472 1385 706 1464 pignoribusque
730 1388 822 1467 meis,

138 1474 175 1536 Ut
197 1473 272 1535 mala
295 1472 375 1533 nulla
397 1472 491 1533 feram
514 1475 573 1533 nisi
595 1473 705 1535 nudam
728 1473 862 1534 Caesaris
884 1476 976 1554 iram,

137 1562 220 1624 Nuda
243 1579 350 1642 parum
373 1560 459 1621 nobis
482 1560 617 1623 Caesaris
641 1564 684 1622 ira
708 1562 776 1622 mali
799 1557 873 1623 est?

136 1650 174 1712 Et
196 1658 295 1713 mmeu
319 1657 366 1711 est
388 1648 517 1730 aliquis,
540 1653 593 1729 qui
615 1649 737 1711 vulnera
761 1649 852 1711 eruda
875 1656 1035 1729 retractet,

88 1751 123 1800 20
138 1739 237 1800 Solvet
259 1746 290 1798 et
311 1740 343 1798 in
366 1755 464 1798 mores
488 1756 540 1798 ora
563 1737 674 1799 diserta
696 1735 806 1799 meos?

136 1827 170 1888 ln
194 1845 282 1889 eausa
305 1825 383 1887 facili
407 1827 501 1887 cuivis
523 1827 594 1888 lieet
617 1845 683 1888 esse
707 1827 869 1907 disertum,

137 1915 176 1977 Et
197 1917 336 1977 minimae
359 1915 438 1975 vires
461 1914 599 1994 frangere
624 1932 729 1994 quassa
753 1915 867 1976 valent.

138 2003 291 2065 Subruere
314 2010 360 2064 est
382 2019 468 2063 arces
490 2010 521 2064 et
543 2006 650 2064 stantia
674 2005 789 2064 moenia
812 2005 925 2084 virtus3

138 2090 307 2164 Quamlibet
327 2092 426 2170 ignari
448 2093 639 2170 praecipitata
662 2100 818 2172 premunt.

89 2192 123 2242 aa
137 2180 204 2242 Non
231 2197 298 2242 sum
321 2197 375 2258 ego
404 2177 484 2257 quod
511 2178 647 2241 fueram.
685 2180 757 2260 quid
784 2182 903 2241 inanem
929 2180 1060 2259 proteris

575 2266 738 2330 umbram?

139 2355 217 2428 uuio
240 2361 371 2420 cinerem
394 2360 473 2420 saxis
495 2356 642 2436 bustaque
666 2365 767 2418 nostra
790 2352 895 2437 petis?

138 2444 248 2507 Hector
272 2456 335 2509 erat
356 2455 430 2508 tono
442 2492 451 2529 ,
475 2463 544 2507 oum
566 2444 645 2506 bello
668 2445 822 2525 oertabat3
845 2452 875 2506 at
896 2443 976 2506 idem

138 2531 261 2596 vinetus
285 2534 321 2596 ad
344 2534 524 2597 Haemonios
545 2552 604 2595 non
628 2542 692 2595 erat
713 2532 824 2594 Hector
847 2551 957 2613 equos.

138 2619 185 2682 bie
209 2641 350 2705 quoque,
378 2639 467 2702 quem
489 2640 578 2687 noras
600 2623 694 2704 olim,
720 2640 780 2684 non
805 2639 870 2683 esse
893 2629 1061 2684 meinento:

89 2722 126 2772 80
140 2708 183 2772 Ex
206 2712 257 2774 illo
280 2720 423 2792 superant
444 2712 518 2773 baeo
541 2711 698 2772 simulacra
721 2714 802 2772 viro.

139 2799 216 2871 Quid
241 2802 420 2881 simulacra,
443 2800 550 2881 ferox,
574 2799 662 2861 dietis
685 2801 810 2862 incessis
834 2793 968 2861 amaris?

139 2886 253 2969 Parce,
275 2907 405 2969 precor,
427 2906 530 2949 manes
553 2887 714 2950 sollicitare
736 2886 839 2950 meosl

140 2974 245 3036 Omnia
267 2995 336 3037 vera
359 2985 430 3056 puta
453 2994 519 3037 mea
542 2978 688 3055 erimina,
711 2975 753 3036 nil
776 2977 814 3037 sit
837 2977 868 3036 in
891 2975 967 3054 illis,

139 3062 225 3134 Quod
248 3066 341 3140 magis
364 3081 497 3124 errorem
520 3081 609 3141 quam
633 3064 730 3124 scelus
753 3080 819 3123 esse
842 3070 950 3141 putes:

89 3161 125 3212 3⁶
139 3150 300 3211 Pendimus
319 3169 356 3212 en
375 3151 494 3230 prologi
513 3183 551 3193 -
569 3153 642 3210 satia
661 3158 713 3210 tua
730 3157 852 3229 pectora
866 3148 874 3210 l
889 3181 931 3193 -
950 3167 1061 3229 poenam

138 3238 296 3318 Exilioque
319 3256 424 3319 graves
447 3237 587 3318 exiliique
610 3237 693 3299 loeo.

139 3327 278 3390 Caruiliel
300 3328 419 3390 iortuua
442 3334 541 3406 potest
564 3344 630 3387 mea
652 3325 749 3387 llenrla
773 3324 883 3388 videri:

138 3414 177 3478 Et
198 3424 299 3477 tamen
323 3424 368 3478 est
391 3434 451 3477 uno
474 3415 573 3476 iudioe
595 3432 694 3476 mersa
716 3412 839 3495 paruml

101 3509 103 3514 ⁴
140 3504 263 3566 Saevior
286 3523 319 3566 es
341 3506 421 3566 tristi
444 3502 603 3584 Busiride,
627 3505 741 3564 saevior
764 3502 831 3583 illo,

88 3605 124 3653 4ο
139 3593 198 3666 Qui
221 3591 328 3655 ialeum
352 3593 433 3655 lento
456 3594 567 3654 torruit
589 3594 657 3672 igne
681 3591 804 3672 bovem,
