2467 4042
163 218 226 285 162
331 239 471 276 umens
579 220 757 278 sturm.

249 385 390 448 Protinus
413 388 554 467 exuvias,
577 386 680 466 rigidis
703 386 856 448 horrentia
878 391 964 449 saetis

249 473 345 554 Terga
367 473 418 535 dat
440 482 471 535 et
492 476 605 553 magnis
628 476 755 554 insignia
777 474 915 536 dentibus
937 494 1003 537 ora.

186 574 237 624 444
250 561 296 623 llli
318 561 444 625 laetitiae
467 570 514 623 est
537 580 606 623 curn
630 580 754 624 munere
777 567 911 624 muneris
932 571 1064 625 auctor.

250 649 384 712 Inridere
408 650 478 712 alii:
500 657 623 729 totoque
646 659 711 712 erat
732 653 849 730 agmine
871 669 1019 713 44444444.

250 737 276 799 Ε
298 738 406 819 qnihus
429 741 542 818 ingenti
564 737 721 800 tendentes
743 738 882 801 bracchia
904 757 974 801 voce

251 822 344 887 ‘Pone
366 845 420 906 age
432 876 442 910 ,
465 845 521 888 neo
547 827 651 888 titulos
677 830 845 909 intercipe,
869 828 995 909 lemine,
1019 825 1188 905 nostros,’

250 914 425 977 Thestiadae
449 914 576 976 clamant
599 911 667 976 ‘noc
689 923 720 976 te
742 915 849 979 fiducia
874 916 983 977 formae

186 1013 238 1064 444
252 1001 385 1083 Decipiat
396 1051 406 1085 ,
429 1021 467 1065 ne
490 1005 530 1065 sit
551 1003 638 1082 longe
660 1002 715 1065 tihi
738 1012 842 1084 captus
860 1021 959 1065 amore

251 1087 375 1152 ductor’
399 1099 429 1154 et
450 1090 520 1153 huic
543 1091 678 1152 adimunt
699 1109 830 1174 munus,
852 1094 900 1154 ius
922 1094 1054 1153 muneris
1084 1091 1153 1153 illi.

252 1177 318 1240 Non
340 1180 430 1260 tulit,
453 1188 483 1241 et
505 1180 617 1241 tumida
639 1179 780 1242 frendens
802 1180 963 1242 Mavortius
984 1183 1029 1241 ira

253 1262 397 1349 ‘Discite,
419 1277 554 1348 raptores
577 1264 677 1329 alieni'
700 1268 775 1330 dixit
797 1264 947 1350 honoris,

252 1354 339 1416 Pacta
362 1358 450 1416 minis
472 1362 616 1436 qnantum
639 1352 761 1418 distent'
783 1356 941 1436 hausitque
963 1356 1096 1418 nefando

187 1453 239 1505 444
252 1443 379 1505 Pectora
399 1443 556 1526 Plexippi,
578 1445 621 1506 xil
644 1444 701 1506 tale
725 1447 880 1526 timentia,
904 1446 1003 1507 44444.

252 1531 373 1615 Terea,
396 1532 467 1610 quid
490 1533 598 1613 iaciat,
622 1532 768 1616 dubium,
789 1535 960 1614 pariterque
982 1531 1141 1595 volentem

253 1618 363 1681 Ulcisci
386 1620 508 1682 tratrem
529 1622 720 1701 fraternaque
742 1621 803 1683 4444
824 1623 977 1683 timentem

253 1707 338 1769 Haud
359 1711 472 1788 patitur
494 1708 629 1770 duhiure
653 1709 727 1790 diu,
749 1708 936 1789 cahdumque
958 1711 1073 1789 prioris

254 1795 349 1858 Caede
371 1796 523 1859 recalfecit
544 1799 677 1858 consorti
699 1799 841 1877 sanguine
864 1797 973 1858 telum.

187 1896 239 1946 444
298 1883 380 1946 Dona
402 1884 492 1946 deuna
514 1885 632 1966 templis
655 1894 724 1947 nato
746 1888 858 1947 victore
881 1883 1014 1968 ferebat,

254 1972 329 2035 Cum
351 1973 431 2035 ridet
453 1976 601 2036 extinctos
623 1975 732 2035 lratres
754 1973 875 2035 Althaea
897 1973 1021 2036 reterri.

254 2061 335 2132 Quae
358 2061 500 2142 plangore
522 2062 591 2124 dato
614 2063 735 2123 maestis
759 2060 937 2123 clamoribus
960 2060 1068 2123 urbem

254 2149 381 2232 Implet,
403 2158 435 2211 et
457 2153 568 2212 auratis
590 2152 716 2211 mutarit
736 2149 868 2211 vestibus
891 2158 987 2211 atras:

253 2239 292 2299 44
313 2237 402 2299 simul
424 2247 471 2300 est
492 2246 596 2300 auctor
617 2239 701 2299 necis
723 2237 843 2320 editus,
866 2236 976 2299 excidit
998 2242 1096 2301 omnis

188 2336 241 2387 444
254 2324 365 2388 Luctus
378 2376 388 2409 ‚
411 2336 441 2388 et
463 2344 480 2388 a
502 2326 631 2388 lacrimis
653 2327 685 2387 in
707 2343 820 2406 poenae
842 2344 948 2388 sersus
962 2343 1095 2389 amorem
1108 2337 1174 2390 est.

256 2413 354 2494 Stipes
377 2423 441 2477 erat
453 2462 463 2497 ,
485 2432 575 2495 quem
587 2462 596 2497 ,
619 2432 688 2476 cum
710 2421 814 2495 partus
836 2415 922 2476 enixa
942 2416 1056 2476 laceret

255 2501 413 2585 Thestias,
434 2505 466 2565 in
489 2503 636 2565 dammam
657 2502 790 2583 triphces
807 2520 940 2582 posuere
964 2520 1103 2586 sorores3

256 2590 446 2671 staminaque
468 2593 605 2670 inpresso
627 2590 726 2652 letalia
747 2589 854 2671 pollice
876 2597 982 2652 nentes

256 2675 424 2760 ‘Tempora'
448 2679 588 2741 dixenrnt
610 2675 726 2740 ‘eadem
748 2679 887 2758 lignoque
909 2677 1041 2760 tibique,

190 2766 280 2829 4440
303 2768 391 2830 modo
414 2776 505 2850 nate,
527 2767 631 2829 damus
645 2762 665 2827 .'
688 2785 747 2847 quo
769 2775 927 2848 postquam
949 2768 1082 2829 carmine
1096 2768 1174 2831 dioto

256 2853 419 2918 Excessere
442 2855 514 2918 deae
526 2904 536 2938 ,
558 2856 733 2936 flagrantem
755 2862 849 2917 mater
872 2854 908 2916 ah
931 2857 1000 2934 igne

255 2944 374 3026 Eripuit
396 2952 510 3006 torrem
531 2946 700 3025 sparsitque
718 2942 899 3022 liquentibus
922 2942 1028 3005 undis.

255 3032 307 3094 llle
330 3033 380 3095 din
404 3033 501 3095 lirenat
518 3031 721 3113 penetralibus
739 3030 855 3093 abditus
878 3033 963 3112 imis,

256 3120 456 3201 servatusque
479 3129 570 3203 tuos,
591 3123 708 3183 iuvenis
719 3167 729 3201 ,
752 3127 920 3181 servaverat
940 3136 1051 3181 annos.

188 3220 242 3272 444
255 3209 384 3271 Protulit
405 3209 486 3271 hune
508 3210 666 3289 genetrix,
688 3206 847 3287 taedasque
876 3215 909 3269 et
934 3208 1080 3286 fragmina
1107 3209 1176 3288 ponl

255 3296 406 3379 Imperat,
428 3306 460 3359 et
480 3299 585 3377 positis
603 3299 740 3358 inimicos
762 3296 899 3358 admovet
919 3297 1021 3374 ignes.

256 3385 333 3447 'an
356 3393 461 3446 conata
484 3393 589 3465 qnater
611 3385 737 3446 flammis
759 3387 903 3464 inponere
926 3400 1058 3459 ramum,

257 3471 367 3552 Coepta
390 3481 495 3553 quater
514 3475 631 3535 tenuit.
658 3480 793 3553 pugnant
813 3480 967 3552 materque
991 3490 1156 3553 sororque,

255 3558 294 3620 Et
315 3559 432 3621 diversa
453 3562 577 3624 trahant
598 3579 693 3624 unrnn
715 3561 775 3623 dno
799 3562 919 3622 nomina
941 3569 1065 3642 pectus.
