2467 4042
341 229 465 295 202
998 228 1281 290 ARTIS
1328 224 1607 287 ΑΜΑΤ.

590 383 716 444 Nec
745 398 856 442 sua
889 398 1010 442 non
1044 396 1232 440 sanus
1264 379 1490 454 scripta
1523 387 1704 455 poeta
1734 380 1896 454 legat
1910 384 1950 438 ε’

505 466 607 528 Sic
635 466 869 526 monuit
897 465 1213 525 Phoebus=
1257 462 1508 524 Phoebo
1535 471 1750 538 parete
1779 468 2069 526 monenti.

378 563 481 616 510
587 551 760 611 Certa
791 550 889 609 dei
918 564 1097 609 sacro
1130 556 1225 609 est
1252 548 1433 608 huius
1465 547 1521 606 in
1554 562 1661 607 ore
1690 547 1869 608 fides,

499 635 598 694 Ad
637 633 926 709 propiora
954 648 1168 693 vocor.
1233 631 1523 706 Quisquis
1556 631 1866 707 sapienter
1893 632 2150 709 amabit,

588 718 830 785 Vincet,
873 726 936 777 ct
964 733 1003 775 e
1032 723 1275 788 nostra,
1324 716 1492 791 quod
1523 723 1715 791 petet,
1756 723 1886 776 arte
1914 716 2091 777 feret.

501 801 741 863 Credita
772 817 894 861 non
927 815 1171 876 semper
1200 800 1358 860 sulci
1390 814 1525 858 cum
1559 801 1813 859 foenore
1839 800 2135 876 reddunt,

581 885 705 944 Nec
734 900 984 961 semper
1009 884 1228 943 dubias
1260 884 1509 945 adiuvat
1536 900 1686 944 aura
1712 890 1895 944 rates.

366 980 469 1033 515
494 968 671 1045 Quod
702 969 898 1040 iuvat,
948 968 1257 1043 exiguum.
1316 969 1451 1042 plus
1483 973 1605 1040 est,
1651 967 1817 1042 quod
1846 968 2051 1029 laedat
2082 983 2423 1036 amantes

578 1053 930 1129 Proponant
961 1052 1162 1111 animo
1194 1052 1382 1111 multa
1411 1050 1665 1111 ferenda
1693 1066 1829 1112 suo,

496 1135 652 1212 Quot
681 1139 929 1212 lepores
961 1136 1019 1195 in
1050 1136 1245 1209 Atho,
1292 1142 1443 1209 quot
1472 1150 1626 1210 apes
1659 1142 1993 1209 pascuntur
2022 1137 2087 1196 in
2122 1138 2398 1217 Hybla,

577 1220 832 1281 Caerula
861 1227 1009 1295 quot
1036 1219 1224 1279 bacas
1254 1218 1516 1279 Palladis
1547 1219 1732 1280 arbor
1759 1219 1959 1292 babet,

489 1304 717 1364 Littore
748 1311 896 1379 quot
925 1304 1228 1376 conchae,
1270 1310 1359 1363 tot
1386 1310 1530 1363 sunt
1557 1302 1619 1363 in
1650 1318 1858 1363 amore
1888 1304 2174 1365 dolores.

363 1400 468 1452 520
573 1388 740 1462 Quae
769 1388 1057 1463 patimur,
1098 1387 1285 1447 multo
1318 1387 1555 1462 spicula
1586 1388 1724 1446 selle
1752 1388 2015 1447 madent.

489 1472 662 1532 Dicta
691 1472 804 1531 erit
834 1472 963 1532 isse
993 1471 1189 1544 foras,
1241 1487 1421 1545 quam
1452 1478 1517 1531 tu
1548 1470 1811 1531 fortasse
1842 1471 2083 1532 videbis
2102 1494 2120 1529 ε

573 1557 706 1617 Isse
736 1557 933 1628 sorae,
980 1562 1040 1615 et
1068 1563 1126 1614 te
1157 1555 1312 1614 falsa
1342 1554 1554 1615 videre
1590 1561 1753 1629 puta.

489 1639 709 1700 Clausa
737 1638 843 1699 tibi
876 1639 1051 1699 suerit
1081 1637 1388 1713 promissa
1418 1639 1599 1698 ianua
1628 1644 1849 1698 nocte:-

571 1723 775 1783 Perfer
803 1730 865 1783 et
892 1723 1185 1783 inmunda
1215 1738 1447 1798 ponere
1476 1737 1704 1797 corpus
1734 1722 1941 1782 humo.

358 1817 457 1870 525
479 1807 758 1868 Forsitan
792 1814 851 1867 et
883 1808 1049 1867 vultu
1077 1806 1345 1866 mendax
1373 1806 1597 1865 ancilla
1625 1805 1894 1881 superbo

567 1892 741 1952 Dicet
770 1892 947 1965 ‘quid
976 1897 1220 1951 nostras
1251 1888 1497 1950 obsidet
1524 1890 1642 1950 iste
1672 1890 1837 1951 fores
1851 1892 1903 1948 θ’

484 1975 764 2037 Postibus
794 1980 853 2034 et
878 1976 1075 2035 durae
1105 1974 1373 2049 supplex
1402 1973 1679 2033 blandire
1712 1974 1971 2048 puellae,

564 2060 639 2119 Et
671 2058 852 2134 capiti
884 2059 1165 2133 demptas
1193 2059 1254 2118 in
1288 2059 1417 2118 rore
1447 2073 1609 2134 pone
1638 2074 1836 2119 rosas.

483 2143 630 2203 Cum
660 2142 853 2218 volet,
902 2143 1185 2202 accedes.
1226 2158 1364 2202 cum
1391 2148 1453 2202 te
1481 2141 1722 2215 vitabit,
1765 2140 1984 2202 abibis.

354 2234 455 2289 530
561 2226 832 2286 Dedecet
861 2226 1161 2299 ingenuos
1193 2226 1398 2286 taedia
1426 2226 1583 2285 serre
1614 2226 1730 2287 sui.

483 2308 791 2385 *Effugere
819 2310 980 2370 hunc
1007 2325 1129 2369 non
1161 2314 1280 2370 est’
1311 2325 1503 2384 quare
1533 2309 1640 2370 tibi
1670 2309 1871 2385 possit
1897 2310 2095 2369 amica

567 2394 820 2454 Dicere?
863 2409 984 2454 non
1012 2392 1182 2455 omni
1210 2401 1483 2469 tempore
1512 2410 1735 2454 sensus
1763 2394 1963 2455 adest.

479 2479 599 2539 Nec
629 2477 951 2538 maledicta
980 2484 1154 2553 puta,
1200 2494 1316 2537 nec
1345 2477 1601 2537 verbera
1631 2477 1791 2538 serre
1825 2479 2066 2553 puellae

559 2560 789 2637 Turpe,
836 2576 950 2622 nec
978 2561 1059 2621 ad
1089 2567 1335 2622 teneros
1366 2564 1581 2622 oscula
1610 2563 1770 2622 ferre
1800 2562 2012 2638 pedes.

351 2655 447 2707 ᾔδει
475 2646 626 2719 Quid
655 2661 864 2706 moror
898 2646 955 2704 in
986 2645 1237 2721 parvis?
1299 2647 1555 2706 Animus
1589 2646 1920 2706 maioribus
1950 2646 2157 2706 instat.

559 2729 780 2805 Magna
810 2745 1044 2790 canam.
1088 2737 1217 2790 toto
1251 2738 1526 2805 pectore,
1572 2730 1821 2801 vulgus,
1869 2728 2039 2789 ades.

475 2815 682 2875 Ardua
708 2814 1007 2873 molimur.
1059 2814 1171 2875 sed
1204 2815 1396 2888 nulla,
1442 2814 1559 2874 nisi
1590 2814 1811 2887 ardua,
1854 2814 2066 2873 virtuS.

559 2897 830 2958 Difficilis
859 2904 1069 2958 nostra
1095 2898 1372 2973 poscitur
1399 2906 1527 2959 arte
1561 2898 1752 2961 labor.

475 2983 743 3043 Rivalem
775 2982 1075 3058 patienter
1103 2982 1292 3055 habe,
1340 2982 1594 3043 victoria
1621 2989 1820 3042 tecum

347 3079 443 3123 filu
555 3065 764 3127 Stabit.
813 3065 934 3127 eris
966 3066 1167 3142 magni
1203 3065 1483 3127 victorin
1516 3066 1664 3126 orbe
1695 3066 1879 3126 Iovis,

472 3151 634 3211 llaec
664 3149 768 3210 tibi
799 3166 921 3211 non
952 3150 1289 3225 hominem,
1336 3151 1446 3212 sed
1482 3166 1745 3225 quercus
1776 3148 1961 3211 crede
1987 3148 2304 3225 Pelasgas

555 3234 785 3295 Dicere.
835 3234 915 3293 nil
948 3235 1079 3294 istis
1113 3251 1213 3295 ars
1251 3251 1387 3296 mea
1416 3236 1611 3295 maius
1647 3233 1847 3294 habet.

475 3319 681 3378 Innuet
708 3318 849 3377 illa..
883 3318 1064 3378 feras.
1109 3317 1379 3380 scribet..
1415 3335 1491 3380 ne
1520 3326 1702 3394 tange
1729 3318 2013 3378 tabellase

551 3402 724 3462 Unde
756 3403 949 3477 volet,
996 3402 1213 3462 veniat.
1262 3419 1512 3478 quoque
1543 3402 1777 3476 libebit,
1822 3411 1937 3464 eat.

343 3495 439 3547 με,
467 3487 594 3543 Huc
622 3485 681 3543 in
718 3486 979 3559 legitima
1009 3495 1323 3561 praestant
1350 3502 1546 3546 uxore
1576 3485 1788 3561 mariti,
