2467 4042
161 249 216 313 [88
517 250 657 310 ARTIS
680 249 819 310 ΑΜΑΤ.

177 411 226 466 755
239 402 391 463 Finiturus
409 417 501 462 eram.
538 402 600 463 Sed
619 403 829 464 suntd1versa
843 404 953 480 puellis

282 477 417 546 Pectora,
439 486 520 546 mitte
536 488 656 549 animos
671 488 781 564 excipe
797 488 878 547 mille
893 488 1004 551 modis.

240 571 302 630 Nec
316 570 405 629 telius
422 572 529 631 eadem
545 573 625 647 parit
639 572 750 632 omnia.
773 571 885 631 vitibus
901 572 953 631 iila

282 654 438 715 Convenit.
462 656 539 714 haec
554 657 641 716 oleis.
664 655 722 716 hac
734 657 814 715 bene
829 657 911 716 lama
924 657 1033 717 virent.

240 737 416 797 Pectoribus
430 754 532 799 mores
546 746 591 800 tot
605 748 690 815 sunt,
715 747 789 816 quot
802 722 924 900 wie
939 740 1074 815 figurae.

176 831 228 886 760
282 822 337 896 Qui
353 823 449 897 sapit,
470 823 636 884 innumeris
651 823 788 885 moribus
803 841 821 884 a
877 840 893 884 s
908 825 971 898 erit

239 907 339 980 thue
354 906 439 967 leves
454 907 581 969 Proteus
596 910 690 968 modo
706 924 742 968 se
757 908 892 969 tenuabit
906 909 936 967 in
949 910 1065 984 undas,

280 991 366 1051 Nunc
381 990 445 1066 leo,
466 1008 547 1052 nunc
563 992 669 1068 arbor,
692 1008 771 1052 nunc
786 994 843 1054 erit
856 993 953 1052 hirtus
968 1008 1056 1068 aper.

239 1075 295 1135 Hic
309 1074 408 1136 iaculo
425 1076 543 1151 pisces,
566 1078 618 1136 illa
634 1077 793 1153 capiuntur
807 1077 847 1137 ab
859 1076 974 1136 hamis:

280 1148 336 1218 Hi'c
352 1174 429 1219 cava
444 1167 586 1221 contento
600 1162 678 1221 retia
694 1161 766 1221 lune
779 1161 910 1221 trahunt.

177 1250 226 1306 765
238 1243 299 1302 Nec
314 1242 367 1303 tibi
382 1245 545 1304 conveniet
559 1252 686 1306 cunctos
701 1246 812 1307 modus
826 1260 906 1305 unus
921 1243 961 1304 ad
976 1260 1096 1307 annos.

280 1327 416 1402 Longius
431 1328 558 1389 insidias
574 1345 667 1389 cerva
682 1328 799 1390 videbit
811 1344 899 1389 anus.

238 1411 271 1471 Si
288 1411 397 1471 doctus
415 1412 539 1471 videare
555 1413 638 1487 rudi,
659 1414 840 1490 petulansve
856 1412 992 1488 pudenti,

280 1495 406 1556 Dillidet
419 1494 551 1556 miserae
567 1499 708 1571 protinus
722 1498 774 1558 illa
788 1497 858 1557 sibi.

238 1579 313 1639 inde
326 1579 375 1654 fit,
396 1586 430 1640 ut
444 1596 525 1655 quae
539 1596 575 1641 se
588 1582 687 1642 timuit
701 1583 888 1642 committere
901 1581 1046 1654 honesto,

177 1669 226 1726 770
277 1664 356 1724 Vilis
372 1664 412 1724 ad
427 1666 588 1739 amplexus
603 1666 757 1727 inferioris
772 1673 829 1727 eat.

237 1746 310 1807 Pars
326 1755 451 1823 superat
465 1751 580 1824 coepti,
604 1765 678 1824 pars
693 1757 741 1810 est
754 1749 905 1811 exhauste
920 1749 1050 1811 laboris.

280 1832 336 1892 Hic
351 1839 452 1892 teneat
465 1840 586 1894 nostras
602 1849 716 1895 ancora
730 1836 809 1895 iacta
824 1841 916 1895 rates.

561 2030 772 2039 m

254 2183 293 2275 P.
317 2180 436 2276 tutti
462 2182 637 2278 littltt
664 2182 791 2277 litut
817 2181 1075 2279 lnlttltnl

448 2368 589 2434 iinon
616 2367 878 2436 succinus.

237 2633 339 2729 Dicite
353 2669 396 2730 ‘io
410 2668 509 2729 Paean
518 2672 539 2727 P
561 2678 591 2731 et
605 2670 662 2731 ‘io’
679 2670 727 2730 bis
743 2668 835 2730 dicite
849 2669 961 2730 ‘Paean
970 2673 989 2710 ¹'

275 2753 395 2814 Decidit
409 2754 438 2812 in
454 2769 561 2814 casses
578 2754 693 2830 praeda
709 2752 801 2831 petita
816 2769 913 2816 meos.

234 2837 344 2897 Laetus
360 2853 467 2898 amans
482 2838 577 2899 donat
591 2839 683 2899 viridi
697 2854 767 2899 mea
778 2836 913 2899 carmina
926 2839 1036 2914 palma

275 2922 413 2982 Praelata
425 2923 565 2984 Ascraeo
578 2923 784 3000 Maeonioque
798 2924 875 2983 seni.

206 3004 313 3066 alatis
329 3005 367 3066 ab
382 3006 532 3067 armiferis
545 3006 712 3069 Priameius
728 3008 845 3083 hospes
860 3007 998 3085 Amyclis

277 3090 413 3150 candida
429 3106 497 3151 cnm
511 3099 597 3166 rapta
613 3091 745 3167 coniuge
760 3092 830 3151 veta
843 3089 937 3153 dedit

232 3173 313 3234 Talis
328 3183 394 3237 erat
409 3175 460 3250 qui
475 3183 506 3235 te
520 3191 611 3237 curru
624 3176 741 3236 victore
759 3176 883 3249 terebat

275 3260 373 3319 Vecta
389 3260 559 3335 peregrinis
574 3261 781 3336 Hippodamia
795 3261 880 3320 rotis.

233 3343 309 3419 Quid
324 3360 489 3420 properas,
512 3346 653 3405 iuveniat
673 3342 782 3404 mediis
797 3350 848 3405 tua
863 3343 953 3420 pinus
968 3345 997 3403 in
1012 3341 1106 3404 undis

195 3441 225 3491 to
276 3428 413 3503 Navigat.
436 3436 467 3489 et
482 3430 571 3504 longe
587 3445 678 3505 quem
693 3436 778 3504 peto,
800 3436 907 3504 portus
922 3427 1020 3488 abest.

232 3511 297 3572 Non
314 3514 389 3572 satis
405 3519 453 3573 est
466 3514 591 3573 venisse
605 3513 659 3573 tibi
673 3530 721 3573 me
736 3520 806 3572 vate
820 3513 969 3586 puellam
