2467 4042
445 241 477 292 r.
497 243 646 294 esa-aot.
982 240 1050 305 319

127 400 199 462 Vina
224 418 342 480 quoque
366 405 396 463 in
421 406 535 481 magnis
558 422 683 482 operose
706 403 824 466 condita
847 404 931 467 cellis

59 499 113 550 270
173 489 318 571 Floreat,
341 498 370 552 et
393 490 518 553 nebulae
542 491 619 552 dolia
643 511 757 553 summa
781 500 902 572 tegunt.

127 576 213 638 Mella
235 595 335 640 metim
358 595 491 644 mutnus:
524 579 660 641 volucres
684 598 739 660 ego
763 581 846 642 mella
870 581 990 643 daturas

170 665 215 726 tu
238 665 344 726 violam
367 675 398 727 et
421 669 530 747 cytisos
554 676 584 729 et
606 668 706 747 thyma
729 686 801 730 cana
824 687 914 730 voco.

128 752 201 831 [Nos
225 772 343 833 quoque
367 754 444 816 idem
469 755 593 817 iacimus
616 764 711 837 tune,
734 774 802 818 cum
825 756 1012 819 iuvenalibus

677 862 762 905 annis

171 927 337 992 Luxuriant
358 933 471 1010 animi,
495 949 680 1012 corporaque
702 935 766 1012 ipsa
789 929 940 1012 vigent']

25 1032 34 1045 ·
57 1015 208 1079 ecclelia
233 1018 381 1080 dicentem
404 1021 512 1081 tacitus
535 1021 685 1081 mirabar.
726 1029 757 1081 at
778 1020 827 1082 illa

172 1101 237 1168 ‘lus
261 1107 316 1168 tibi
338 1107 493 1189 discendi,
517 1111 601 1188 siqua
624 1104 770 1187 requiris'
794 1111 852 1172 ait.

126 1189 196 1255 ‘Die
220 1194 274 1257 dea
287 1189 477 1276 ,'·respondi
502 1191 656 1259 ‘ludorum
680 1215 755 1275 quae
778 1200 818 1258 sit
840 1193 958 1277 origo?

170 1282 224 1344 Vix
247 1283 324 1345 bene
348 1285 517 1366 desieram,
540 1284 656 1346 rettulit
677 1285 726 1345 illa
749 1285 840 1347 mibi:

127 1364 249 1431 ‘Cetera
272 1371 406 1433 luxuriae
429 1373 561 1433 nondum
585 1375 782 1434 instrumenta
804 1372 959 1454 vigebant,

57 1468 113 1518 280
172 1457 231 1519 Aut
252 1476 368 1538 pecus,
391 1467 441 1520 aut
464 1459 551 1521 latam
575 1460 657 1521 dives
679 1459 806 1522 babebat
828 1462 970 1542 brrrrrum3

126 1544 202 1607 Hinc
227 1547 315 1607 etiam
337 1546 492 1628 locuples,
514 1548 583 1609 binc
607 1550 671 1627 ipsa
693 1550 819 1627 pecunia
843 1549 920 1610 dieta
944 1558 1006 1611 est:

172 1633 230 1694 Sed
253 1635 312 1695 iam
335 1634 372 1696 de
394 1637 484 1696 vetito
509 1638 634 1715 quisque
658 1636 779 1714 parabat
802 1655 891 1714 opes.

127 1721 254 1788 Venerat
277 1724 308 1783 in
330 1740 444 1785 morem
467 1723 569 1802 populi
592 1722 752 1803 depascere
775 1725 884 1804 saltus,
990 1737 1047 1791 (1⁷02

170 1810 262 1890 ldque
285 1810 337 1872 diu
359 1811 463 1891 licuit,
488 1829 642 1891 poenaque
665 1812 746 1873 nulla
768 1814 842 1874 luit.

54 1910 111 1959 285
126 1898 246 1960 Vindice
270 1898 405 1960 servabat
427 1898 508 1960 nullo
532 1918 585 1961 sua
608 1899 727 1980 publica
749 1901 871 1981 volgus3

170 1986 289 2067 lamque
312 1990 343 2047 in
366 1989 480 2066 privato
503 2005 625 2065 pascere
648 1990 754 2049 inertis
778 1997 858 2049 erat.

126 2074 225 2135 Plebis
248 2076 285 2136 ad
307 2074 416 2136 aediles
438 2076 581 2155 perducta
604 2075 723 2137 licentia
746 2076 811 2136 talis
880 2100 883 2109 ·

171 2163 343 2244 Publicios5
366 2166 482 2224 animus
506 2163 600 2224 deluit
623 2172 690 2224 ante
714 2165 801 2224 viris.

127 2250 200 2312 ilem
223 2252 350 2331 populus
372 2254 501 2333 recipit,
524 2250 646 2312 multam
670 2251 788 2312 subiere
812 2261 971 2313 nocentes:

50 2351 112 2404 290
171 2338 343 2400 vindicibus
366 2339 446 2400 laudi
468 2339 585 2419 publiea
608 2358 679 2400 cura
703 2339 776 2400 init.

126 2427 217 2489 Multa
241 2428 306 2488 data
329 2436 375 2488 est
398 2445 434 2488 ex
457 2436 541 2505 parte
564 2427 659 2507 mibi,
682 2445 848 2507 magnoque
871 2431 969 2488 favore

172 2515 306 2577 Victores
329 2515 415 2576 ludos
437 2517 594 2576 instituere
617 2533 727 2577 novos.

126 2604 214 2665 Parte
237 2603 335 2664 locant
357 2602 488 2684 olivum,
511 2606 562 2683 qui
585 2612 657 2664 tune
681 2613 744 2664 erat
767 2602 858 2664 ardua
881 2621 989 2681 rupes:

171 2691 248 2752 Utile
271 2709 351 2752 nuno
373 2693 431 2752 iter
455 2698 501 2754 est
513 2737 522 2770 ‚
544 2690 771 2771 Publiciumque
796 2687 934 2753 vocant.'

48 2792 112 2847 295
126 2780 231 2840 Annua
255 2778 438 2840 credideram
463 2780 629 2859 spectacula
653 2781 749 2840 iacta.
791 2782 925 2860 negarit,

170 2865 289 2929 Addidit
312 2875 343 2928 et
365 2867 452 2929 dietis
475 2867 566 2928 altera
590 2866 678 2928 verba
702 2870 782 2929 suis:

128 2951 203 3018 ‘Nos
227 2973 345 3035 quoque
368 2959 462 3034 tangit
480 2956 596 3017 bonor.
634 2957 718 3017 iestis
736 2956 899 3035 gaudemus
923 2958 1047 3037 eteris,

169 3044 328 3124 Turbaque
351 3044 494 3106 caelestes
513 3042 670 3105 ‘ambitiosa
694 3062 814 3107 sumtis.

127 3131 220 3211 Saepe
244 3132 315 3194 deos
339 3133 444 3212 aliquis
466 3133 616 3212 peccando
640 3132 711 3194 iecit
733 3135 870 3213 iniquos,

49 3233 111 3287 300
170 3220 208 3281 Et
230 3237 285 3300 pro
309 3221 425 3283 delictis
447 3221 544 3281 hostia
567 3220 673 3281 blanda
695 3222 768 3298 suit,

127 3307 220 3389 Saepe
243 3308 343 3370 lovem
364 3309 425 3369 vidi
437 3356 446 3389 ‚
469 3327 537 3370 cum
561 3311 619 3369 iam
643 3326 696 3370 sua
719 3311 837 3369 mittere
861 3308 948 3370 vellet

170 3397 327 3478 Fulmina,
350 3405 419 3458 ture
443 3397 509 3457 dato
533 3399 711 3458 sustinuisse
734 3415 872 3458 manum.

123 3484 162 3548 m
184 3487 211 3546 si
233 3485 439 3566 neglegimur‚
462 3486 575 3564 magnis
598 3487 706 3546 iniuria
729 3487 833 3564 poenis

170 3572 323 3655 Solvitur,
346 3582 376 3635 et
398 3576 510 3635 iustum
533 3575 677 3652 praeterit
698 3576 741 3633 ira
766 3573 901 3634 modum.
