2467 4042
458 233 480 284 L
500 244 521 284 v
536 235 641 284 to-vr
654 236 679 285 2.

156 395 188 456 st
209 412 267 456 vox
288 394 433 474 infragilis
445 442 455 475 ‚
477 402 584 474 pectus
607 395 681 458 milri
702 396 818 458 firmius
841 414 927 478 aere,

153 483 302 562 Pluraque
325 501 394 544 cum
416 483 525 561 linguis
548 482 685 562 pluribus
708 501 760 545 ura
782 485 898 566 iurent,

106 582 139 632 11
154 570 220 631 Nou
243 579 342 633 tamen
364 570 477 632 idcirco
500 569 716 651 complecterer
739 575 837 634 omnia
860 572 976 650 verbis,

154 659 276 721 Materia
298 661 378 721 vires
401 668 598 738 exsuperante
622 677 720 722 muas.

154 747 213 809 Pro
236 748 312 809 duce
335 746 449 808 Neritio
472 747 553 809 docti
574 748 651 809 mala
672 757 775 810 nostra
796 756 902 829 poetae

156 835 306 898 Scribite:
328 834 443 896 Neritio
465 853 534 896 nam
557 835 633 896 mala
655 836 741 916 plura
763 838 835 900 tuli.

154 922 205 986 llle
228 924 312 986 brevi
334 926 430 1003 spatio
453 923 555 986 multis
578 927 690 986 erravit
711 927 742 986 in
765 927 851 988 annis

105 1012 235 1077 coluter
258 1011 408 1074 lluliehias
430 1011 592 1091 Iliacasque
616 1012 738 1076 domos:

153 1100 214 1163 Nos
238 1102 314 1162 treta
337 1099 487 1163 sideribus
509 1102 581 1162 tutis
603 1099 742 1163 distantia
764 1120 884 1165 mensos

152 1188 176 1270 †
199 1189 311 1251 Detulit
333 1192 365 1251 in
389 1189 507 1250 Geticos
531 1187 770 1269 Sarmaticosque
793 1192 896 1254 sinus.

152 1279 205 1340 Ille
228 1276 332 1340 habuit
353 1278 501 1358 fidamque
523 1295 645 1338 manum
667 1281 825 1359 sociosque
847 1279 969 1343 fideles:

153 1366 200 1427 lle
223 1366 383 1445 profugum
406 1368 530 1427 comites
554 1365 715 1427 deseruere
737 1370 814 1429 mei.
862 1370 865 1379 '

106 1453 428 1517 1111111111111111111
450 1456 575 1533 patriam
598 1456 754 1534 victorque
777 1456 915 1534 petebatz

153 1543 178 1604 t
200 1544 296 1622 patria
318 1542 381 1620 lugi
403 1544 500 1604 rietus
523 1551 554 1605 et
576 1542 645 1604 exul
669 1561 742 1622 ego.

152 1631 215 1692 Nec
237 1629 310 1692 mihi
332 1629 501 1692 Dnliehium
523 1630 628 1692 domus
652 1641 699 1693 est
719 1627 855 1694 Ithaceve
879 1632 1037 1715 Samosve,

153 1719 251 1780 Poena
274 1718 384 1798 quibus
405 1737 466 1780 non
489 1726 536 1781 est
557 1719 805 1798 grandisabesse
828 1721 919 1801 locis,

154 1806 214 1869 Sed
236 1824 311 1886 quae
335 1806 371 1868 de
395 1815 509 1887 septem
532 1815 628 1869 totum
651 1809 855 1888 circumspicit
877 1809 979 1872 orbem

106 1895 327 1976 11Μ1111111111,
349 1898 467 1975 imperii
489 1894 582 1956 Roma
605 1896 754 1976 deumque
777 1896 879 1959 loeus.

152 1983 198 2045 llli
220 2001 330 2062 eorpus
352 1991 418 2046 erat
439 1983 548 2045 durum
570 1986 746 2064 patiensque
769 1984 921 2048 laborum:

149 2071 299 2134 ‘lnvalidae
321 2073 401 2134 vires
422 2074 629 2152 ingenuaeque
651 2073 740 2134 mihi.

151 2160 203 2222 1111
226 2169 291 2223 1111
313 2160 431 2222 assidue
454 2163 549 2222 saevis
572 2163 699 2240 agitatus
721 2164 753 2223 iu
775 2164 884 2224 armis:

152 2249 304 2310 Adsuetus
325 2248 430 2309 studiis
453 2247 592 2310 mollibus
614 2251 679 2328 ipse
703 2250 763 2311 lui.

105 2349 138 2397 to
153 2335 199 2397 lle
223 2336 297 2399 deus
320 2338 491 2418 oppressit,
513 2335 594 2398 nullo
617 2336 693 2399 111111
715 2345 817 2399 nostra
839 2337 972 2400 levante:

152 2423 292 2486 Bellatrix
314 2424 357 2485 illi
380 2423 446 2485 diva
468 2424 583 2487 serebat
605 2444 711 2506 opem.
1122 2505 1125 2510 Ι

152 2512 286 2593 Cumque
305 2515 403 2574 minor
421 2512 489 2573 lore
507 2515 564 2595 sit,
582 2514 703 2576 tumidis
722 2517 774 2595 qui
794 2522 900 2594 regnat
917 2517 949 2576 in
968 2513 1072 2595 undis,

152 2601 238 2663 lllum
260 2600 413 2682 Neptuni,
434 2619 484 2664 me
506 2600 583 2664 lovis
606 2605 652 2664 ira
672 2606 799 2683 premit.

151 2690 233 2753 tude
245 2740 255 2773 ‚
279 2691 358 2771 quod
380 2689 460 2752 illius
482 2708 552 2770 pars
573 2694 700 2753 maxima
723 2693 791 2754 ficta
813 2690 966 2775 laborum,

102 2790 138 2841 80
151 2778 276 2842 Ponitur
299 2782 330 2841 in
352 2781 465 2842 uostris
487 2778 586 2841 fabula
608 2778 689 2841 nulla
714 2780 817 2843 malis.

150 2868 283 2948 lienique
307 2870 456 2947 quaesitos
480 2870 577 2947 tetigit
600 2877 698 2930 temen
726 2868 776 2930 ille
799 2878 939 2949 penates,

151 2956 293 3036 Quaeque
316 2956 367 3017 diu
389 2958 498 3037 petiit,
521 2958 646 3035 contigit
668 2975 736 3018 arva
759 2965 878 3018 11111111
923 3035 930 3040 p

150 3045 188 3103 dt
210 3043 284 3105 mihi
305 3052 452 3123 perpetuo
475 3046 569 3122 patria
592 3043 699 3105 tellure
723 3044 884 3106 carendum
906 3051 970 3122 est,

150 3130 188 3192 Ni
209 3132 302 3193 luerit
322 3130 396 3193 laesi
417 3129 534 3192 mollior
556 3134 602 3192 ira
625 3130 682 3192 dei.

532 3325 593 3399 VI.

147 3485 210 3549 Nec
233 3493 349 3549 tantum
373 3485 469 3547 Clario
492 3483 572 3566 hyde
596 3449 702 3547 dilecta
725 3491 864 3565 poetae„

147 3574 209 3637 Nee
232 3583 349 3638 tantum
372 3574 432 3636 Coo
455 3572 543 3635 Bittis
566 3582 661 3635 amata
684 3592 738 3636 suo
763 3582 822 3652 est,
