2467 4042
490 246 526 315 Ι,
547 251 704 300 tol—tar.
831 262 962 300 cromano
1086 245 1108 309 5

176 412 303 491 lamque
327 429 440 473 nocens
463 412 577 472 lenum
599 412 741 490 ferroque
763 411 921 473 nocentius
944 428 1050 472 aurum

176 500 360 563 Prodierat:
382 499 483 579 prodit
504 498 615 561 bellum
627 546 638 581 ,
661 498 740 580 quod
762 507 875 578 pugnat
898 506 1045 580 utroque,

178 588 410 668 sanguineaque
433 606 522 649 manu
545 591 720 668 crepitantia
743 589 876 648 concutit
898 604 995 647 arma.

178 676 297 740 Vivitur
319 694 358 738 ex
380 684 488 757 rapto;
510 694 572 737 non
594 675 704 756 hospes
727 674 763 735 ab
781 675 897 756 hospite
920 683 1022 756 tutus,

95 776 162 827 145
175 765 246 827 Non
269 782 359 827 socer
380 782 398 824 a
420 782 530 843 genero
544 785 552 845 3
574 764 702 825 fratrum
717 780 834 843 quoquo
848 765 941 843 gratia
959 780 1026 824 rara
1044 771 1107 824 est.

176 852 321 915 imminet
343 854 434 913 exitio
457 855 501 914 vir
523 854 681 933 coniugis,
703 851 753 912 illa
775 854 892 933 mariti;

175 941 292 1003 Lurida
314 939 465 1002 terribiles
487 942 615 1002 miscent
632 941 748 1001 aconita
770 957 934 1020 novercae3

175 1029 275 1091 lilius
298 1037 368 1090 ante
390 1028 470 1089 bem
491 1031 604 1109 patrios
627 1029 754 1108 inquirit
774 1031 807 1088 in
829 1044 939 1089 annos.

175 1117 265 1179 Victa
287 1120 365 1179 iacet
386 1119 482 1197 pietas
493 1164 503 1199 ,
526 1125 557 1178 et
578 1114 667 1196 Virgo
691 1116 780 1177 caede
802 1116 974 1198 madentes,

95 1217 158 1268 iao
171 1204 288 1267 Ultima
309 1204 493 1286 caelestum,
515 1213 612 1266 terras
635 1205 757 1266 Astraea
779 1203 917 1283 reliquit.

175 1293 262 1355 Neve
285 1294 364 1354 ioret
384 1295 475 1354 terris
498 1295 633 1354 securior
655 1291 767 1353 arduus
789 1289 909 1373 aetber5

175 1382 344 1442 Allectassc
365 1381 468 1442 icrunt
489 1398 621 1460 regnum·
639 1380 765 1442 caeleste
789 1379 946 1462 Gigantas,

176 1470 308 1549 Altaque
332 1477 489 1548 congestos
512 1471 659 1548 struxisse
682 1468 718 1529 ad
737 1468 834 1528 sidera
857 1475 990 1530 montes.

176 1558 261 1619 Tum
283 1564 368 1637 pater
390 1558 579 1636 omnipotens
601 1559 694 1617 misso
716 1556 862 1636 perfregit
883 1554 1040 1636 Olympum

103 1658 161 1708 16⁶
176 1645 319 1708 Fulmina
343 1653 374 1706 ct
396 1647 528 1706 excussit
550 1643 685 1706 subiecto
707 1643 811 1705 Pelion
833 1643 943 1705 Ossae.

176 1733 297 1795 Obruta
319 1733 396 1794 mole
420 1751 475 1794 sua
497 1750 566 1794 cum
589 1750 714 1813 corpora
737 1732 801 1793 dira
823 1734 972 1813 iacerent,

178 1822 340 1884 Poriusam
362 1820 456 1882 multo
479 1827 618 1882 natorum
640 1823 784 1900 sanguine
806 1820 930 1881 'lerram

178 1908 367 1971 inmaduisse
390 1910 492 1971 ierunt
514 1908 701 1988 calidumque
724 1911 870 1969 animasse
892 1925 1048 1992 cruorem,

178 1997 242 2080 lit,
265 2015 304 2059 ne
326 1996 407 2058 nulla
429 2015 502 2058 suae
524 1999 627 2077 stirpis
649 2000 830 2059 monimenta
852 2007 1025 2078 manerent,

108 2098 164 2150 rto
178 2085 217 2147 ln
238 2086 346 2146 faciem
358 2088 484 2146 vertisse
498 2085 651 2146 hominum
666 2132 673 2145 .
701 2084 754 2147 sed
777 2095 807 2146 et
820 2084 869 2145 illa
882 2102 1013 2165 propago
1038 2097 1063 2141 r.
1076 2109 1104 2142 v.

183 2172 392 2253 contemptrix
414 2191 557 2254 superum
580 2190 742 2252 sacraeque
765 2171 932 2234 avidissima
954 2174 1053 2236 caedis

180 2261 221 2324 Et
243 2261 372 2324 violenta
394 2262 473 2323 luit:
495 2263 589 2322 scires
611 2280 628 2322 e
652 2263 796 2340 sanguine
818 2269 923 2323 natos.

228 2349 311 2420 Quae
332 2357 418 2429 pater
439 2356 474 2409 ut
496 2366 610 2411 summa
632 2349 706 2411 vidit
729 2348 887 2410 Saturnius
905 2368 993 2433 arce,

181 2437 311 2517 Ingemit
333 2445 385 2518 et,
408 2437 487 2498 iacto
509 2437 642 2500 nondum
664 2437 782 2517 vulgata
804 2440 920 2499 recenti

115 2537 168 2589 ret
182 2524 282 2586 Foeda
305 2523 468 2604 Lycaoniae
490 2526 627 2586 referens
645 2528 778 2587 contina
799 2543 937 2608 mensae,

181 2612 322 2693 lugentes
345 2615 443 2674 animo
466 2620 498 2673 ct
519 2613 623 2693 dignas
645 2612 714 2675 love
737 2616 868 2694 concipit
889 2617 967 2696 iras,

182 2700 407 2781 Conciliumque
430 2710 536 2763 vocat.
563 2705 662 2764 tenuit
684 2720 767 2762 mora
788 2702 869 2763 nulla
891 2711 1029 2770 vocatos.¹

182 2788 239 2851 list
259 2793 306 2851 via
327 2787 487 2870 sublimis,
509 2789 591 2851 caelo
613 2791 771 2851 manifesta
793 2808 918 2872 sercn03

182 2876 291 2939 Lactea
313 2894 422 2939 nomen
443 2876 534 2939 babet
545 2926 555 2960 ‚
578 2877 707 2939 candore
730 2878 869 2939 notabilis
890 2881 973 2959 ipso.

118 2978 168 3031 rto
181 2964 245 3027 flac
265 2968 325 3027 iter
348 2973 395 3026 est
416 2967 534 3045 superis
556 2966 593 3027 ad
616 2969 715 3047 magni
737 2973 815 3028 tacta
837 2966 980 3028 Tonantis

180 3053 380 3134 Regalemque
403 3053 545 3116 donmm.
573 3053 677 3116 dextra
698 3054 837 3134 laevaque
860 3055 984 3117 deorum

180 3143 263 3203 Atria
286 3141 431 3204 nobilium
453 3141 543 3205 valvis
567 3142 756 3204 celebrantur
780 3145 907 3222 apertis.

179 3228 269 3292 Plebs
293 3228 406 3291 habitat
428 3230 545 3291 diversa
566 3231 664 3312 locis3
686 3231 741 3291 hac
763 3232 862 3292 fronte
884 3239 1023 3310 potentes

181 3317 345 3379 Caelicolae
363 3317 496 3397 clarique
519 3337 590 3381 suos
611 3337 740 3400 posuere
762 3327 903 3399 penates.

120 3418 167 3469 lta
180 3405 236 3467 llic
257 3407 343 3467 locus
366 3414 434 3488 est,
457 3425 546 3486 quem
558 3456 567 3489 ‚
591 3411 617 3468 si
640 3407 882 3469 verbisaudacia
904 3409 993 3470 detur
1000 3456 1010 3490 ,

180 3493 266 3556 Haud
288 3497 410 3555 timeam
431 3498 530 3575 magni
553 3496 663 3558 dixisse
685 3494 796 3556 Palatia
818 3495 907 3557 caeli.

180 3582 259 3663 Ergo
282 3582 336 3644 ubi
357 3601 524 3645 marmoreo
547 3586 650 3664 superi
673 3583 778 3645 sedere
801 3602 941 3666 recessu,
