2467 4042
174 273 240 335 xv.
265 273 374 353 {xvi}
397 273 590 333 baniols
614 271 811 337 rso-aso.
943 279 1004 340 iro

50 429 132 489 Cum
151 424 260 487 videas
275 426 376 485 cuitus
391 430 497 485 nostra
511 426 550 486 de
566 432 658 502 gente
674 425 816 497 virorum,

100 512 230 587 Qualem
245 508 419 570 Dardanias
435 509 537 570 credis
551 510 667 570 habere
683 517 799 571 nurus?

0 615 28 648 s.
50 598 102 657 tta
117 595 213 656 modo
229 599 260 653 te
277 593 409 653 facilem.
432 609 490 654 nec
506 593 674 669 dedignare
688 594 835 671 maritum,

101 680 188 740 Rure
200 677 404 753 Therapnaeo
420 685 491 739 nata
506 679 622 751 puelia,
644 676 807 756 Phrygem.

51 764 165 843 Phryx
181 770 246 822 eret
260 768 291 821 et
307 768 414 823 nostro
431 761 553 837 genitus
570 762 609 821 de
625 762 788 837 sanguine,
812 764 864 839 qui
882 782 961 826 nunc

101 848 178 909 Cum
194 846 243 907 dis
259 846 398 921 potando
413 851 537 906 nectare
556 844 664 907 miscet
678 861 786 920 aquas.

50 932 164 1011 Phryx
181 936 245 991 erat
256 930 400 991 Aurorae
414 929 537 990 coniux.
560 939 661 989 tamen
677 927 800 990 abstulit
815 931 897 993 iiiurn

7 1039 11 1070 ι
25 1037 30 1071 ι
99 1016 277 1076 Extremum
292 1012 393 1075 noctis
409 1030 489 1089 quae
505 1013 565 1073 dea
578 1011 645 1074 buit
661 1013 727 1075 iter.

50 1100 163 1180 Phryx
178 1096 269 1161 etiam
284 1098 455 1173 Anchises,
477 1098 634 1158 volucrum
650 1097 698 1158 cui
713 1103 808 1158 mater
821 1102 968 1163 Amorum

101 1182 223 1244 Gaudet
237 1183 266 1242 in
284 1181 386 1243 idaeis
402 1181 609 1243 concubuisse
624 1181 713 1257 iugis.

50 1269 136 1339 Nec,
161 1273 251 1345 puto,
276 1267 407 1327 conlatis
423 1268 522 1328 forma
535 1266 694 1327 Menelaus
710 1274 740 1326 et
755 1282 844 1328 annis

99 1351 207 1412 iudice
224 1357 254 1411 te
269 1349 361 1411 nobis
376 1350 595 1412 anteferendus
613 1350 679 1411 erit

8 1459 29 1490 ι
48 1437 121 1498 Non
139 1434 283 1496 dabimus
299 1441 383 1497 certe
396 1450 539 1499 socerum
553 1432 608 1496 tibi
623 1435 705 1496 ciere
722 1434 877 1510 fugantem

98 1518 243 1594 Lumina,
268 1519 320 1594 qui
337 1519 474 1595 trepidos
491 1534 509 1578 a
524 1520 605 1595 dape
620 1524 719 1579 vertat
734 1535 850 1594 equos=

52 1604 120 1665 Nee
135 1602 258 1663 Priamo
273 1609 363 1678 pater
376 1610 425 1663 est
442 1600 543 1664 soceri
559 1603 599 1664 de
613 1603 711 1663 caede
727 1609 880 1676 cruentus,

98 1687 135 1748 ut
151 1686 205 1763 qui
218 1686 360 1765 Myrtoas
378 1687 502 1747 crimine
517 1685 618 1761 signat
631 1701 745 1761 aquas:

52 1770 118 1834 Nec
134 1786 256 1848 proavo
271 1770 381 1850 Stygia
395 1778 502 1831 nostro
516 1776 677 1846 captantur
689 1768 721 1829 in
735 1770 819 1830 unda

13 1868 42 1919 io
97 1856 208 1930 Poma,
230 1870 289 1916 nec
304 1855 333 1915 in
350 1855 459 1916 mediis
476 1853 630 1930 quaeritur
646 1868 733 1913 umor
748 1855 847 1928 aquis.

55 1940 134 2016 Quid
150 1948 253 2000 umen
269 1940 329 2000 boc
343 1939 450 2015 refert,
472 1938 500 1999 si
515 1944 545 1999 te
560 1944 644 1999 tenet
656 1944 743 1998 onus
759 1937 798 2000 ab
814 1938 896 2003 iuisr

100 2023 226 2100 cogitur
239 2023 312 2084 buic
326 2021 431 2085 domui
446 2022 583 2100 luppiter
597 2037 670 2085 esse
685 2037 785 2086 socer.

56 2109 123 2170 ileu
139 2107 278 2169 iaciaust
301 2108 372 2169 totis
387 2109 532 2185 indignus
546 2107 689 2171 noctibus
705 2109 755 2170 iile

97 2192 138 2253 Te
153 2199 251 2266 tenet,
275 2194 421 2268 amplexu
435 2193 661 2269 perfruiturque
676 2199 738 2255 tuo.

0 2280 96 2339 teat
111 2276 185 2338 mihi
200 2277 394 2354 conspiceris
411 2277 512 2353 posita
531 2277 582 2338 vix
600 2277 735 2352 denique
750 2293 873 2339 mensa=

98 2361 272 2437 Multaque,
294 2377 375 2437 quac
391 2362 528 2435 laedant,
549 2362 608 2422 boc
624 2377 749 2439 quoque
763 2368 884 2439 ternpus
898 2362 993 2424 haba

55 2445 206 2507 Hostibus
223 2444 368 2506 eveniant
381 2445 524 2506 convivia
539 2446 610 2507 taiia
627 2444 750 2519 nostris,

98 2529 252 2605 Experior
265 2530 368 2606 posito
385 2528 487 2604 quaiia
501 2546 598 2606 saepe
612 2545 707 2591 mero.

56 2612 193 2675 Paenitet
204 2613 348 2690 hospitii,
371 2629 440 2673 cunr
455 2630 503 2675 me
519 2620 678 2690 spectante
696 2613 826 2674 lacertos

13 2717 41 2746 «ι
96 2698 232 2774 imponit
246 2697 326 2759 colio
342 2698 476 2759 rusticus
492 2699 550 2760 iste
566 2706 629 2760 tuo.

58 2782 194 2858 Rumpor
207 2789 239 2843 et
253 2781 410 2843 invideo...
429 2782 535 2857 quidni
550 2789 651 2844 tamen
669 2778 771 2843 omnia
788 2790 946 2844 narrernt..

97 2865 237 2928 Membra
254 2865 429 2942 superiecta
444 2881 512 2928 com
527 2873 579 2928 tua
597 2874 684 2928 veste
699 2867 791 2928 iovet.

60 2948 170 3011 Oscula
185 2967 255 3010 curn
272 2966 347 3010 vero
363 2966 467 3012 coram
482 2967 545 3012 non
560 2951 638 3012 dura
654 2951 778 3025 daretis,

95 3038 178 3096 Ante
194 3036 304 3095 ocutos
320 3035 412 3111 posui
426 3036 539 3110 poema
556 3041 680 3111 sumpta
694 3051 790 3097 meos.

19 3128 43 3164 ‚·
59 3117 184 3180 Lumina
199 3118 341 3193 demitto,
362 3134 431 3179 cum
446 3127 476 3180 te
492 3126 572 3180 tenet
588 3120 682 3180 artius
698 3119 756 3194 iile,

98 3202 216 3264 Crescit
231 3208 262 3264 et
275 3202 370 3262 invito
386 3205 487 3264 lentus
503 3203 532 3263 in
547 3220 602 3265 cre
617 3203 714 3263 cibus.

8 3276 12 3285 '
59 3285 157 3364 Saepe
174 3286 248 3347 dedi
261 3286 403 3362 gemitus.
426 3294 514 3362 otte,
535 3286 665 3362 lasciva,
689 3286 792 3349 notavi

98 3373 129 3431 in
146 3370 263 3447 gemitu
278 3371 375 3432 risum
389 3387 450 3432 non
467 3371 605 3433 tenuisse
619 3388 699 3433 meo.

61 3454 160 3531 Saepe
179 3470 264 3516 merc
280 3456 363 3517 voiui
379 3454 532 3516 dammam
547 3471 756 3532 compescere.
781 3462 811 3516 at
826 3457 876 3517 iiia

21 3553 29 3592 ἱ
99 3538 214 3614 Crevit,
239 3549 269 3601 et
287 3539 419 3601 ebrietas
435 3540 514 3617 ignis
533 3540 562 3601 in
579 3540 650 3617 igne
665 3540 730 3603 fnit.

23 3636 96 3683 ono.
118 3624 139 3683 1.
816 3634 838 3686 9.
