2467 4042
192 225 259 291 252
599 225 793 278 eaeronun

216 404 268 455 ott
282 391 403 469 iamque
426 389 478 452 ubi
499 389 637 450 suadebit
659 388 790 470 piaoidos
817 407 875 450 nox
896 389 998 450 umida
1023 406 1170 474 somnos,

327 479 420 558 Larga
444 481 596 558 precaturi
620 481 728 540 sumite
751 480 817 538 vina
840 493 946 559 mann,

283 568 321 629 Et
344 564 437 628 ‘bene
461 585 535 649 ms,
557 566 634 627 bene
658 574 710 647 te,
734 569 957 715 patriaecappztlpr1
962 614 975 679 ‚²
999 568 1121 646 optime

327 743 422 806 otone
446 740 559 805 suffuso
581 759 637 823 per
660 742 735 804 bona
760 742 849 804 verba
871 757 971 804 mero.

548 883 601 948 23.
622 881 650 946 F
673 880 843 947 tonte

285 1008 349 1070 Nox
372 1007 424 1070 ubi
448 1011 620 1090 transierit,
645 1005 731 1071 solito
755 1008 924 1070 celebretur
946 1009 1063 1070 bonore

219 1110 270 1159 646
328 1096 453 1176 Separat
476 1097 585 1157 indicio
609 1099 661 1177 qui
684 1097 758 1159 deus
781 1113 848 1158 arva
872 1115 946 1158 suo.

285 1185 446 1267 Termine,
470 1188 531 1246 siue
554 1185 651 1267 lapis,
674 1188 735 1247 sive
758 1202 792 1247 es
814 1185 950 1247 defossus
970 1187 1004 1246 in
1027 1203 1107 1265 agro

185 1281 188 1286 '
332 1274 452 1356 Stipes,
476 1273 511 1334 ab
535 1277 666 1353 antiquis
689 1283 722 1336 tn
745 1291 863 1354 qnoque
887 1292 996 1335 numen
1019 1274 1137 1337 habes.

284 1362 326 1422 Te
350 1364 409 1423 duo
433 1363 549 1423 diuersa
571 1362 684 1423 domini
706 1381 761 1443 pro
783 1372 868 1443 parte
890 1371 1053 1444 coronant,

330 1451 462 1531 Binaque
486 1459 565 1511 serta
588 1451 643 1511 tibi
666 1451 794 1531 binaque
816 1451 875 1512 iiba
896 1449 1016 1513 ierunt.

220 1552 271 1603 645
286 1541 343 1600 dra
366 1541 417 1600 fit:
440 1540 499 1600 buo
522 1541 621 1618 ignem
645 1548 731 1601 ettrto
754 1540 812 1600 sert
832 1532 945 1601 rn'stiea
968 1547 1050 1601 testu
1171 1555 1205 1604 ot

331 1629 488 1707 Sumptnm
512 1628 548 1688 de
570 1628 681 1706 tepidis
701 1629 767 1707 ipsa
789 1628 892 1689 colona
914 1628 1006 1690 focis.

287 1716 378 1796 Ligna
402 1733 493 1777 senex
516 1717 643 1797 minuit,
668 1719 845 1796 concisaque
868 1719 1018 1779 construit
1040 1726 1131 1802 arte,

331 1805 370 1865 Et
393 1806 484 1866 solida
508 1823 606 1865 ramos
629 1805 720 1884 figere
743 1813 855 1884 pugnat
877 1805 985 1866 humo:

287 1894 362 1954 Turn
387 1896 466 1954 sicco
489 1896 599 1973 primas
623 1896 725 1964 inritat
747 1897 860 1955 cortice
883 1894 1033 1975 flammam

220 1994 272 2045 656
332 1982 397 2042 Stat
419 2000 495 2060 puer
518 1990 548 2041 et
571 1981 707 2042 manibus
730 1982 786 2042 iata
810 1984 938 2042 canistra
961 1988 1063 2043 tenet.

286 2070 358 2130 inde
383 2070 433 2130 ubi
457 2079 503 2130 ter
526 2070 628 2148 iruges
652 2071 764 2131 medios
786 2072 908 2131 immisit
928 2071 961 2130 in
983 2072 1086 2153 ignis,

330 2158 460 2236 Porrigit
481 2159 591 2219 incisos
613 2159 672 2218 iiiia
694 2177 784 2238 parva
806 2157 904 2220 favos.

287 2245 359 2306 Vina
383 2255 486 2307 tenent
509 2247 579 2308 adii:
611 2245 742 2308 libantur
764 2245 880 2326 singula
902 2247 1046 2328 dammim

333 2336 496 2415 Spectant,
520 2344 550 2395 et
570 2333 827 2414 tinguendum
851 2334 938 2396 turba
960 2334 1056 2396 bret.

221 2435 273 2487 655
288 2423 444 2503 Spargitur
468 2431 498 2484 et
521 2441 606 2484 caeso
629 2427 795 2485 eommunis
815 2419 976 2484 Terminus
1000 2439 1102 2508 agno,

332 2513 392 2572 Neo
416 2515 574 2593 queritur,
598 2512 710 2573 laetans
733 2530 801 2574 cum
824 2512 881 2573 sibi
903 2529 993 2593 porea
1017 2511 1129 2575 datur.

287 2602 494 2681 Conveniunt,
517 2600 728 2681 celebrantque
752 2601 841 2681 dapes
862 2603 970 2662 vicinia
993 2601 1146 2684 simpiex,

331 2690 369 2750 Et
392 2699 512 2750 cantant
533 2689 658 2770 landes,
681 2685 820 2751 Termine
843 2697 944 2750 sancte
956 2736 966 2771 ‚
988 2697 1077 2751 tuas:

287 2773 350 2838 ‘Tu
375 2778 499 2857 populos
520 2778 673 2858 urbesque
697 2788 727 2839 et
749 2795 839 2858 regna
862 2780 993 2858 ingentia
1013 2775 1107 2841 imis:

222 2880 273 2930 tto
332 2866 436 2934 Omnis
460 2869 517 2926 etit
539 2870 603 2927 sine
628 2876 657 2928 te
678 2867 825 2946 litigiosus
848 2883 935 2946 ager.

288 2956 372 3016 Nuiia
397 2956 451 3015 tibi
474 2955 595 3016 ambitio
619 2965 686 3034 est,
708 2956 790 3017 nulio
813 2955 1016 3035 corrumperis
1037 2971 1139 3040 auro,

333 3044 474 3123 Legitima
499 3047 604 3105 servas
623 3045 734 3105 eredita
757 3061 828 3105 rura
850 3043 929 3105 fide.

289 3132 323 3193 Si
346 3143 377 3193 tu
403 3136 551 3210 signasses
574 3131 644 3194 oiim
668 3132 844 3212 Thyreatida
866 3141 995 3213 terram,

333 3221 463 3301 Corpora
487 3237 547 3281 oon
570 3219 630 3282 ieto
653 3223 741 3282 missa
763 3229 898 3282 trecenta
921 3221 1036 3301 forent,

223 3322 275 3373 665
290 3309 350 3370 Nec
376 3313 451 3371 iuret
475 3309 640 3389 Othryades
663 3313 812 3389 congestis
836 3310 930 3371 lectus
952 3313 983 3369 in
1001 3312 1124 3373 'armis

334 3398 359 3460 Ο
382 3411 524 3478 qnantum
548 3401 661 3478 patriae
684 3401 836 3477 sanguinis
858 3397 907 3459 itte
931 3396 1028 3459 dedii
1220 3459 1221 3484 ἶ

290 3486 389 3564 Quid,
414 3505 486 3546 nova
511 3505 578 3546 enm
602 3487 708 3547 tierent
730 3483 904 3567 Capitoiia‘?
934 3502 1040 3566 nempe
1069 3486 1221 3566 deorum}

334 3574 445 3633 Cirricta
469 3573 530 3634 iovi
554 3578 645 3635 cessit
667 3574 777 3655 turba,
800 3573 958 3655 iocumque
982 3571 1085 3638 dedit.
