2467 4042
446 249 505 318 xl,
525 254 684 305 aot—272.
795 269 890 307 111010
1003 251 1066 318 223

134 417 207 480 11110
228 426 260 480 te
283 416 414 497 Peleus,
436 423 472 476 ut
494 434 598 477 somno
621 417 719 478 vincta
741 416 876 498 tacebas,

136 506 300 589 Occupat:
323 514 354 565 et
377 506 516 584 quoniam
538 502 679 584 precibus
702 514 844 584 temptata
866 524 1032 589 repugnas,

54 607 120 658 240
135 594 210 656 Vim
232 601 339 675 parat,
362 595 518 654 innectens
541 592 687 654 ambobus
711 593 785 655 colla
806 593 944 656 lacertis.

138 682 231 755 Quod
254 684 313 744 nisi
334 682 490 764 venisses,
516 683 636 742 variatis
659 699 747 762 saepe
769 683 891 765 figuris,
955 695 1067 739 10010.

139 772 188 833 Ad
211 770 313 833 solitas
337 777 439 852 artes,
462 786 534 831 auso
557 770 636 830 foret
657 769 706 832 ille
730 773 859 851 potitus.

140 858 202 922 Sed
222 858 310 921 modo
329 866 364 920 tu
382 856 512 920 volueris
525 891 569 902 -
583 858 736 921 volucrem
753 867 852 921 tamen
870 859 918 920 ille
933 860 1068 943 tenebat3

140 948 231 1010 Nunc
254 949 351 1027 gravis
374 945 464 1008 arbor
482 963 571 1008 crass
598 947 741 1009 haerebat
762 950 793 1009 in
817 948 923 1010 arbore
941 948 1067 1011 Peleus.

58 1047 125 1100 24⁶
140 1037 246 1099 Tertia
269 1036 364 1098 forma
387 1035 446 1097 fuit
468 1035 635 1097 maculosae
658 1036 797 1115 tigridis:
825 1037 874 1097 illa

140 1126 282 1188 Territus
304 1123 447 1186 Aeacides
471 1142 488 1185 a
511 1142 637 1204 corpore
660 1124 797 1187 bracchia
820 1126 923 1187 solvit.

140 1214 245 1294 Usque
269 1211 342 1274 deos
364 1211 461 1292 pelagi
482 1214 551 1273 vino
574 1231 666 1294 super
689 1231 818 1293 aequora
842 1214 910 1274 fuso

139 1302 183 1364 Et
203 1303 323 1382 peeoris
346 1300 430 1362 fibris
454 1309 485 1362 et
507 1301 589 1363 inmo
611 1303 689 1363 turis
712 1303 832 1383 adorat,

140 1391 244 1452 Donec
268 1388 445 1469 Carpathius
468 1389 566 1450 medio
589 1390 625 1450 de
648 1393 766 1469 gurgite
788 1396 870 1452 vates

64 1491 125 1542 250
140 1475 281 1541 ‘Aeacide
294 1472 316 1559 ,'
339 1478 414 1539 dixit
436 1474 582 1539 ‘thalamis
604 1480 719 1557 potiere
743 1480 866 1558 petitis:

140 1567 189 1629 Tu
213 1566 325 1646 modo,
348 1583 417 1627 cum
439 1566 535 1645 rigido
559 1570 656 1646 sopita
679 1568 814 1645 quiescet
835 1569 867 1627 in
890 1575 993 1649 antro,

143 1656 281 1735 lgnaram
304 1653 418 1732 laqueis
441 1654 596 1733 vincloque
618 1657 737 1717 innecte
760 1657 874 1716 tenaci.

141 1743 205 1805 Nee
228 1752 258 1804 te
282 1740 412 1822 decipiat
434 1751 555 1804 eentum
578 1746 701 1805 mentita
725 1744 852 1826 liguros,

144 1830 203 1893 Sed
233 1848 360 1912 preme,
388 1830 529 1910 quicquid
558 1833 637 1912 erit,
665 1832 736 1893 dum
763 1831 842 1911 quod
871 1833 928 1895 luit
954 1843 1040 1918 ante,

896 1917 1067 1984 reformet?

70 2021 126 2072 255
142 2009 266 2070 llixerat
287 2008 362 2069 1100
384 2008 512 2070 Proteus
535 2018 565 2070 et
588 2009 722 2071 condidit
743 2027 872 2089 aequore
895 2010 1027 2091 vultum,

145 2097 331 2176 Admisitque
355 2114 426 2158 suos
448 2099 480 2158 in
503 2095 593 2157 verba
615 2100 774 2158 novissima
796 2099 922 2160 linctus.

143 2185 263 2247 Pronus
287 2192 352 2245 erat
373 2184 461 2246 Titan
483 2184 685 2265 inclinatoque
707 2186 828 2248 tenebat

143 2273 324 2352 Hesperium
347 2282 465 2335 temone
489 2274 622 2356 fretum,
646 2293 714 2335 cum
737 2274 861 2354 pulchra
883 2274 995 2337 relecto

143 2362 250 2423 Nereis
272 2361 441 2440 ingreditur
463 2370 606 2423 consueta
630 2361 739 2424 cubilia
761 2381 849 2425 saxo.

72 2464 128 2515 too
143 2449 198 2511 Vix
221 2449 298 2511 bene
321 2452 471 2529 virgineos
492 2448 600 2513 Peleus
623 2453 770 2513 inuaserat
792 2461 893 2533 artus,

143 2538 197 2600 llla
218 2545 308 2599 novat
329 2539 462 2620 formas,
488 2537 583 2599 donee
606 2557 661 2601 sua
683 2539 817 2601 membra
839 2541 935 2601 teneri

145 2626 244 2688 Sentit
266 2633 298 2687 et
319 2628 350 2687 in
372 2633 473 2707 partes
494 2626 626 2689 diversas
648 2627 786 2690 bracchia
809 2627 908 2689 tendi.

144 2714 223 2776 Tum
246 2713 366 2776 demum
388 2716 555 2794 ingemuit:
578 2712 700 2795 ‘neque'
724 2719 766 2777 ait
789 2712 864 2777 ‘sine
887 2718 1010 2778 numine

957 2823 1049 2866 vineis

143 2891 281 2955 Exhibita
300 2900 405 2970 estque
420 2891 523 2954 Thetis
532 2888 552 2953 .'
576 2894 742 2955 confessam
757 2893 945 2974 amplectitur
962 2852 1068 2975 heros:

76 2991 129 3042 too
143 2978 182 3041 Et
203 2983 323 3060 potitur·
341 2981 417 3041 votis
439 2982 612 3060 ingentique
635 2981 739 3061 implet
760 2982 890 3045 Achille.

187 3067 270 3130 Felix
293 3076 324 3130 et
346 3077 416 3130 nato
428 3116 439 3151 ‚
461 3068 531 3130 felix
554 3079 585 3131 et
607 3073 734 3149 coniuge
756 3070 882 3153 Peleus,

142 3156 182 3218 Et
205 3159 254 3218 cui
265 3204 276 3239 ,
300 3159 326 3218 si
349 3156 449 3218 demas
473 3157 597 3237 iugulati
621 3161 744 3220 crimina
767 3159 877 3239 Phoci,

144 3244 249 3306 Omnia
273 3247 481 3324 contigerant.
509 3247 642 3308 fraterno
665 3250 808 3327 sanguine
832 3253 947 3308 sontem

141 3333 367 3415 Expulsumque
392 3333 478 3395 domo
501 3337 596 3414 patria
618 3334 777 3397 Trachinia
799 3335 887 3396 tellus

75 3434 128 3486 tto
141 3422 280 3504 Accipit.
307 3422 357 3484 hic
380 3440 507 3503 regnum
530 3426 594 3486 sine
617 3426 669 3505 ri,
693 3426 757 3486 sine
781 3422 868 3484 caede
892 3421 1014 3502 regebat

140 3510 280 3573 Lucifero
304 3511 439 3591 genitore
463 3520 567 3595 satus,
589 3514 778 3592 patriumque
802 3513 930 3572 nitorem

142 3598 202 3662 Ore
226 3600 328 3662 ferens
351 3598 452 3681 Ceyx.
479 3600 529 3662 illo
553 3604 605 3681 qui
628 3610 763 3681 tempore
786 3610 916 3662 maestus
