2467 4042
407 288 455 338 111.
474 291 685 343 11146-11117.
721 303 726 313 ·

136 450 214 511 Pone
238 458 336 510 metus
359 451 472 528 igitur:
504 452 640 512 mitescet
663 451 795 513 Caesaris
818 455 879 534 ira,

177 537 215 598 Et
237 541 336 599 veniet
358 541 434 598 votis
457 538 574 598 mollior
596 539 669 599 hora
693 543 770 601 tuis.

94 625 212 688 85Neve
239 644 353 687 moram
380 629 508 708 timeas,
536 638 675 708 tempus,
704 628 782 706 qrrod
811 631 998 710 quaerimus,

680 718 787 796 instat,
961 721 965 726 ’

178 802 349 882 Cunctaque
372 801 500 863 laetitiae
524 803 610 883 plena
635 803 802 881 triumphus
825 802 930 865 babet.

135 890 209 951 Dum
233 891 339 952 domus
363 900 393 951 et
415 894 497 965 nati,
522 892 591 953 dum
616 901 710 952 mater
733 891 813 951 Livia
836 892 963 973 gaudet,
1008 903 1052 957 (88)

176 978 252 1039 Dum
274 979 407 1058 gaudes,
430 981 543 1058 patriae
567 998 672 1058 magne
696 979 839 1059 ducisque
862 989 964 1059 pater:

133 1068 210 1127 Dum
234 1066 292 1127 sibi
314 1076 448 1146 gratatur
471 1068 598 1146 populus
611 1114 621 1147 ,
645 1076 795 1148 totamque
819 1086 874 1148 per
898 1066 1007 1128 Urbem

88 1167 120 1216 9ο
176 1155 279 1216 Omnis
302 1155 433 1215 odoratis
456 1155 574 1234 ignibus
598 1174 648 1216 ara
672 1156 763 1236 calet,

133 1242 208 1304 llum
231 1244 333 1304 faciles
357 1243 454 1304 aditus
477 1243 600 1323 praebet
623 1243 790 1304 venerabile
815 1244 975 1326 templum,

177 1331 361 1411 Sperandum
386 1340 433 1392 est
455 1339 572 1392 nostras
594 1350 683 1411 posse
706 1331 803 1392 valere
826 1350 932 1413 preces
943 1327 962 1392 .'

133 1418 233 1499 Dixit,
255 1428 286 1480 et
308 1428 359 1480 aut
381 1418 430 1480 ille
455 1429 500 1480 est
523 1429 629 1480 tenues
652 1420 783 1499 dilapsus
805 1423 837 1480 in
860 1439 964 1501 auras,

177 1506 347 1584 Coeperunt
370 1525 476 1568 sensus
500 1518 551 1568 aut
574 1507 694 1586 uigilare
718 1510 793 1568 mei.

87 1606 120 1655 uo
135 1593 166 1655 Si
189 1593 343 1675 dubitem,
367 1597 463 1655 faveas
487 1598 559 1674 quin
583 1596 651 1675 his,
675 1614 692 1655 o
716 1596 840 1656 Maxime
853 1643 863 1676 ‚
886 1596 992 1678 dictis,

176 1681 343 1742 Memnonio
367 1701 475 1761 cycnos
498 1702 564 1744 esse
588 1683 687 1744 colore
709 1692 827 1763 putem.

133 1770 190 1831 Sed
215 1788 312 1848 neque
334 1779 466 1831 mutatur
488 1774 571 1850 nigra
594 1774 660 1851 pice
683 1772 796 1833 lacteus
819 1790 923 1852 umor,

176 1858 238 1918 Nec
251 1904 260 1938 ‚
284 1857 362 1936 quod
386 1865 450 1918 erat
473 1858 602 1920 candens
615 1908 625 1940 ‚
647 1861 681 1920 lit
703 1859 890 1921 terebinthus
915 1858 1005 1920 ebur.

133 1945 321 2008 Conveniens
341 1948 437 2005 animo
461 1965 555 2025 genus
578 1947 723 2008 esttibi.
764 1947 862 2009 nobile
886 1966 1012 2028 namque

65 2047 116 2097 100
175 2034 284 2095 Pectus
307 2044 337 2095 et
359 2032 522 2095 Herculeae
546 2035 747 2115 simplicitatis,
764 2036 872 2097 babes.

130 2121 219 2183 Livor
231 2170 241 2203 ‚
264 2123 346 2183 iners
368 2123 494 2197 vitium,
518 2140 616 2184 mores
640 2141 699 2184 non
724 2126 783 2185 exit
806 2126 837 2185 in
860 2124 952 2205 altos,

175 2210 272 2290 thue
296 2210 391 2271 latens
413 2211 471 2269 ima
494 2212 594 2289 vipera
617 2214 711 2290 serpit
733 2212 841 2273 humo.

130 2298 215 2359 Mens
238 2308 289 2358 tua
311 2296 446 2359 sublimis
470 2316 560 2377 supra
582 2318 677 2377 genus
700 2302 810 2361 eminet
832 2302 947 2380 ipsum,

175 2385 322 2447 Grandius
345 2387 463 2465 ingenio
487 2404 543 2447 nec
566 2386 621 2447 tibi
644 2405 752 2448 nomen
774 2390 869 2449 inest.

61 2487 114 2537 105
129 2474 210 2554 Ergo
234 2473 283 2534 alii
306 2483 433 2535 noceant
456 2476 594 2554 miseris,
618 2483 780 2554 optentque
804 2476 920 2555 timeri,

175 2561 339 2642 Tinctaque
362 2563 493 2624 mordaci
516 2562 629 2643 spicula
652 2561 719 2622 lelle
743 2571 864 2641 gerant.

128 2651 168 2713 tt
190 2660 240 2712 tua
264 2645 447 2730 supplicibus
470 2650 576 2712 domus
599 2659 646 2712 est
669 2650 790 2710 adsueta
812 2649 964 2732 iuvandis,

174 2738 208 2800 ln
232 2756 359 2819 quorum
382 2757 506 2800 numero
530 2757 601 2820 me,
623 2757 753 2820 precor,
776 2755 842 2799 esse
864 2737 953 2798 velis,

505 2933 588 3007 IIII.

126 3090 209 3152 llaec
232 3091 286 3153 tibi
308 3109 367 3151 non
391 3109 493 3153 vanam
516 3095 664 3172 portantia
687 3091 777 3152 verba
800 3089 926 3151 salutem
1006 3099 1049 3153 (88)

174 3178 251 3240 Naso
274 3178 428 3240 Tomitana
449 3183 541 3240 mittit
564 3179 600 3240 ab
624 3178 698 3241 urbe
722 3188 810 3258 tuus;

126 3266 228 3347 thue
252 3285 306 3330 suo
330 3267 427 3327 sareas
450 3267 568 3328 mandat
581 3314 590 3346 ,
613 3266 741 3347 liuline,
764 3265 945 3345 Triumpho:

174 3355 208 3417 ln
231 3364 345 3416 vestras
368 3357 448 3416 venit
471 3358 497 3415 si
520 3365 617 3416 tamen
641 3355 689 3415 ille
713 3372 835 3414 manus.

88 3443 184 3506 ttEst
206 3463 282 3524 opus
305 3445 444 3522 exiguum
467 3446 633 3522 vestrisque
657 3441 809 3522 paratibus
832 3443 937 3520 inpar:

174 3533 266 3604 Quale
290 3541 388 3593 mmen
412 3550 540 3612 cumque
563 3540 632 3611 est,
655 3540 689 3591 ut
711 3540 837 3606 tueare,
859 3547 949 3609 rogo.

123 3620 226 3683 Firma
245 3620 343 3683 valent
360 3639 415 3701 per
438 3640 488 3702 se,
510 3621 685 3699 nullumque
703 3619 862 3681 Machaona
882 3623 1045 3699 quaerunt.
