2467 4042
206 194 273 262 320
614 196 808 253 00οΤ00οΜ

229 373 280 424 tob
295 361 421 440 Respice
445 360 645 421 Thestiaden:
676 359 801 420 dammis
824 359 1001 422 absentibus
1026 365 1126 443 arsit3

339 449 433 511 Carisa
457 456 525 529 est,
549 447 627 527 quod
651 446 785 509 Phoebes
808 466 858 509 ara
881 451 944 517 siue
970 450 1045 528 igne
1073 451 1149 513 luit.

295 538 420 616 Respice
444 536 638 598 Tantaliden:
670 535 773 597 eadem
797 535 850 598 doa
872 536 935 597 vela
960 537 1109 599 tenebat.

339 625 428 703 Virgo
451 634 498 686 est
510 670 519 704 ,
541 634 572 686 et
594 634 711 704 spretos
733 623 780 685 bis
803 634 900 685 tamen
924 624 987 685 ulta
1010 626 1120 687 locos.

295 713 452 795 Hippolyte
475 713 599 794 infelix,
623 711 712 773 velles
735 712 863 774 coluisse
886 712 1022 793 Dionen,

228 815 282 863 310
340 801 413 863 Cum
438 803 635 862 consternatis
658 799 831 879 diripereris
855 804 956 879 equis.

296 889 395 969 Longa
418 891 532 951 referre
556 906 638 950 mora
661 896 707 950 est
729 896 864 950 correcta
887 888 994 949 oblivia
1018 890 1157 952 damnis.

340 977 386 1039 lle
411 996 529 1057 quoque
553 978 674 1039 Romani
699 980 879 1056 praeteriere
901 984 1022 1055 patres.

296 1066 373 1138 Quid
398 1068 548 1147 lacerem,
571 1084 626 1144 per
648 1066 726 1144 quod
751 1067 853 1126 berem
876 1065 1035 1126 manifesta
1061 1063 1185 1129 dolorisi

340 1154 496 1233 Exigerern
520 1162 640 1215 nostrae
663 1153 759 1232 qualia
782 1153 886 1214 damna
909 1149 1027 1214 notae?

231 1255 283 1304 sto
297 1242 415 1304 Excidit
437 1243 567 1303 cilicium
590 1244 669 1302 tristi
692 1242 785 1303 mibi.
826 1242 905 1304 nulla
927 1240 1039 1302 tuebar

340 1330 442 1412 Rura,
465 1348 521 1391 nec
544 1333 574 1391 iu
597 1333 695 1409 pretio
719 1329 824 1391 tortilis
847 1330 952 1390 bortus
976 1339 1066 1393 erat:

296 1419 369 1480 Lilia
392 1418 563 1480 deciderunt
575 1466 584 1499 ,
607 1417 698 1478 riolas
721 1436 805 1479 arere
828 1418 967 1498 rideres,

340 1507 460 1585 Filaque
484 1508 604 1585 punicei
626 1505 764 1585 languida
786 1506 861 1568 lacta
884 1509 985 1566 croci.

298 1594 391 1674 Saepe
415 1594 486 1655 mibi
509 1594 663 1673 Zephyrus
686 1590 798 1655 “dotus
822 1611 1015 1673 corrumpere
1042 1594 1107 1656 noli

230 1695 283 1744 300
341 1682 408 1762 lpsa
431 1677 526 1744 tuas''
550 1682 644 1743 dixit.
685 1683 739 1743 dos
761 1683 833 1743 mibi
855 1682 920 1743 vilis
942 1689 1028 1744 erat.

296 1771 455 1832 Florebant
478 1770 581 1851 oleae,
596 1772 684 1831 'venti
707 1789 836 1832 nocuere
859 1772 1007 1849 protervi:

341 1859 499 1920 Florebant
521 1867 660 1939 segetes,
683 1858 824 1937 grandine
847 1858 924 1919 laesa
947 1857 1062 1920 Ceres:

296 1947 329 2009 ln
353 1965 405 2028 spe
429 1949 497 2008 vitis
521 1955 606 2026 erat,
630 1946 744 2007 caelum
767 1948 908 2026 nigrescit
930 1945 967 2006 ob
990 1950 1106 2008 austris

340 2034 379 2096 Et
402 2034 500 2096 subita
523 2035 645 2095 frondes
667 2035 859 2096 decutiuntur
881 2052 973 2113 aqua.

231 2135 283 2184 333
297 2123 358 2185 Νο0
382 2123 461 2184 volui
484 2123 548 2183 fieri
561 2169 570 2202 ,
593 2141 649 2183 uec
674 2138 740 2184 sum
763 2121 892 2183 crudelis
914 2124 945 2182 in
969 2123 1033 2204 ira,

341 2210 417 2273 Cura
441 2210 604 2290 repellendi
627 2211 680 2271 sed
703 2211 776 2270 rnibi
798 2210 877 2271 nulla
901 2210 972 2270 luit.

297 2299 467 2361 Convenere
491 2309 612 2380 patres,
637 2309 688 2378 et,
712 2301 737 2360 si
759 2298 835 2359 bene
857 2298 961 2359 dorent
984 2314 1103 2379 annos,

341 2386 518 2449 Numinibus
542 2389 653 2448 nostris
676 2405 773 2448 annua
796 2386 870 2448 lesta
893 2395 1015 2447 rorent.

296 2475 462 2537 Annuimus
485 2483 574 2536 voto.
616 2474 721 2536 consul
743 2493 811 2537 cum
835 2474 955 2536 consule
979 2474 1067 2535 ludos

231 2576 284 2625 330
341 2563 493 2625 Postumio
517 2563 630 2625 Laenas
653 2563 825 2641 persoluere
849 2556 951 2623 mibi.'

297 2652 448 2724 Quaerere
472 2652 621 2731 conabar,
645 2669 736 2730 otiare
759 2651 877 2712 lascivia
899 2651 991 2710 maior
1059 2690 1063 2699 η

341 2739 394 2801 llis
416 2741 494 2801 soret
516 2743 547 2801 in
569 2738 648 2801 lodis
670 2738 850 2818 liberiorque
874 2741 974 2800 iocus.
1124 2812 1127 2817 ἱ

298 2826 356 2890 Sed
380 2827 452 2888 mibi
475 2830 647 2908 succurrit,
671 2845 780 2888 numen
804 2844 862 2888 non
886 2844 951 2887 esse
975 2840 1139 2911 severum,

340 2917 474 2996 Aptaque
498 2915 611 2976 deliciis
635 2933 758 2977 munera
781 2916 860 2976 lerre
883 2914 984 2975 deam.

230 3017 282 3067 030
296 3004 441 3085 Tempora
465 3003 602 3065 sutilibus
627 3006 786 3083 cinguntur
810 3010 870 3065 tota
893 3003 1028 3084 coronis,

341 3091 380 3153 Et
401 3092 472 3153 latet
495 3094 603 3153 iniecta
627 3092 779 3171 splendida
803 3106 904 3152 mensa
926 3087 1010 3151 rosa.

296 3180 405 3242 Ebrius
427 3183 566 3261 incinctis
589 3179 703 3260 pbilyra
726 3181 847 3242 conviva
870 3178 982 3258 capillis

342 3267 457 3350 Saltat,
480 3278 511 3330 et
532 3268 705 3348 imprudens
729 3271 824 3330 utitur
847 3275 909 3328 arto
933 3264 1024 3326 meri.

298 3354 406 3418 Ebrius
428 3357 464 3418 ad
488 3357 596 3418 durum
620 3358 766 3418 formosae
789 3356 879 3416 limen
901 3356 1011 3415 amicae

232 3457 284 3505 340
342 3443 447 3506 Cantat
458 3492 468 3526 ,
490 3443 601 3506 babent
623 3455 730 3506 unctae
754 3444 849 3505 mollia
873 3451 952 3505 serta
974 3458 1099 3505 comae.

296 3530 382 3592 Nulla
405 3541 544 3593 coronata
566 3540 751 3614 peraguntur
774 3534 851 3594 soria
875 3533 972 3593 ironte
984 3575 994 3613 ,
