2467 4042
183 222 247 289 156
589 221 773 273 nxrouro

271 388 348 459 uutd
373 386 462 448 iacias
474 431 484 467 ‚
507 381 654 464 quaeris?
684 403 807 464 quaeras
829 385 884 447 hoc
907 386 1058 450 scilicet
1047 410 1173 476 ipsum,

314 475 471 553 Invenies,
494 490 562 534 rere
585 476 611 533 si
634 475 765 576 reperire
789 473 886 534 voles.

221 577 256 627 ou
270 562 350 624 Velle
372 580 478 643 parum
501 568 568 622 est·
609 564 732 643 cupias,
758 569 793 623 ut
819 580 851 623 re
873 564 1019 646 potiaris,
1050 577 1193 652 oportet,

313 649 352 711 Et
375 651 462 712 iaciat
484 667 603 710 somnos
625 649 698 710 haec
720 648 775 710 tibi
797 668 868 711 cura
890 650 1012 712 breves

270 737 349 800 Velle
371 757 441 800 reor
459 737 588 799 multos
626 738 691 816 quis
710 739 789 798 enim
808 737 879 798 milri
900 746 960 799 tam
983 742 1023 802 sit
1047 744 1193 828 iniquus,

314 826 404 907 Optet
425 834 459 888 ut
482 825 601 887 exilium
624 844 695 905 pace
718 843 819 887 carere
842 823 969 887 meum?

269 914 393 976 Pectore
416 923 446 976 te
469 922 531 975 toto
555 916 729 993 cunctisque
751 914 921 975 incumbere
944 918 1046 978 nervis

221 1014 256 1063 tu
315 1001 353 1063 Et
375 1005 430 1063 niti
452 1021 506 1082 pro
529 1021 576 1063 me
599 1010 686 1063 nocte
710 1002 815 1081 dieque
838 1002 939 1064 decet.

269 1088 366 1170 thue
389 1093 490 1152 iuvent
513 1090 583 1170 alii,
606 1098 639 1152 tu
662 1089 752 1151 debes
775 1093 892 1152 vincere
915 1093 1046 1173 amieos,

312 1178 392 1244 Uxor
414 1187 444 1240 et
467 1176 502 1240 ad
524 1181 617 1259 partis
640 1180 735 1258 prima
757 1181 857 1239 venire
880 1187 963 1240 tuas.

267 1265 371 1346 ldagna
393 1266 447 1327 tihi
470 1268 607 1346 imposita
631 1275 676 1328 est
698 1268 809 1328 nostris
831 1285 956 1347 persona
978 1266 1114 1332 libellis:

312 1353 452 1434 Coniugis
475 1355 642 1434 exemplum
664 1354 772 1416 diceris
795 1373 860 1415 esse
876 1354 994 1415 donae.

217 1453 252 1503 to
265 1440 347 1504 Hanc
371 1460 439 1504 eave
463 1442 647 1524 degeneres,
676 1450 709 1503 ut
731 1445 791 1503 sint
812 1445 967 1522 praeconia
989 1452 1099 1507 nostra
1149 1460 1193 1514 (ιι)

311 1528 408 1612 Vera;
431 1528 519 1611 ride,
542 1531 635 1591 lamae
659 1532 736 1610 quod
760 1533 871 1592 tuearis
893 1550 984 1611 opus.

265 1616 303 1679 Ut
325 1618 398 1680 nihil
420 1621 483 1698 ipse
508 1637 638 1699 querar,
661 1621 751 1680 tacito
774 1637 821 1679 me
844 1620 919 1679 lama
942 1629 1112 1704 queretur,

310 1706 391 1777 Quae
414 1706 524 1788 debet,
547 1707 639 1768 luerit
661 1709 691 1768 ni
714 1707 768 1767 tibi
791 1725 862 1768 cura
886 1709 960 1768 mei.

264 1792 409 1873 Exposuit
431 1812 495 1855 mea
517 1813 565 1855 me
588 1794 698 1875 populo
721 1795 839 1856 fortuna
862 1794 1038 1876 videndum,

216 1891 250 1942 ⁶0
308 1881 346 1942 Et
369 1882 436 1962 plus
459 1885 602 1964 notitiae,
627 1901 714 1962 quam
737 1884 793 1944 luit
815 1891 905 1964 ante,
927 1883 1025 1945 dedit.

265 1968 369 2031 Notior
392 1978 438 2032 est
461 1970 555 2032 lactus
579 1969 732 2051 Capaneus
755 1990 771 2031 a
794 1970 924 2032 lulnrinis
947 1974 1028 2033 ictu:

308 2057 402 2119 Notus
425 2058 515 2120 humo
539 2061 646 2120 mersis
669 2059 861 2139 Amphiaraus
885 2061 986 2138 equis.

264 2143 296 2206 Si
320 2148 418 2207 minus
441 2155 593 2227 errasset,
616 2155 705 2209 notus
728 2150 826 2208 minus
850 2155 929 2208 esset
950 2146 1073 2210 Ulixes:

306 2232 409 2313 llagna
432 2235 613 2296 Philoctetae
636 2235 757 2297 vulnere
781 2236 855 2295 mma
879 2254 932 2295 suo
956 2243 1018 2296 est.

215 2331 249 2382 ⁶5
265 2320 296 2382 Si
319 2321 403 2383 locus
427 2331 473 2384 est
495 2323 600 2401 aliquis
623 2330 704 2384 tanta
726 2325 805 2384 inter
827 2326 946 2384 nomina
968 2326 1092 2408 parvis,

306 2408 366 2470 Nos
390 2428 508 2490 quoque
532 2412 709 2491 conspicuos
727 2420 829 2472 nostra
851 2413 936 2488 ruina
960 2411 1046 2472 lacit.

262 2495 323 2558 Nee
345 2505 376 2558 te
400 2501 510 2559 nesciri
532 2503 644 2578 patitur
668 2517 732 2560 mea
754 2502 881 2579 pagina,
905 2517 963 2579 qua
984 2517 1045 2560 non

305 2584 433 2647 lulerius
457 2585 515 2647 Coa
537 2586 646 2648 Bittide
669 2605 777 2647 nomen
800 2587 908 2648 habes

262 2672 411 2753 Quidquid
437 2692 505 2754 ages
527 2677 641 2779 igitur,
665 2693 770 2736 scaena
789 2674 961 2755 spectabere
984 2692 1118 2762 magna,

213 2772 246 2822 60
304 2760 342 2822 Et
364 2765 413 2842 pia
436 2781 495 2823 non
518 2766 617 2842 parvis
640 2764 767 2824 testibus
791 2782 865 2825 uxor
889 2766 964 2824 erle

261 2846 355 2910 Crede
378 2850 450 2910 milri
462 2896 472 2930 ,
496 2853 634 2928 quotiens
657 2850 784 2912 laudaris
808 2854 937 2912 carmine
960 2859 1087 2938 nostro,

306 2936 363 3007 Qui
386 2937 458 3017 legit
480 2938 532 2998 has
555 2937 680 3018 laudes,
704 2958 741 3000 an
764 2958 896 3001 mereare
910 2948 1044 3020 ,rogat.

261 3020 357 3103 thue
381 3026 480 3087 lavere
502 3044 572 3087 reor
595 3028 696 3107 plures
720 3027 879 3089 virtutihus
903 3030 985 3108 istis,

305 3111 354 3172 Sic
378 3121 509 3174 tuanen
533 3134 644 3194 paucae
668 3134 790 3195 carpere
813 3118 890 3177 iacta
913 3115 1028 3176 volent.

213 3211 246 3261 65
261 3200 393 3270 Quarum
416 3211 449 3262 tu
473 3211 611 3285 praesta,
635 3222 672 3265 ne
696 3203 770 3264 livor
793 3203 893 3265 dicere
916 3206 1009 3316 possit

305 3284 401 3350 ‘llaec
425 3297 471 3350 est
494 3309 548 3370 pro
572 3294 674 3352 miseri
696 3291 776 3352 lenta
799 3293 892 3353 salute
916 3287 999 3352 viri?

260 3371 392 3454 Cumque
411 3395 466 3455 ego
485 3379 636 3459 deficiam,
654 3398 710 3440 nec
728 3383 840 3484 possim
859 3381 969 3442 ducere
988 3398 1134 3469 currum,
1146 3399 1191 3452 (ru

302 3460 360 3520 Fac
384 3471 416 3522 tu
440 3468 587 3526 sustineas
610 3465 707 3527 debile
731 3467 824 3527 sola
816 3486 935 3546 rugum.

258 3544 301 3603 td
325 3547 471 3610 medicum
496 3561 598 3630 specto
622 3556 705 3614 venis
728 3555 911 3633 fugientibus
934 3574 1040 3636 aeger·
