2467 4042
183 234 244 297 102
568 229 820 293 HEROIDES.

266 386 349 446 inter
363 391 521 459 serpentes
536 398 693 459 aprosque
708 383 879 458 avidosque
893 383 999 444 leones

309 470 424 542 Iactor,
447 474 477 527 et
491 467 643 527 haesuros
657 473 744 528 terna
757 484 814 542 per
831 483 886 529 ora
901 483 1002 530 canes.

266 553 317 613 Me
332 551 596 628 pecudumffibrae
611 550 836 626 simulacraque
850 550 953 612 inania
968 551 1070 612 somni

226 648 260 699 to
314 636 484 712 Ominaque
498 650 611 697 arcana
625 642 716 695 nocte
730 636 825 711 petita
838 643 971 699 movent

267 721 417 796 Aucupor
429 718 536 780 infelix
550 720 685 779 incertae
699 735 854 780 murmura
867 721 975 797 lamae,

310 805 436 881 Speque
449 804 540 865 timor
554 802 663 880 dubia,
685 819 823 880 spesque
836 804 946 865 timore
960 804 1050 865 cadit.

268 889 364 949 Mater
379 887 482 964 abest,
507 888 705 964 queriturque
720 888 779 948 deo
795 887 952 964 placuisse
966 889 1102 964 potentia

308 973 372 1032 Nec
386 979 473 1048 pater
488 972 708 1049 Amphitryon,
731 987 790 1032 nec
804 988 882 1047 puer
895 972 1004 1051 Hyllus
1020 973 1122 1052 adest

223 1066 257 1119 45
267 1056 391 1118 Arbiter
403 1056 596 1135 Eurystheus
611 1056 675 1116 irae
689 1056 814 1117 lunonis
828 1057 952 1132 iniquae

308 1140 442 1201 Sentitur
456 1141 560 1215 nobis,
581 1141 688 1215 iraque
703 1141 796 1216 longa
809 1140 896 1200 deae.

265 1225 350 1286 Haec
364 1223 437 1283 mihi
452 1225 532 1284 terre
546 1230 677 1300 parum?
711 1224 894 1299 Peregrinos
910 1223 999 1285 addis
1015 1240 1153 1301 amoreS,

306 1308 344 1367 Et
357 1315 455 1369 mater
468 1308 508 1369 de
521 1316 552 1369 te
568 1308 722 1384 quaelibet
737 1324 809 1369 esse
825 1316 936 1384 potest

265 1392 331 1452 Non
347 1408 405 1468 ego
420 1391 590 1453 Partheniis
605 1400 783 1453 temeratam
799 1391 930 1454 vallibus
945 1393 1065 1469 Augen,
1128 1423 1133 1431 ·

223 1488 257 1540 50
309 1476 372 1537 Nec
386 1477 518 1537 referam
534 1483 657 1552 partuS,
680 1476 802 1537 Ormeni
816 1477 968 1556 nympha,
988 1484 1076 1538 tuost

264 1561 331 1621 Non
345 1560 399 1620 tibi
415 1563 528 1621 crimen
544 1568 647 1635 erunt,
669 1561 863 1622 Theatrantia
877 1562 979 1634 turba,
998 1577 1136 1630 sorores.

307 1645 440 1719 Quarum
455 1646 494 1704 de
508 1647 625 1721 populo
641 1646 724 1705 nulla
738 1645 844 1705 relicta
857 1646 911 1706 tibi
926 1652 981 1708 est.
1039 1720 1042 1727 Ι

263 1729 345 1803 Una,
367 1745 477 1789 recens
494 1729 623 1804 crimen,
646 1730 795 1790 referetur
809 1731 947 1791 adultera
960 1728 1061 1803 nobis,

305 1813 395 1874 Unde
410 1829 468 1889 ego
484 1830 551 1875 sum
565 1814 655 1892 Lydo
671 1815 751 1875 iacta
765 1830 901 1875 noverca
914 1815 1018 1875 Lamo.

222 1908 256 1962 55
266 1897 467 1973 Maeandros,
490 1898 579 1959 terris
593 1897 706 1959 totiens
722 1906 840 1959 errator
853 1900 884 1958 in
900 1898 1008 1974 isdem,

306 1981 362 2056 Qui
376 1982 477 2042 lassas
492 1983 523 2042 in
538 1998 573 2043 se
589 1998 684 2058 saepe
698 1989 857 2059 retorquet
871 1999 977 2059 aquas,

262 2066 347 2126 Vidit
362 2068 393 2124 in
407 2065 558 2126 Herculeo
575 2082 731 2142 suspensa
745 2067 870 2128 monilia
885 2069 964 2127 collo

304 2149 375 2223 Illo,
398 2149 447 2209 cui
463 2151 582 2211 caelum
599 2149 722 2212 sarcina
737 2167 834 2227 parva
849 2151 912 2211 luit.

262 2233 329 2295 Non
343 2231 453 2310 puduit
467 2234 554 2294 lortis
572 2250 647 2295 auro
663 2235 807 2297 cohibere
823 2236 964 2309 lacertos,

220 2328 254 2381 60
306 2319 345 2378 iit
359 2317 468 2378 solidis
483 2333 621 2394 gemmas
636 2319 825 2396 opposuisse
839 2319 926 2381 toris.

261 2403 378 2478 Nempe
392 2401 450 2463 sub
465 2401 514 2462 his
531 2403 661 2463 animam
675 2402 773 2479 pestis
789 2402 941 2465 Nemeaea
955 2404 1079 2465 lacertis

303 2486 419 2562 Edidit,
442 2487 526 2548 unde
541 2500 664 2549 umerus
678 2487 811 2563 tegmina
825 2488 933 2549 laevus
948 2486 1050 2549 habet.

262 2571 366 2632 Ausus
381 2588 416 2632 es
430 2571 567 2634 hirsutos
581 2570 671 2633 mitra
683 2571 827 2632 redimire
842 2573 979 2647 capillos.

303 2655 414 2731 Aptior
426 2656 598 2717 Herculeae
612 2657 745 2732 populus
761 2655 831 2716 alba
847 2672 962 2718 comae.

218 2747 252 2803 65
263 2739 325 2799 Nec
339 2747 369 2799 te
384 2740 527 2801 Maeonia
541 2740 677 2800 lascivae
694 2756 780 2801 more
796 2742 927 2816 puellae*

301 2823 418 2899 Incingi
433 2839 513 2883 zona
527 2822 713 2885 dedecuisse
726 2830 839 2901 putcst

258 2905 325 2966 Non
340 2906 393 2966 tibi
408 2907 561 2969 succurrit
575 2908 661 2970 crudi
674 2907 832 2970 Diomedis
847 2910 957 2984 imago,

299 2990 420 3051 Efferus
437 2991 571 3054 humana
585 2991 640 3070 qui
653 2993 734 3071 dape
747 2994 834 3070 pavit
847 3000 966 3071 cquast

258 3073 291 3134 Si
306 3083 336 3135 te
350 3074 482 3136 vidisset
496 3077 579 3138 cultu
591 3076 710 3139 Busiris
724 3078 756 3138 in
769 3078 839 3155 isto,

216 3163 250 3220 to
303 3158 380 3219 Huic
395 3160 495 3222 victor
507 3159 590 3223 victo
605 3178 717 3239 nempe
732 3161 896 3239 pudendus
911 3169 1003 3225 erest

257 3243 402 3305 Detrahat
414 3246 552 3307 Antaeus
568 3246 645 3307 duro
663 3247 840 3309 redimicula
855 3248 943 3324 collo,

298 3327 342 3386 Ne
358 3327 461 3404 pigeat
475 3328 558 3391 molli
574 3330 778 3392 subcubuisse
791 3332 869 3392 viro.

256 3411 338 3472 inter
352 3411 492 3474 Ioniacas
509 3414 661 3476 calathum
675 3416 813 3477 tenuisse
827 3418 947 3493 puellas

296 3493 431 3571 Diceris,
455 3503 485 3557 et
499 3497 641 3559 dominae
655 3500 848 3574 pertimuisse
863 3501 971 3561 minas.
