2467 4042
161 225 204 292 66
583 226 754 279 TRISTIUM

253 390 302 454 nu
325 389 390 454 dieo
413 391 512 452 veniet
524 434 534 470 ,
562 407 627 451 mee
650 408 708 469 qua
730 388 867 468 lugubria
888 408 1013 473 ponam,

252 479 406 561 Coumque
430 480 544 559 privetu
567 478 686 559 publiea
708 480 802 539 maior
824 480 898 540 erit.

637 670 700 745 ΠΙ.

252 830 355 913 Magno
378 832 535 911 minorque
557 830 638 891 ferae
650 878 659 912 ,
683 848 811 910 querum
833 833 914 911 regis
937 831 1029 893 ultera
1055 832 1185 918 Graias,

253 919 354 983 Altero
378 919 536 1000 Sidonios,
560 925 686 998 utraque
710 920 810 1000 siooo,
832 929 931 1001 retes,

253 1008 359 1072 Omulo
381 1025 450 1070 oum
473 1023 588 1069 summo
611 1009 725 1087 positae
748 1007 871 1069 videatis
893 1010 925 1070 in
947 1024 1019 1090 uxo,

253 1095 291 1159 Et
314 1098 404 1160 merlo
427 1095 566 1158 ooolduee
588 1111 649 1157 non
673 1094 804 1157 subeatis
826 1111 935 1178 aquus,

222 1184 481 1265 errheriemquo
504 1185 567 1246 uuio
590 1185 713 1263 cingens
736 1183 920 1264 amplexibus
942 1197 1043 1245 oruem

255 1272 360 1336 Vester
381 1271 419 1334 ab
440 1275 550 1335 inrecto
573 1272 705 1334 circulus
728 1280 810 1334 extet
831 1272 941 1354 humo,

254 1363 384 1442 Aspicite
402 1360 469 1442 lile,
486 1377 594 1441 precor
602 1406 612 1441 ,
632 1377 708 1440 quoe
724 1377 784 1422 noo
802 1360 879 1422 bene
897 1362 1012 1422 moenia
1027 1364 1193 1440 quondum

254 1449 369 1513 Dicitur
391 1448 498 1512 iliados
521 1448 706 1511 transiluisse
729 1447 858 1531 Remus,

256 1539 349 1619 inquo
372 1553 468 1599 meum
490 1537 601 1599 nitidos
624 1536 772 1599 dominum
795 1539 959 1599 convertite
982 1537 1110 1619 vuitus,

209 1641 240 1690 ιο
256 1627 360 1707 Sitque
382 1643 497 1688 memor
519 1627 615 1687 nostri
638 1643 754 1706 neone,
777 1626 888 1687 referte
910 1625 999 1687 mihi.

254 1715 290 1778 Ei
313 1714 407 1796 mihi,
430 1732 485 1776 our
509 1709 630 1776 timeo?
652 1729 727 1793 quae
747 1722 817 1775 sunt
839 1715 1013 1793 manifesto,
1035 1716 1192 1796 requiro!

256 1803 316 1867 Cur
340 1805 415 1866 ieret
438 1801 575 1883 ambiguo
598 1819 668 1882 spes
691 1819 756 1863 meo
779 1804 870 1864 mixtu
893 1799 1000 1864 metu?

256 1890 373 1974 Crede,
396 1890 475 1971 quod
499 1899 546 1952 est
567 1897 598 1952 et
621 1892 665 1951 vis
677 1935 687 1971 ,
711 1907 745 1952 uo
768 1890 870 1952 desino
893 1892 1105 1976 intermori,

257 1980 357 2061 Doque
380 1979 438 2041 iido
461 1987 542 2041 certa
566 1981 605 2040 uit
628 1977 683 2039 ubi
706 1986 787 2040 certe
810 1978 903 2041 fides.

209 2078 242 2129 15
257 2068 402 2150 Quodque
425 2067 493 2147 poio
516 2068 591 2130 iixoe
614 2075 768 2147 nequeunt
790 2067 845 2129 uhi
868 2067 968 2130 dicere
989 2067 1155 2150 flammae,

256 2157 322 2219 Non
345 2158 506 2219 mentituro
529 2161 563 2217 tu
586 2154 641 2217 uhi
663 2173 736 2217 vore
759 2155 856 2217 refer:

256 2245 330 2308 Erue
354 2247 397 2306 tui
419 2260 603 2325 memorem,
631 2242 668 2304 de
692 2262 751 2324 qua
770 2243 826 2305 tibi
849 2246 974 2305 maximo
997 2260 1070 2304 cura
1098 2255 1172 2329 esi,

257 2333 402 2413 Quodque
425 2341 545 2413 potest,
569 2349 672 2394 seeum
695 2349 803 2394 nomon
826 2331 937 2393 habere
959 2341 1063 2392 tuum.

256 2421 393 2484 vultibus
415 2420 464 2482 iiia
486 2422 547 2483 tuis
569 2429 720 2500 tamquam
741 2423 908 2500 proesentis
929 2420 1086 2500 inhueret,

208 2521 243 2571 20
257 2510 358 2589 Teque
382 2517 496 2572 remoto
518 2508 646 2590 prorui,
669 2511 695 2569 ui
717 2508 805 2570 modo
828 2511 899 2570 vivit
911 2554 921 2589 ,
939 2516 1035 2570 emet.

257 2597 395 2680 Ecquid,
417 2597 470 2660 uhi
491 2597 630 2659 inrubuit
651 2600 731 2659 iusto
753 2614 838 2659 mens
861 2614 949 2676 aegro
970 2595 1086 2674 dolori,

257 2687 347 2749 Leuis
370 2686 407 2749 ab
430 2685 579 2748 admonito
602 2694 725 2766 pectore
748 2703 871 2747 somnus
894 2682 981 2747 ohir‘?

258 2773 323 2837 Non
347 2775 478 2838 subeunt
500 2791 613 2855 curae,
637 2774 707 2835 dum
731 2781 761 2835 te
784 2773 938 2854 lectusque
961 2773 1110 2852 locusque

257 2863 364 2943 Tangit
386 2871 418 2926 et
439 2862 560 2925 oblitum
583 2878 643 2923 uon
667 2863 738 2924 sinit
760 2880 826 2924 esse
849 2859 934 2924 mei‘?

209 2963 243 3013 25
257 2951 296 3014 Et
319 2954 442 3015 veniunt
463 2958 586 3032 aestus,
609 2959 641 3013 et
662 2968 721 3012 uox
743 2952 877 3013 inmensa
900 2949 1036 3031 videtur,

257 3040 407 3121 Fessaque
430 3041 531 3102 iactati
554 3042 689 3120 corporis
712 3057 779 3100 osso
802 3036 929 3100 dolent?

258 3128 324 3191 Non
348 3127 486 3209 equidem
509 3127 636 3210 dubito,
659 3130 732 3208 quin
753 3128 827 3190 haee
850 3135 881 3189 et
904 3134 1003 3189 uetera
1025 3126 1122 3208 fiant,

260 3217 374 3297 Detquo
396 3224 468 3279 tuus
490 3219 596 3279 maeoti
618 3220 703 3296 signa
725 3215 836 3277 doloris
858 3233 959 3297 umor,

258 3304 321 3368 Noe
343 3308 478 3367 oruoiere
501 3307 623 3386 miuus,
653 3322 743 3383 quam
770 3322 839 3366 oum
861 3302 1001 3365 Thebana
1023 3312 1197 3368 cruentum

211 3406 245 3455 30
259 3393 387 3456 Hectore
410 3393 581 3455 Thessalico
603 3391 677 3454 vidit
699 3393 736 3453 ab
758 3410 813 3454 axo
836 3394 918 3472 rapi.

260 3481 337 3551 Quid
351 3490 450 3542 tumen
468 3484 533 3561 ipse
549 3497 657 3559 precer
666 3527 676 3561 ,
694 3480 816 3542 dubito.
852 3499 908 3542 neo
927 3479 1026 3542 dicere
1044 3497 1197 3564 possum,

258 3568 404 3628 Affectum
428 3585 516 3647 quem
540 3576 570 3628 te
593 3570 702 3630 mentis
724 3567 835 3630 habere
858 3569 962 3631 velim.
1056 3567 1068 3594 ‘
