<?xml version="1.0" encoding="UTF-8"?>
<!DOCTYPE html PUBLIC "-//W3C//DTD XHTML 1.0 Transitional//EN"
    "http://www.w3.org/TR/xhtml1/DTD/xhtml1-transitional.dtd">
<html xmlns="http://www.w3.org/1999/xhtml" xml:lang="en" lang="en">
 <head>
  <title>
</title>
<meta http-equiv="Content-Type" content="text/html;charset=utf-8" />
  <meta name='ocr-system' content='tesseract 3.04.00' />
  <meta name='ocr-capabilities' content='ocr_page ocr_carea ocr_par ocr_line ocrx_word'/>
</head>
<body>
  <div class='ocr_page' id='page_1' title='image "./povidiusnaso00ehwagoog_0879.png"; bbox 0 0 2467 4042; ppageno 0'>
   <div class='ocr_carea' id='block_1_1' title="bbox 457 249 1072 317">
    <p class='ocr_par' dir='ltr' id='par_1_1' title="bbox 457 249 1072 317">
     <span class='ocr_line' id='line_1_1' title="bbox 457 249 1072 317; baseline 0.005 -15"><span class='ocrx_word' id='word_1_1' title='bbox 457 252 503 303; x_wconf 79' lang='lat' dir='ltr'>lv.</span> <span class='ocrx_word' id='word_1_2' title='bbox 521 263 544 304; x_wconf 84' lang='lat' dir='ltr'>x</span> <span class='ocrx_word' id='word_1_3' title='bbox 558 253 689 305; x_wconf 76' lang='lat'>47-118.</span> <span class='ocrx_word' id='word_1_4' title='bbox 1029 249 1072 317; x_wconf 71' lang='lat'>&#39;19</span> 
     </span>
    </p>
   </div>
   <div class='ocr_carea' id='block_1_2' title="bbox 17 413 1072 3678">
    <p class='ocr_par' dir='ltr' id='par_1_2' title="bbox 151 413 961 496">
     <span class='ocr_line' id='line_1_2' title="bbox 151 413 961 496; baseline 0.004 -22"><span class='ocrx_word' id='word_1_5' title='bbox 151 413 197 474; x_wconf 84' lang='lat' dir='ltr'>lle</span> <span class='ocrx_word' id='word_1_6' title='bbox 222 431 341 493; x_wconf 90' lang='lat' dir='ltr'>quoque</span> <span class='ocrx_word' id='word_1_7' title='bbox 365 413 504 496; x_wconf 84' lang='lat' dir='ltr'>felicem,</span> <span class='ocrx_word' id='word_1_8' title='bbox 527 413 605 493; x_wconf 93' lang='lat' dir='ltr'>quod</span> <span class='ocrx_word' id='word_1_9' title='bbox 630 432 691 476; x_wconf 91' lang='lat' dir='ltr'>uon</span> <span class='ocrx_word' id='word_1_10' title='bbox 714 414 880 477; x_wconf 84' lang='lat' dir='ltr'>virentibus</span> <span class='ocrx_word' id='word_1_11' title='bbox 902 415 961 478; x_wconf 92' lang='lat' dir='ltr'>illis</span> 
     </span>
    </p>

    <p class='ocr_par' dir='ltr' id='par_1_3' title="bbox 17 501 1018 1026">
     <span class='ocr_line' id='line_1_3' title="bbox 17 501 910 583; baseline -0.002 -16"><span class='ocrx_word' id='word_1_12' title='bbox 17 564 19 567; x_wconf 77' lang='grc'>,</span> <span class='ocrx_word' id='word_1_13' title='bbox 154 501 226 563; x_wconf 87' lang='lat' dir='ltr'>Sum</span> <span class='ocrx_word' id='word_1_14' title='bbox 250 504 342 563; x_wconf 92' lang='lat' dir='ltr'>miser</span> <span class='ocrx_word' id='word_1_15' title='bbox 354 548 364 583; x_wconf 94' lang='lat'>,</span> <span class='ocrx_word' id='word_1_16' title='bbox 386 510 418 564; x_wconf 90' lang='lat' dir='ltr'>et</span> <span class='ocrx_word' id='word_1_17' title='bbox 440 501 476 563; x_wconf 94' lang='lat' dir='ltr'>de</span> <span class='ocrx_word' id='word_1_18' title='bbox 500 520 547 563; x_wconf 88' lang='lat' dir='ltr'>me</span> <span class='ocrx_word' id='word_1_19' title='bbox 571 503 651 581; x_wconf 91' lang='lat' dir='ltr'>quod</span> <span class='ocrx_word' id='word_1_20' title='bbox 674 501 795 564; x_wconf 81' lang='lat' dir='ltr'>doluere</span> <span class='ocrx_word' id='word_1_21' title='bbox 819 502 910 565; x_wconf 83' lang='lat' dir='ltr'>nihili</span> 
     </span>
     <span class='ocr_line' id='line_1_4' title="bbox 102 589 979 673; baseline 0.001 -20"><span class='ocrx_word' id='word_1_22' title='bbox 102 601 136 653; x_wconf 81' lang='lat'>85</span> <span class='ocrx_word' id='word_1_23' title='bbox 153 589 185 651; x_wconf 90' lang='lat' dir='ltr'>Si</span> <span class='ocrx_word' id='word_1_24' title='bbox 208 598 307 651; x_wconf 91' lang='lat' dir='ltr'>tamen</span> <span class='ocrx_word' id='word_1_25' title='bbox 331 593 469 653; x_wconf 78' lang='lat' dir='ltr'>extinctis</span> <span class='ocrx_word' id='word_1_26' title='bbox 492 589 602 669; x_wconf 92' lang='lat' dir='ltr'>aliquid</span> <span class='ocrx_word' id='word_1_27' title='bbox 625 593 684 652; x_wconf 91' lang='lat' dir='ltr'>nisi</span> <span class='ocrx_word' id='word_1_28' title='bbox 707 593 825 653; x_wconf 90' lang='lat' dir='ltr'>nomina</span> <span class='ocrx_word' id='word_1_29' title='bbox 846 601 979 673; x_wconf 78' lang='lat' dir='ltr'><strong>restant,</strong></span> 
     </span>
     <span class='ocr_line' id='line_1_5' title="bbox 152 678 872 760; baseline 0.004 -21"><span class='ocrx_word' id='word_1_30' title='bbox 152 678 191 740; x_wconf 80' lang='lat' dir='ltr'>llt</span> <span class='ocrx_word' id='word_1_31' title='bbox 214 678 332 759; x_wconf 83' lang='lat' dir='ltr'>gracilis</span> <span class='ocrx_word' id='word_1_32' title='bbox 355 687 487 741; x_wconf 87' lang='lat' dir='ltr'>structos</span> <span class='ocrx_word' id='word_1_33' title='bbox 509 680 613 759; x_wconf 74' lang='lat' dir='ltr'>effugb</span> <span class='ocrx_word' id='word_1_34' title='bbox 636 678 742 740; x_wconf 91' lang='lat' dir='ltr'>umbra</span> <span class='ocrx_word' id='word_1_35' title='bbox 764 698 872 760; x_wconf 80' lang='lat' dir='ltr'>rogos:</span> 
     </span>
     <span class='ocr_line' id='line_1_6' title="bbox 151 766 1018 851; baseline 0.006 -25"><span class='ocrx_word' id='word_1_36' title='bbox 151 766 263 848; x_wconf 85' lang='lat' dir='ltr'>Fama,</span> <span class='ocrx_word' id='word_1_37' title='bbox 284 767 474 848; x_wconf 89' lang='lat' dir='ltr'>parentales,</span> <span class='ocrx_word' id='word_1_38' title='bbox 496 770 523 828; x_wconf 90' lang='lat' dir='ltr'>si</span> <span class='ocrx_word' id='word_1_39' title='bbox 544 785 597 828; x_wconf 87' lang='lat' dir='ltr'>vos</span> <span class='ocrx_word' id='word_1_40' title='bbox 620 786 686 830; x_wconf 91' lang='lat' dir='ltr'>mea</span> <span class='ocrx_word' id='word_1_41' title='bbox 709 771 854 851; x_wconf 81' lang='lat' dir='ltr'>contigit,</span> <span class='ocrx_word' id='word_1_42' title='bbox 877 768 1018 851; x_wconf 77' lang='lat' dir='ltr'>umbrae,</span> 
     </span>
     <span class='ocr_line' id='line_1_7' title="bbox 152 854 838 935; baseline 0.003 -19"><span class='ocrx_word' id='word_1_43' title='bbox 152 854 190 917; x_wconf 79' lang='lat' dir='ltr'>ut</span> <span class='ocrx_word' id='word_1_44' title='bbox 213 864 284 916; x_wconf 90' lang='lat' dir='ltr'>suut</span> <span class='ocrx_word' id='word_1_45' title='bbox 301 859 333 917; x_wconf 90' lang='lat' dir='ltr'>iu</span> <span class='ocrx_word' id='word_1_46' title='bbox 357 855 458 935; x_wconf 77' lang='lat' dir='ltr'>Stygio</span> <span class='ocrx_word' id='word_1_47' title='bbox 482 857 607 918; x_wconf 88' lang='lat' dir='ltr'>crimina</span> <span class='ocrx_word' id='word_1_48' title='bbox 629 865 731 917; x_wconf 88' lang='lat' dir='ltr'>nostra</span> <span class='ocrx_word' id='word_1_49' title='bbox 754 857 838 918; x_wconf 84' lang='lat' dir='ltr'>foro:</span> 
     </span>
     <span class='ocr_line' id='line_1_8' title="bbox 154 942 992 1026; baseline 0.002 -22"><span class='ocrx_word' id='word_1_50' title='bbox 154 942 258 1025; x_wconf 89' lang='lat' dir='ltr'>Scite,</span> <span class='ocrx_word' id='word_1_51' title='bbox 280 962 412 1026; x_wconf 81' lang='lat' dir='ltr'><strong>precor,</strong></span> <span class='ocrx_word' id='word_1_52' title='bbox 435 961 554 1006; x_wconf 90' lang='lat' dir='ltr'>causam</span> <span class='ocrx_word' id='word_1_53' title='bbox 576 977 613 989; x_wconf 92' lang='grc'><strong>-</strong></span> <span class='ocrx_word' id='word_1_54' title='bbox 640 963 697 1006; x_wconf 88' lang='lat' dir='ltr'>uec</span> <span class='ocrx_word' id='word_1_55' title='bbox 720 962 772 1005; x_wconf 84' lang='lat' dir='ltr'>vos</span> <span class='ocrx_word' id='word_1_56' title='bbox 795 944 869 1006; x_wconf 90' lang='lat' dir='ltr'>mihi</span> <span class='ocrx_word' id='word_1_57' title='bbox 890 944 992 1007; x_wconf 82' lang='lat' dir='ltr'>follere</span> 
     </span>
    </p>

    <p class='ocr_par' dir='ltr' id='par_1_4' title="bbox 577 1033 744 1094">
     <span class='ocr_line' id='line_1_9' title="bbox 577 1033 744 1094; baseline 0 -1"><span class='ocrx_word' id='word_1_58' title='bbox 577 1033 621 1094; x_wconf 89' lang='lat' dir='ltr'>sas</span> <span class='ocrx_word' id='word_1_59' title='bbox 644 1040 692 1093; x_wconf 90' lang='lat' dir='ltr'>est</span> <span class='ocrx_word' id='word_1_60' title='bbox 708 1063 744 1076; x_wconf 83' lang='lat'>-·</span> 
     </span>
    </p>

    <p class='ocr_par' dir='ltr' id='par_1_5' title="bbox 104 1117 1072 1556">
     <span class='ocr_line' id='line_1_10' title="bbox 104 1117 885 1202; baseline 0.004 -20"><span class='ocrx_word' id='word_1_61' title='bbox 104 1131 138 1182; x_wconf 75' lang='lat'>90</span> <span class='ocrx_word' id='word_1_62' title='bbox 154 1117 297 1181; x_wconf 81' lang='lat' dir='ltr'>Errorem</span> <span class='ocrx_word' id='word_1_63' title='bbox 320 1121 442 1201; x_wconf 81' lang='lat' dir='ltr'>iussae,</span> <span class='ocrx_word' id='word_1_64' title='bbox 464 1139 525 1181; x_wconf 91' lang='lat' dir='ltr'>uon</span> <span class='ocrx_word' id='word_1_65' title='bbox 548 1121 669 1202; x_wconf 90' lang='lat' dir='ltr'>scelus,</span> <span class='ocrx_word' id='word_1_66' title='bbox 692 1138 758 1183; x_wconf 87' lang='lat' dir='ltr'>esse</span> <span class='ocrx_word' id='word_1_67' title='bbox 781 1121 885 1200; x_wconf 82' lang='lat' dir='ltr'>lugae.</span> 
     </span>
     <span class='ocr_line' id='line_1_11' title="bbox 151 1207 1072 1293; baseline 0.001 -23"><span class='ocrx_word' id='word_1_68' title='bbox 151 1207 286 1270; x_wconf 84' lang='lat' dir='ltr'>Manibus</span> <span class='ocrx_word' id='word_1_69' title='bbox 309 1207 365 1269; x_wconf 89' lang='lat' dir='ltr'>hoc</span> <span class='ocrx_word' id='word_1_70' title='bbox 389 1211 460 1270; x_wconf 93' lang='lat' dir='ltr'>satis</span> <span class='ocrx_word' id='word_1_71' title='bbox 483 1216 550 1272; x_wconf 86' lang='lat' dir='ltr'>est.</span> <span class='ocrx_word' id='word_1_72' title='bbox 582 1210 619 1273; x_wconf 91' lang='lat' dir='ltr'>ad</span> <span class='ocrx_word' id='word_1_73' title='bbox 642 1227 717 1289; x_wconf 87' lang='lat' dir='ltr'>ros,</span> <span class='ocrx_word' id='word_1_74' title='bbox 741 1209 894 1291; x_wconf 89' lang='lat' dir='ltr'>studiosa,</span> <span class='ocrx_word' id='word_1_75' title='bbox 917 1217 1072 1293; x_wconf 80' lang='lat' dir='ltr'>revertor,</span> 
     </span>
     <span class='ocr_line' id='line_1_12' title="bbox 150 1297 874 1379; baseline 0.004 -22"><span class='ocrx_word' id='word_1_76' title='bbox 150 1297 298 1379; x_wconf 91' lang='lat' dir='ltr'>Pectora,</span> <span class='ocrx_word' id='word_1_77' title='bbox 321 1315 397 1377; x_wconf 89' lang='lat' dir='ltr'>quae</span> <span class='ocrx_word' id='word_1_78' title='bbox 421 1299 495 1358; x_wconf 88' lang='lat' dir='ltr'>ritae</span> <span class='ocrx_word' id='word_1_79' title='bbox 519 1299 663 1377; x_wconf 80' lang='lat' dir='ltr'>quaeritis</span> <span class='ocrx_word' id='word_1_80' title='bbox 686 1305 751 1359; x_wconf 90' lang='lat' dir='ltr'>acta</span> <span class='ocrx_word' id='word_1_81' title='bbox 773 1316 874 1360; x_wconf 84' lang='lat' dir='ltr'>meae.</span> 
     </span>
     <span class='ocr_line' id='line_1_13' title="bbox 151 1384 876 1465; baseline 0.003 -19"><span class='ocrx_word' id='word_1_82' title='bbox 151 1385 212 1447; x_wconf 92' lang='lat' dir='ltr'>lam</span> <span class='ocrx_word' id='word_1_83' title='bbox 235 1385 308 1446; x_wconf 92' lang='lat' dir='ltr'>mibi</span> <span class='ocrx_word' id='word_1_84' title='bbox 331 1387 454 1447; x_wconf 76' lang='lat' dir='ltr'>canities</span> <span class='ocrx_word' id='word_1_85' title='bbox 477 1385 572 1465; x_wconf 89' lang='lat' dir='ltr'>pulsis</span> <span class='ocrx_word' id='word_1_86' title='bbox 594 1384 768 1447; x_wconf 89' lang='lat' dir='ltr'>melioribus</span> <span class='ocrx_word' id='word_1_87' title='bbox 791 1389 876 1448; x_wconf 88' lang='lat' dir='ltr'>anuis</span> 
     </span>
     <span class='ocr_line' id='line_1_14' title="bbox 151 1474 842 1556; baseline 0 -22"><span class='ocrx_word' id='word_1_88' title='bbox 151 1474 300 1555; x_wconf 88' lang='lat' dir='ltr'>Venerat,</span> <span class='ocrx_word' id='word_1_89' title='bbox 323 1476 459 1552; x_wconf 89' lang='lat' dir='ltr'>antiquas</span> <span class='ocrx_word' id='word_1_90' title='bbox 482 1476 702 1554; x_wconf 86' lang='lat' dir='ltr'>miscueratque</span> <span class='ocrx_word' id='word_1_91' title='bbox 725 1492 842 1556; x_wconf 88' lang='lat' dir='ltr'>comas,</span> 
     </span>
    </p>

    <p class='ocr_par' dir='ltr' id='par_1_6' title="bbox 102 1562 859 1731">
     <span class='ocr_line' id='line_1_15' title="bbox 102 1562 859 1642; baseline 0 -19"><span class='ocrx_word' id='word_1_92' title='bbox 102 1573 136 1623; x_wconf 79' lang='lat'>95</span> <span class='ocrx_word' id='word_1_93' title='bbox 151 1563 282 1642; x_wconf 89' lang='lat' dir='ltr'>Postque</span> <span class='ocrx_word' id='word_1_94' title='bbox 305 1579 388 1623; x_wconf 91' lang='lat' dir='ltr'>meos</span> <span class='ocrx_word' id='word_1_95' title='bbox 411 1569 495 1623; x_wconf 89' lang='lat' dir='ltr'>ortus</span> <span class='ocrx_word' id='word_1_96' title='bbox 518 1562 621 1623; x_wconf 91' lang='lat' dir='ltr'>Pisaea</span> <span class='ocrx_word' id='word_1_97' title='bbox 644 1565 761 1623; x_wconf 88' lang='lat' dir='ltr'>rinctus</span> <span class='ocrx_word' id='word_1_98' title='bbox 784 1562 859 1623; x_wconf 86' lang='lat' dir='ltr'>oliva</span> 
     </span>
     <span class='ocr_line' id='line_1_16' title="bbox 151 1650 846 1731; baseline -0.003 -19"><span class='ocrx_word' id='word_1_99' title='bbox 151 1650 322 1712; x_wconf 75' lang='lat' dir='ltr'>Abstulerat</span> <span class='ocrx_word' id='word_1_100' title='bbox 343 1650 443 1711; x_wconf 90' lang='lat' dir='ltr'>decies</span> <span class='ocrx_word' id='word_1_101' title='bbox 465 1652 595 1730; x_wconf 89' lang='lat' dir='ltr'>praemia</span> <span class='ocrx_word' id='word_1_102' title='bbox 617 1653 713 1712; x_wconf 82' lang='lat' dir='ltr'>victor</span> <span class='ocrx_word' id='word_1_103' title='bbox 736 1668 846 1731; x_wconf 88' lang='lat' dir='ltr'>eques,</span> 
     </span>
    </p>

    <p class='ocr_par' dir='ltr' id='par_1_7' title="bbox 152 1736 1001 1996">
     <span class='ocr_line' id='line_1_17' title="bbox 152 1736 924 1818; baseline 0 -17"><span class='ocrx_word' id='word_1_104' title='bbox 152 1739 225 1801; x_wconf 89' lang='lat' dir='ltr'>Cum</span> <span class='ocrx_word' id='word_1_105' title='bbox 248 1740 339 1799; x_wconf 91' lang='lat' dir='ltr'>maris</span> <span class='ocrx_word' id='word_1_106' title='bbox 362 1737 471 1799; x_wconf 83' lang='lat' dir='ltr'>Euxini</span> <span class='ocrx_word' id='word_1_107' title='bbox 492 1741 606 1818; x_wconf 90' lang='lat' dir='ltr'>positos</span> <span class='ocrx_word' id='word_1_108' title='bbox 630 1738 666 1800; x_wconf 91' lang='lat' dir='ltr'>ad</span> <span class='ocrx_word' id='word_1_109' title='bbox 688 1739 769 1799; x_wconf 88' lang='lat' dir='ltr'>laeva</span> <span class='ocrx_word' id='word_1_110' title='bbox 792 1736 924 1801; x_wconf 85' lang='lat' dir='ltr'>Tomitas</span> 
     </span>
     <span class='ocr_line' id='line_1_18' title="bbox 152 1824 824 1906; baseline -0.001 -18"><span class='ocrx_word' id='word_1_111' title='bbox 152 1827 302 1899; x_wconf 87' lang='lat' dir='ltr'>Quaerere</span> <span class='ocrx_word' id='word_1_112' title='bbox 325 1845 373 1888; x_wconf 91' lang='lat' dir='ltr'>me</span> <span class='ocrx_word' id='word_1_113' title='bbox 395 1826 467 1888; x_wconf 91' lang='lat' dir='ltr'>laesi</span> <span class='ocrx_word' id='word_1_114' title='bbox 490 1829 635 1906; x_wconf 88' lang='lat' dir='ltr'>principis</span> <span class='ocrx_word' id='word_1_115' title='bbox 657 1830 702 1889; x_wconf 88' lang='lat' dir='ltr'>ira</span> <span class='ocrx_word' id='word_1_116' title='bbox 724 1824 824 1888; x_wconf 89' lang='lat' dir='ltr'>iubet.</span> 
     </span>
     <span class='ocr_line' id='line_1_19' title="bbox 152 1915 1001 1996; baseline -0.001 -20"><span class='ocrx_word' id='word_1_117' title='bbox 152 1915 246 1992; x_wconf 86' lang='lat' dir='ltr'>Causa</span> <span class='ocrx_word' id='word_1_118' title='bbox 268 1933 352 1977; x_wconf 90' lang='lat' dir='ltr'>meae</span> <span class='ocrx_word' id='word_1_119' title='bbox 375 1917 491 1976; x_wconf 89' lang='lat' dir='ltr'>cunctis</span> <span class='ocrx_word' id='word_1_120' title='bbox 514 1918 639 1976; x_wconf 89' lang='lat' dir='ltr'>nimium</span> <span class='ocrx_word' id='word_1_121' title='bbox 662 1933 781 1996; x_wconf 92' lang='lat' dir='ltr'>quoque</span> <span class='ocrx_word' id='word_1_122' title='bbox 804 1922 874 1976; x_wconf 86' lang='lat' dir='ltr'>uota</span> <span class='ocrx_word' id='word_1_123' title='bbox 897 1915 1001 1976; x_wconf 90' lang='lat' dir='ltr'>ruinae</span> 
     </span>
    </p>

    <p class='ocr_par' dir='ltr' id='par_1_8' title="bbox 86 2003 730 2066">
     <span class='ocr_line' id='line_1_20' title="bbox 86 2003 730 2066; baseline -0.002 -2"><span class='ocrx_word' id='word_1_124' title='bbox 86 2015 137 2066; x_wconf 87' lang='lat'>100</span> <span class='ocrx_word' id='word_1_125' title='bbox 151 2003 263 2065; x_wconf 89' lang='lat' dir='ltr'>indicio</span> <span class='ocrx_word' id='word_1_126' title='bbox 286 2021 347 2064; x_wconf 91' lang='lat' dir='ltr'>non</span> <span class='ocrx_word' id='word_1_127' title='bbox 370 2011 417 2065; x_wconf 88' lang='lat' dir='ltr'>est</span> <span class='ocrx_word' id='word_1_128' title='bbox 439 2004 623 2065; x_wconf 88' lang='lat' dir='ltr'>testificanda</span> <span class='ocrx_word' id='word_1_129' title='bbox 646 2022 730 2065; x_wconf 89' lang='lat' dir='ltr'>mco.</span> 
     </span>
    </p>

    <p class='ocr_par' dir='ltr' id='par_1_9' title="bbox 150 2087 1071 2260">
     <span class='ocr_line' id='line_1_21' title="bbox 151 2087 1071 2171; baseline -0.001 -18"><span class='ocrx_word' id='word_1_130' title='bbox 151 2091 228 2164; x_wconf 84' lang='lat' dir='ltr'>Quid</span> <span class='ocrx_word' id='word_1_131' title='bbox 243 2092 370 2153; x_wconf 83' lang='lat' dir='ltr'>referam</span> <span class='ocrx_word' id='word_1_132' title='bbox 386 2093 587 2171; x_wconf 87' lang='lat' dir='ltr'>comitumque</span> <span class='ocrx_word' id='word_1_133' title='bbox 606 2093 690 2155; x_wconf 80' lang='lat' dir='ltr'>nefas</span> <span class='ocrx_word' id='word_1_134' title='bbox 703 2089 888 2170; x_wconf 82' lang='lat' dir='ltr'>famulosque</span> <span class='ocrx_word' id='word_1_135' title='bbox 902 2087 1071 2171; x_wconf 78' lang='lat' dir='ltr'>nocentes?</span> 
     </span>
     <span class='ocr_line' id='line_1_22' title="bbox 150 2179 735 2260; baseline 0.003 -20"><span class='ocrx_word' id='word_1_136' title='bbox 150 2179 218 2260; x_wconf 85' lang='lat' dir='ltr'>lpsa</span> <span class='ocrx_word' id='word_1_137' title='bbox 240 2179 332 2242; x_wconf 90' lang='lat' dir='ltr'>multa</span> <span class='ocrx_word' id='word_1_138' title='bbox 355 2179 409 2241; x_wconf 89' lang='lat' dir='ltr'>tuli</span> <span class='ocrx_word' id='word_1_139' title='bbox 432 2197 492 2241; x_wconf 90' lang='lat' dir='ltr'>nou</span> <span class='ocrx_word' id='word_1_140' title='bbox 515 2179 626 2241; x_wconf 86' lang='lat' dir='ltr'>leviora</span> <span class='ocrx_word' id='word_1_141' title='bbox 648 2181 735 2260; x_wconf 80' lang='lat' dir='ltr'>fuga.</span> 
     </span>
    </p>

    <p class='ocr_par' dir='ltr' id='par_1_10' title="bbox 150 2268 943 2438">
     <span class='ocr_line' id='line_1_23' title="bbox 150 2268 943 2348; baseline -0.001 -19"><span class='ocrx_word' id='word_1_142' title='bbox 150 2268 303 2348; x_wconf 80' lang='lat' dir='ltr'>Indignata</span> <span class='ocrx_word' id='word_1_143' title='bbox 325 2268 410 2329; x_wconf 90' lang='lat' dir='ltr'>malis</span> <span class='ocrx_word' id='word_1_144' title='bbox 432 2286 517 2329; x_wconf 89' lang='lat' dir='ltr'>mens</span> <span class='ocrx_word' id='word_1_145' title='bbox 540 2277 586 2330; x_wconf 89' lang='lat' dir='ltr'>est</span> <span class='ocrx_word' id='word_1_146' title='bbox 609 2268 827 2348; x_wconf 88' lang='lat' dir='ltr'>succumbere,</span> <span class='ocrx_word' id='word_1_147' title='bbox 850 2285 943 2347; x_wconf 90' lang='lat' dir='ltr'>seque</span> 
     </span>
     <span class='ocr_line' id='line_1_24' title="bbox 150 2356 801 2438; baseline -0.002 -20"><span class='ocrx_word' id='word_1_148' title='bbox 150 2356 303 2419; x_wconf 86' lang='lat' dir='ltr'>Praestitit</span> <span class='ocrx_word' id='word_1_149' title='bbox 323 2359 485 2438; x_wconf 84' lang='lat' dir='ltr'>invictam,</span> <span class='ocrx_word' id='word_1_150' title='bbox 507 2356 621 2418; x_wconf 89' lang='lat' dir='ltr'>viribus</span> <span class='ocrx_word' id='word_1_151' title='bbox 643 2375 698 2418; x_wconf 91' lang='lat' dir='ltr'>usa</span> <span class='ocrx_word' id='word_1_152' title='bbox 720 2358 801 2437; x_wconf 81' lang='lat' dir='ltr'>suis3</span> 
     </span>
    </p>

    <p class='ocr_par' dir='ltr' id='par_1_11' title="bbox 86 2444 857 2613">
     <span class='ocr_line' id='line_1_25' title="bbox 86 2444 857 2526; baseline 0.004 -22"><span class='ocrx_word' id='word_1_153' title='bbox 86 2456 136 2505; x_wconf 80' lang='lat'>105</span> <span class='ocrx_word' id='word_1_154' title='bbox 151 2444 328 2525; x_wconf 87' lang='lat' dir='ltr'>Oblitusque</span> <span class='ocrx_word' id='word_1_155' title='bbox 350 2447 410 2505; x_wconf 90' lang='lat' dir='ltr'>mei</span> <span class='ocrx_word' id='word_1_156' title='bbox 432 2444 598 2524; x_wconf 85' lang='lat' dir='ltr'>ductaeque</span> <span class='ocrx_word' id='word_1_157' title='bbox 620 2463 676 2526; x_wconf 89' lang='lat' dir='ltr'>per</span> <span class='ocrx_word' id='word_1_158' title='bbox 698 2447 758 2507; x_wconf 90' lang='lat' dir='ltr'>otia</span> <span class='ocrx_word' id='word_1_159' title='bbox 781 2447 857 2507; x_wconf 84' lang='lat' dir='ltr'>vitae</span> 
     </span>
     <span class='ocr_line' id='line_1_26' title="bbox 150 2532 759 2613; baseline 0.002 -20"><span class='ocrx_word' id='word_1_160' title='bbox 150 2532 272 2595; x_wconf 90' lang='lat' dir='ltr'>lusolita</span> <span class='ocrx_word' id='word_1_161' title='bbox 294 2536 361 2613; x_wconf 92' lang='lat' dir='ltr'>cepi</span> <span class='ocrx_word' id='word_1_162' title='bbox 383 2534 527 2613; x_wconf 90' lang='lat' dir='ltr'>temporis</span> <span class='ocrx_word' id='word_1_163' title='bbox 549 2551 631 2595; x_wconf 89' lang='lat' dir='ltr'>arma</span> <span class='ocrx_word' id='word_1_164' title='bbox 653 2551 759 2596; x_wconf 92' lang='lat' dir='ltr'>mauu.</span> 
     </span>
    </p>

    <p class='ocr_par' dir='ltr' id='par_1_12' title="bbox 150 2620 965 2878">
     <span class='ocr_line' id='line_1_27' title="bbox 151 2620 965 2703; baseline 0 -21"><span class='ocrx_word' id='word_1_165' title='bbox 151 2621 267 2702; x_wconf 83' lang='lat' dir='ltr'>Totque</span> <span class='ocrx_word' id='word_1_166' title='bbox 291 2622 346 2684; x_wconf 89' lang='lat' dir='ltr'>tuli</span> <span class='ocrx_word' id='word_1_167' title='bbox 369 2639 456 2683; x_wconf 91' lang='lat' dir='ltr'>casus</span> <span class='ocrx_word' id='word_1_168' title='bbox 478 2620 582 2700; x_wconf 81' lang='lat' dir='ltr'>pelago</span> <span class='ocrx_word' id='word_1_169' title='bbox 605 2630 768 2703; x_wconf 89' lang='lat' dir='ltr'>terraque,</span> <span class='ocrx_word' id='word_1_170' title='bbox 792 2630 865 2700; x_wconf 87' lang='lat' dir='ltr'>quot</span> <span class='ocrx_word' id='word_1_171' title='bbox 887 2623 965 2686; x_wconf 89' lang='lat' dir='ltr'>iuter</span> 
     </span>
     <span class='ocr_line' id='line_1_28' title="bbox 151 2708 853 2790; baseline 0 -18"><span class='ocrx_word' id='word_1_172' title='bbox 151 2708 308 2773; x_wconf 89' lang='lat' dir='ltr'>Occultum</span> <span class='ocrx_word' id='word_1_173' title='bbox 331 2709 433 2772; x_wconf 89' lang='lat' dir='ltr'>stellae</span> <span class='ocrx_word' id='word_1_174' title='bbox 456 2713 711 2790; x_wconf 87' lang='lat' dir='ltr'>conspicuumque</span> <span class='ocrx_word' id='word_1_175' title='bbox 734 2709 853 2790; x_wconf 90' lang='lat' dir='ltr'>polum.</span> 
     </span>
     <span class='ocr_line' id='line_1_29' title="bbox 150 2798 861 2878; baseline 0.001 -20"><span class='ocrx_word' id='word_1_176' title='bbox 150 2798 240 2861; x_wconf 80' lang='lat' dir='ltr'>&#39;l&#39;acta</span> <span class='ocrx_word' id='word_1_177' title='bbox 263 2799 336 2860; x_wconf 86' lang='lat' dir='ltr'>milri</span> <span class='ocrx_word' id='word_1_178' title='bbox 358 2799 477 2860; x_wconf 90' lang='lat' dir='ltr'>tandem</span> <span class='ocrx_word' id='word_1_179' title='bbox 500 2799 596 2878; x_wconf 84' lang='lat' dir='ltr'>longis</span> <span class='ocrx_word' id='word_1_180' title='bbox 619 2798 773 2861; x_wconf 88' lang='lat' dir='ltr'>erroribus</span> <span class='ocrx_word' id='word_1_181' title='bbox 796 2808 861 2862; x_wconf 92' lang='lat' dir='ltr'>acto</span> 
     </span>
    </p>

    <p class='ocr_par' dir='ltr' id='par_1_13' title="bbox 85 2886 954 3147">
     <span class='ocr_line' id='line_1_30' title="bbox 85 2886 821 2967; baseline 0.003 -20"><span class='ocrx_word' id='word_1_182' title='bbox 85 2896 135 2948; x_wconf 90' lang='lat'>110</span> <span class='ocrx_word' id='word_1_183' title='bbox 150 2886 254 2949; x_wconf 88' lang='lat' dir='ltr'>iuncta</span> <span class='ocrx_word' id='word_1_184' title='bbox 275 2887 455 2967; x_wconf 87' lang='lat' dir='ltr'>pharetratis</span> <span class='ocrx_word' id='word_1_185' title='bbox 479 2886 622 2948; x_wconf 88' lang='lat' dir='ltr'>Sarmatis</span> <span class='ocrx_word' id='word_1_186' title='bbox 646 2905 698 2948; x_wconf 87' lang='lat' dir='ltr'>ora</span> <span class='ocrx_word' id='word_1_187' title='bbox 721 2887 821 2949; x_wconf 69' lang='lat' dir='ltr'>Getis</span> 
     </span>
     <span class='ocr_line' id='line_1_31' title="bbox 148 2974 954 3056; baseline 0.001 -21"><span class='ocrx_word' id='word_1_188' title='bbox 148 2974 204 3037; x_wconf 87' lang='lat' dir='ltr'>llic</span> <span class='ocrx_word' id='word_1_189' title='bbox 229 2994 283 3056; x_wconf 82' lang='lat' dir='ltr'>ego</span> <span class='ocrx_word' id='word_1_190' title='bbox 306 2977 439 3037; x_wconf 86' lang='lat' dir='ltr'>finitimis</span> <span class='ocrx_word' id='word_1_191' title='bbox 463 2978 596 3055; x_wconf 81' lang='lat' dir='ltr'>quamvis</span> <span class='ocrx_word' id='word_1_192' title='bbox 620 2978 824 3037; x_wconf 88' lang='lat' dir='ltr'>circumsoner</span> <span class='ocrx_word' id='word_1_193' title='bbox 847 2977 954 3056; x_wconf 90' lang='lat' dir='ltr'>armis,</span> 
     </span>
     <span class='ocr_line' id='line_1_32' title="bbox 148 3063 874 3147; baseline 0 -22"><span class='ocrx_word' id='word_1_194' title='bbox 148 3063 280 3147; x_wconf 84' lang='lat' dir='ltr'>Tristia,</span> <span class='ocrx_word' id='word_1_195' title='bbox 304 3082 363 3143; x_wconf 91' lang='lat' dir='ltr'>quo</span> <span class='ocrx_word' id='word_1_196' title='bbox 386 3082 530 3146; x_wconf 90' lang='lat' dir='ltr'>possum,</span> <span class='ocrx_word' id='word_1_197' title='bbox 554 3066 685 3126; x_wconf 91' lang='lat' dir='ltr'>carmine</span> <span class='ocrx_word' id='word_1_198' title='bbox 708 3064 767 3126; x_wconf 85' lang='lat' dir='ltr'>fata</span> <span class='ocrx_word' id='word_1_199' title='bbox 789 3064 874 3126; x_wconf 87' lang='lat' dir='ltr'>lero.</span> 
     </span>
    </p>

    <p class='ocr_par' dir='ltr' id='par_1_14' title="bbox 82 3151 1069 3678">
     <span class='ocr_line' id='line_1_33' title="bbox 148 3151 1069 3234; baseline 0.001 -22"><span class='ocrx_word' id='word_1_200' title='bbox 148 3151 234 3223; x_wconf 84' lang='lat' dir='ltr'>Quod</span> <span class='ocrx_word' id='word_1_201' title='bbox 258 3155 391 3232; x_wconf 84' lang='lat' dir='ltr'>quamvis</span> <span class='ocrx_word' id='word_1_202' title='bbox 414 3171 501 3214; x_wconf 89' lang='lat' dir='ltr'>nemo</span> <span class='ocrx_word' id='word_1_203' title='bbox 524 3161 571 3214; x_wconf 91' lang='lat' dir='ltr'>est</span> <span class='ocrx_word' id='word_1_204' title='bbox 583 3199 593 3234; x_wconf 89' lang='lat'>,</span> <span class='ocrx_word' id='word_1_205' title='bbox 621 3155 707 3214; x_wconf 90' lang='lat' dir='ltr'>cuius</span> <span class='ocrx_word' id='word_1_206' title='bbox 735 3152 882 3214; x_wconf 86' lang='lat' dir='ltr'>reseratur</span> <span class='ocrx_word' id='word_1_207' title='bbox 905 3151 940 3212; x_wconf 92' lang='lat' dir='ltr'>ad</span> <span class='ocrx_word' id='word_1_208' title='bbox 965 3167 1069 3234; x_wconf 88' lang='lat' dir='ltr'>aures,</span> 
     </span>
     <span class='ocr_line' id='line_1_34' title="bbox 149 3240 790 3321; baseline 0.002 -20"><span class='ocrx_word' id='word_1_209' title='bbox 149 3240 199 3301; x_wconf 89' lang='lat' dir='ltr'>Sic</span> <span class='ocrx_word' id='word_1_210' title='bbox 223 3249 321 3302; x_wconf 88' lang='lat' dir='ltr'>tamen</span> <span class='ocrx_word' id='word_1_211' title='bbox 345 3240 468 3302; x_wconf 91' lang='lat' dir='ltr'>absumo</span> <span class='ocrx_word' id='word_1_212' title='bbox 492 3242 668 3321; x_wconf 89' lang='lat' dir='ltr'>decipioque</span> <span class='ocrx_word' id='word_1_213' title='bbox 692 3241 790 3303; x_wconf 88' lang='lat' dir='ltr'>diem.</span> 
     </span>
     <span class='ocr_line' id='line_1_35' title="bbox 82 3327 907 3411; baseline -0.001 -22"><span class='ocrx_word' id='word_1_214' title='bbox 82 3328 226 3410; x_wconf 75' lang='lat' dir='ltr'>resurgo</span> <span class='ocrx_word' id='word_1_215' title='bbox 251 3330 329 3409; x_wconf 93' lang='lat' dir='ltr'>quod</span> <span class='ocrx_word' id='word_1_216' title='bbox 352 3333 417 3391; x_wconf 85' lang='lat' dir='ltr'>rivo</span> <span class='ocrx_word' id='word_1_217' title='bbox 430 3377 440 3411; x_wconf 96' lang='lat'>,</span> <span class='ocrx_word' id='word_1_218' title='bbox 463 3329 606 3409; x_wconf 91' lang='lat' dir='ltr'>durisque</span> <span class='ocrx_word' id='word_1_219' title='bbox 630 3329 782 3392; x_wconf 88' lang='lat' dir='ltr'>laboribus</span> <span class='ocrx_word' id='word_1_220' title='bbox 805 3327 907 3409; x_wconf 89' lang='lat' dir='ltr'>obsto,</span> 
     </span>
     <span class='ocr_line' id='line_1_36' title="bbox 147 3417 817 3499; baseline 0.003 -21"><span class='ocrx_word' id='word_1_221' title='bbox 147 3418 209 3480; x_wconf 91' lang='lat' dir='ltr'>Nec</span> <span class='ocrx_word' id='word_1_222' title='bbox 233 3436 280 3480; x_wconf 88' lang='lat' dir='ltr'>me</span> <span class='ocrx_word' id='word_1_223' title='bbox 305 3417 446 3480; x_wconf 88' lang='lat' dir='ltr'>sollicitae</span> <span class='ocrx_word' id='word_1_224' title='bbox 471 3419 566 3480; x_wconf 92' lang='lat' dir='ltr'>taedia</span> <span class='ocrx_word' id='word_1_225' title='bbox 589 3418 666 3480; x_wconf 89' lang='lat' dir='ltr'>lueis</span> <span class='ocrx_word' id='word_1_226' title='bbox 689 3418 817 3499; x_wconf 89' lang='lat' dir='ltr'>habent,</span> 
     </span>
     <span class='ocr_line' id='line_1_37' title="bbox 147 3503 960 3589; baseline -0.004 -22"><span class='ocrx_word' id='word_1_227' title='bbox 147 3505 270 3589; x_wconf 83' lang='lat' dir='ltr'>Gratia,</span> <span class='ocrx_word' id='word_1_228' title='bbox 292 3507 398 3589; x_wconf 89' lang='lat' dir='ltr'>blusa,</span> <span class='ocrx_word' id='word_1_229' title='bbox 421 3506 498 3569; x_wconf 90' lang='lat' dir='ltr'>tibi!</span> <span class='ocrx_word' id='word_1_230' title='bbox 539 3525 607 3568; x_wconf 91' lang='lat' dir='ltr'>nam</span> <span class='ocrx_word' id='word_1_231' title='bbox 631 3515 664 3568; x_wconf 93' lang='lat' dir='ltr'>tu</span> <span class='ocrx_word' id='word_1_232' title='bbox 688 3506 796 3568; x_wconf 90' lang='lat' dir='ltr'>solacia</span> <span class='ocrx_word' id='word_1_233' title='bbox 817 3503 960 3586; x_wconf 90' lang='lat' dir='ltr'>praebes,</span> 
     </span>
     <span class='ocr_line' id='line_1_38' title="bbox 146 3594 835 3678; baseline 0.001 -22"><span class='ocrx_word' id='word_1_234' title='bbox 146 3594 192 3658; x_wconf 82' lang='lat' dir='ltr'>&#39;l&#39;u</span> <span class='ocrx_word' id='word_1_235' title='bbox 216 3613 305 3658; x_wconf 91' lang='lat' dir='ltr'>curae</span> <span class='ocrx_word' id='word_1_236' title='bbox 328 3598 471 3678; x_wconf 90' lang='lat' dir='ltr'>requies,</span> <span class='ocrx_word' id='word_1_237' title='bbox 494 3603 527 3658; x_wconf 94' lang='lat' dir='ltr'>tu</span> <span class='ocrx_word' id='word_1_238' title='bbox 550 3597 697 3657; x_wconf 89' lang='lat' dir='ltr'>medicina</span> <span class='ocrx_word' id='word_1_239' title='bbox 720 3598 835 3657; x_wconf 86' lang='lat' dir='ltr'>venis.-</span> 
     </span>
    </p>
   </div>
   <div class='ocr_carea' id='block_1_3' title="bbox 0 0 1238 4042">
    <p class='ocr_par' dir='ltr' id='par_1_15' title="bbox 0 0 1238 4042">
     <span class='ocr_line' id='line_1_39' title="bbox 0 0 1238 4042; baseline 0 0"><span class='ocrx_word' id='word_1_240' title='bbox 0 0 1238 4042; x_wconf 95' lang='lat' dir='ltr'> </span> 
     </span>
    </p>
   </div>
  </div>
 </body>
</html>
