2467 4042
175 207 219 272 94
347 224 460 261 russeus
591 203 773 261 ΜΕΤΑΜΜ.

263 372 389 435 Dicere.
416 371 463 434 bis
486 380 606 434 centum
630 371 782 435 restabant
804 391 932 454 corpora
954 394 1097 460 pugnae,

263 462 400 540 Gorgone
422 460 469 522 bis
492 470 612 523 centum
635 464 793 541 riguerunt
815 480 940 543 corpora
963 465 1044 527 risa.

197 564 248 614 ato
262 549 398 612 Paenitet
419 550 523 612 iniusti
545 558 617 611 tunc
640 549 767 630 denique
790 549 903 613 Phinea
924 552 1014 614 belli.

262 638 321 700 Sed
345 638 415 718 quid
438 634 534 718 agat?
556 638 714 701 simulacre
737 639 818 701 videt
839 640 956 702 diversa
980 643 1108 725 liguris,

261 727 462 807 ignoscitque
485 745 556 789 snos
568 775 578 809 ,
600 736 632 789 et
653 729 773 791 nomine
796 746 945 809 quemque
968 740 1112 794 vocatum

260 816 363 879 Poscit
384 834 493 898 opem,
516 815 701 897 credensque
714 834 842 899 parum,
866 816 923 878 sibi
943 821 1081 898 proxima
1096 824 1196 902 tangit

262 905 411 985 Corpora:
424 923 555 967 mumor
574 914 681 967 erant.
708 908 875 987 avertitur,
897 915 988 987 etque
1006 910 1049 970 ita
1061 909 1194 990 supplex

195 1006 247 1056 215
262 993 478 1074 Confessasque
501 1010 606 1057 manns
630 993 808 1076 obliquaque
830 994 970 1058 bracchia
992 997 1125 1062 tendens

262 1079 372 1145 ‘Vincis
385 1078 406 1166 ‚’
429 1086 471 1144 alt
493 1079 641 1146 ‘Perseus
663 1098 782 1146 remove
805 1091 856 1146 tna
878 1092 1036 1168 monstra,
1058 1094 1192 1168 tuaeque

261 1172 404 1234 Saxificos
426 1171 526 1233 vnltns
538 1220 548 1254 ,
571 1190 777 1252 quaecumque
800 1191 856 1255 ea,
880 1173 951 1236 tolle
974 1172 1137 1240 Medusae:

260 1260 366 1344 Tolle,
387 1279 517 1342 precor.
545 1279 605 1323 non
628 1280 684 1323 nos
706 1262 808 1324 odium
831 1264 977 1342 regnique
1001 1263 1114 1345 cupido

260 1349 409 1431 Compulit
431 1349 466 1411 ad
489 1348 623 1413 bellum:
645 1369 701 1431 pro
724 1353 849 1431 coniuge
871 1354 1019 1414 movimus
1043 1370 1145 1416 uma.

195 1451 246 1502 seo
261 1439 356 1502 Causa
374 1440 431 1501 init
453 1440 569 1502 meritis
592 1439 698 1501 melior
720 1447 772 1501 tua
784 1487 794 1521 ,
817 1448 951 1520 tempore
975 1448 1098 1503 nostra.

260 1528 326 1591 Non
348 1530 474 1591 cessisse
496 1530 600 1609 piget.
623 1527 719 1609 nihil,
741 1547 759 1590 o
782 1529 967 1611 lentissime,
989 1539 1113 1610 praeter

260 1617 343 1679 Hanc
365 1620 493 1679 animam
515 1617 647 1679 concede
670 1617 764 1679 mibi:
787 1626 837 1679 tua
860 1625 959 1679 cetera
984 1613 1107 1680 sunto?

260 1706 342 1768 Talia
364 1706 475 1768 dicenti
497 1724 595 1786 neque
620 1724 710 1786 eum,
734 1722 823 1785 quem
845 1723 917 1767 voce
940 1706 1082 1789 rogabat,

260 1796 420 1875 Respicere
444 1794 564 1857 audenti
588 1790 679 1875 ‘quod
692 1789 713 1876 ,’
736 1796 778 1856 ait
801 1789 999 1857 ‘timidissime
1021 1795 1160 1878 Phineu,

194 1896 244 1946 225
260 1884 299 1946 Et
320 1902 442 1965 possum
465 1882 606 1945 tribuisse
629 1893 661 1945 et
683 1900 823 1963 magnum
845 1892 891 1944 est
913 1900 1023 1945 munus
1046 1886 1155 1967 inerti,

259 1973 340 2034 Pone
363 1981 498 2055 metum,
520 1971 670 2034 tribuam.
698 1971 779 2034 nullo
802 1969 949 2033 violabere
972 1972 1074 2034 lerro.

261 2062 339 2134 Quin
362 2064 451 2123 etiam
473 2078 612 2122 mansura
635 2059 710 2122 dabo
734 2062 915 2122 monimenta
938 2077 993 2142 per
1017 2079 1143 2143 aerum3

260 2151 353 2231 Inque
376 2150 463 2212 domo
487 2151 583 2211 soceri
606 2166 725 2230 semper
747 2148 920 2230 spectabere
944 2152 1059 2231 nostri,

259 2238 299 2300 Ut
321 2256 386 2300 mea
408 2257 441 2300 se
465 2241 567 2318 sponsi
590 2237 704 2299 soletur
726 2238 852 2317 imagine
876 2238 1005 2299 coniunx
1016 2233 1035 2299 .'

194 2338 245 2390 seo
259 2326 361 2410 llixit,
383 2335 415 2388 et
435 2329 468 2388 in
490 2335 605 2406 partem
628 2325 813 2406 Phorcynida
836 2325 988 2388 transtulit
1010 2325 1110 2408 illam,

259 2415 302 2476 Ad
326 2432 415 2496 mam
437 2433 470 2477 se
493 2415 609 2495 trepido
632 2414 764 2477 Phineus
787 2414 956 2477 obverterat
977 2433 1049 2476 ore.

258 2504 334 2567 'lum
359 2520 477 2583 quoqne
500 2505 620 2566 conanti
642 2521 696 2565 sua
718 2510 836 2565 vertere
859 2501 969 2565 lomina
993 2505 1095 2565 cervix

258 2593 393 2673 Derigoit
405 2639 415 2674 ,
438 2610 568 2672 suoque
591 2591 747 2653 oculorum
769 2591 903 2653 induruit
926 2609 1031 2654 umor.

259 2680 317 2743 Sed
341 2689 439 2743 tamen
462 2699 497 2742 os
518 2680 656 2744 timidum
670 2679 829 2760 vultusque
843 2681 874 2741 in
888 2696 1037 2742 marmore
1058 2681 1177 2763 supplex

193 2783 243 2833 ees
259 2769 499 2849 summissaeque
522 2787 627 2832 manus
650 2769 800 2849 laciesque
823 2767 949 2830 obnoxia
970 2770 1100 2832 mansit.

303 2857 404 2921 Victor
425 2857 603 2920 Abantiades
626 2859 739 2938 patrios
762 2875 831 2919 curn
854 2858 980 2937 coniuge
1004 2875 1109 2920 muros

259 2948 374 3029 Intrat,
395 2954 428 3009 et
449 2948 581 3009 inmeriti
603 2945 710 3009 vindex
733 2944 872 3026 ultorque
894 2947 1027 3025 parentis

258 3035 436 3117 Aggreditur
457 3035 622 3098 Proetum:
644 3052 713 3097 nam
735 3034 827 3098 fratre
849 3052 905 3115 per
927 3051 1007 3096 uma
1031 3036 1132 3115 legato

258 3126 445 3188 Acrisioneas
467 3122 594 3186 Proetus
616 3121 791 3203 possederat
814 3139 915 3185 arces.

193 3227 244 3276 ato
260 3213 319 3276 Sed
333 3231 389 3275 nec
403 3230 459 3293 ope
473 3229 624 3275 armorum
638 3259 648 3294 ,
669 3229 725 3274 nee
739 3260 748 3294 ‚
771 3228 860 3290 quarn
874 3210 948 3273 male
962 3221 1102 3295 ceperat,
1116 3231 1176 3275 arce

257 3302 353 3363 Torva
375 3300 548 3364 colubriferi
570 3302 721 3381 superavit
742 3300 853 3362 lumina
875 3303 1018 3362 monstri.
1111 3314 1175 3359 nn.

302 3389 346 3452 Te
372 3398 494 3473 mmen,
516 3408 534 3451 o
560 3407 668 3470 parvae
696 3396 818 3471 rector,
840 3387 1022 3470 Polydecte,
1046 3389 1176 3472 Seriphi,

257 3478 319 3540 Nec
341 3480 457 3540 iuvenis
480 3480 575 3540 virtus
597 3495 652 3557 per
675 3484 720 3539 tot
743 3475 1016 3558 spectatalaboras

258 3566 320 3628 Nec
343 3565 418 3626 mala
441 3564 628 3628 mollierant.
657 3565 709 3627 sed
733 3565 913 3627 inexorabile
936 3565 1031 3627 durrus
