<?xml version="1.0" encoding="UTF-8"?>
<!DOCTYPE html PUBLIC "-//W3C//DTD XHTML 1.0 Transitional//EN"
    "http://www.w3.org/TR/xhtml1/DTD/xhtml1-transitional.dtd">
<html xmlns="http://www.w3.org/1999/xhtml" xml:lang="en" lang="en">
 <head>
  <title>
</title>
<meta http-equiv="Content-Type" content="text/html;charset=utf-8" />
  <meta name='ocr-system' content='tesseract 3.04.00' />
  <meta name='ocr-capabilities' content='ocr_page ocr_carea ocr_par ocr_line ocrx_word'/>
</head>
<body>
  <div class='ocr_page' id='page_1' title='image "./povidiusnaso00ehwagoog_0433.png"; bbox 0 0 2467 4042; ppageno 0'>
   <div class='ocr_carea' id='block_1_1' title="bbox 461 260 1095 332">
    <p class='ocr_par' dir='ltr' id='par_1_1' title="bbox 461 260 1095 332">
     <span class='ocr_line' id='line_1_1' title="bbox 461 260 1095 332; baseline 0.005 -17"><span class='ocrx_word' id='word_1_1' title='bbox 461 260 493 332; x_wconf 92' lang='lat'><strong>1,</strong></span> <span class='ocrx_word' id='word_1_2' title='bbox 512 261 644 332; x_wconf 79' lang='lat' dir='ltr'><strong>aas-11,</strong></span> <span class='ocrx_word' id='word_1_3' title='bbox 663 268 715 319; x_wconf 80' lang='grc'><strong>60.</strong></span> <span class='ocrx_word' id='word_1_4' title='bbox 813 282 952 318; x_wconf 68' lang='lat' dir='ltr'><strong>cesarnoni</strong></span> <span class='ocrx_word' id='word_1_5' title='bbox 1052 263 1095 327; x_wconf 85' lang='grc'><strong>23</strong></span> 
     </span>
    </p>
   </div>
   <div class='ocr_carea' id='block_1_2' title="bbox 102 414 1094 3690">
    <p class='ocr_par' dir='ltr' id='par_1_2' title="bbox 102 414 1094 3690">
     <span class='ocr_line' id='line_1_2' title="bbox 163 414 922 506; baseline 0.003 -18"><span class='ocrx_word' id='word_1_6' title='bbox 163 426 202 488; x_wconf 91' lang='lat' dir='ltr'><strong>ln</strong></span> <span class='ocrx_word' id='word_1_7' title='bbox 226 426 303 487; x_wconf 87' lang='lat' dir='ltr'><strong>solio</strong></span> <span class='ocrx_word' id='word_1_8' title='bbox 326 426 467 488; x_wconf 89' lang='lat' dir='ltr'><strong>Phoebus</strong></span> <span class='ocrx_word' id='word_1_9' title='bbox 490 426 577 488; x_wconf 86' lang='lat' dir='ltr'><strong>claris</strong></span> <span class='ocrx_word' id='word_1_10' title='bbox 599 428 719 489; x_wconf 89' lang='lat' dir='ltr'><strong>lucente</strong></span> <span class='ocrx_word' id='word_1_11' title='bbox 742 414 922 506; x_wconf 80' lang='lat' dir='ltr'><strong>smaragdis.</strong></span> 
     </span>
     <span class='ocr_line' id='line_1_3' title="bbox 108 514 940 593; baseline 0.001 -17"><span class='ocrx_word' id='word_1_12' title='bbox 108 527 150 577; x_wconf 76' lang='lat'><strong>2⁶</strong></span> <span class='ocrx_word' id='word_1_13' title='bbox 168 517 194 575; x_wconf 81' lang='grc' dir='ltr'>Α</span> <span class='ocrx_word' id='word_1_14' title='bbox 213 515 322 575; x_wconf 85' lang='lat' dir='ltr'><strong>dextra</strong></span> <span class='ocrx_word' id='word_1_15' title='bbox 343 514 484 593; x_wconf 86' lang='lat' dir='ltr'><strong>laevaque</strong></span> <span class='ocrx_word' id='word_1_16' title='bbox 507 515 576 575; x_wconf 91' lang='lat' dir='ltr'><strong>Dies</strong></span> <span class='ocrx_word' id='word_1_17' title='bbox 599 524 631 576; x_wconf 88' lang='lat' dir='ltr'><strong>et</strong></span> <span class='ocrx_word' id='word_1_18' title='bbox 651 514 763 576; x_wconf 78' lang='lat' dir='ltr'>Mensis</span> <span class='ocrx_word' id='word_1_19' title='bbox 785 524 816 577; x_wconf 89' lang='lat' dir='ltr'><strong>et</strong></span> <span class='ocrx_word' id='word_1_20' title='bbox 838 517 940 578; x_wconf 79' lang='lat' dir='ltr'><strong>Annus</strong></span> 
     </span>
     <span class='ocr_line' id='line_1_4' title="bbox 167 602 983 683; baseline 0.004 -20"><span class='ocrx_word' id='word_1_21' title='bbox 167 602 358 682; x_wconf 77' lang='lat' dir='ltr'><strong>Saeculaque</strong></span> <span class='ocrx_word' id='word_1_22' title='bbox 382 611 413 663; x_wconf 92' lang='lat' dir='ltr'><strong>et</strong></span> <span class='ocrx_word' id='word_1_23' title='bbox 434 606 547 683; x_wconf 81' lang='lat' dir='ltr'><strong>positae</strong></span> <span class='ocrx_word' id='word_1_24' title='bbox 566 603 864 683; x_wconf 79' lang='lat' dir='ltr'><strong>spatiisaequalihus</strong></span> <span class='ocrx_word' id='word_1_25' title='bbox 886 603 983 667; x_wconf 89' lang='lat' dir='ltr'><strong>llorae</strong></span> 
     </span>
     <span class='ocr_line' id='line_1_5' title="bbox 165 690 992 776; baseline 0.006 -27"><span class='ocrx_word' id='word_1_26' title='bbox 165 691 290 770; x_wconf 82' lang='lat' dir='ltr'><strong>Verque</strong></span> <span class='ocrx_word' id='word_1_27' title='bbox 313 709 423 753; x_wconf 88' lang='lat' dir='ltr'><strong>novum</strong></span> <span class='ocrx_word' id='word_1_28' title='bbox 446 690 542 753; x_wconf 89' lang='lat' dir='ltr'><strong>stabat</strong></span> <span class='ocrx_word' id='word_1_29' title='bbox 564 694 695 753; x_wconf 88' lang='lat' dir='ltr'><strong>cinctum</strong></span> <span class='ocrx_word' id='word_1_30' title='bbox 718 691 843 754; x_wconf 86' lang='lat' dir='ltr'><strong>florente</strong></span> <span class='ocrx_word' id='word_1_31' title='bbox 867 711 992 776; x_wconf 90' lang='lat' dir='ltr'><strong>corona,</strong></span> 
     </span>
     <span class='ocr_line' id='line_1_6' title="bbox 167 778 975 861; baseline 0.002 -22"><span class='ocrx_word' id='word_1_32' title='bbox 167 778 277 840; x_wconf 81' lang='lat' dir='ltr'><strong>Stabat</strong></span> <span class='ocrx_word' id='word_1_33' title='bbox 299 780 378 841; x_wconf 90' lang='lat' dir='ltr'><strong>nuda</strong></span> <span class='ocrx_word' id='word_1_34' title='bbox 399 780 504 840; x_wconf 79' lang='lat' dir='ltr'><strong>Aestas</strong></span> <span class='ocrx_word' id='word_1_35' title='bbox 527 787 557 840; x_wconf 92' lang='lat' dir='ltr'><strong>et</strong></span> <span class='ocrx_word' id='word_1_36' title='bbox 579 782 679 860; x_wconf 88' lang='lat' dir='ltr'><strong>spicea</strong></span> <span class='ocrx_word' id='word_1_37' title='bbox 702 788 782 840; x_wconf 87' lang='lat' dir='ltr'><strong>serta</strong></span> <span class='ocrx_word' id='word_1_38' title='bbox 804 780 943 861; x_wconf 78' lang='lat' dir='ltr'><strong>gerebat,</strong></span> <span class='ocrx_word' id='word_1_39' title='bbox 973 795 975 800; x_wconf 77' lang='grc'>’</span> 
     </span>
     <span class='ocr_line' id='line_1_7' title="bbox 167 867 913 930; baseline 0.003 -3"><span class='ocrx_word' id='word_1_40' title='bbox 167 867 278 928; x_wconf 86' lang='lat' dir='ltr'><strong>Stabat</strong></span> <span class='ocrx_word' id='word_1_41' title='bbox 299 876 331 929; x_wconf 89' lang='lat' dir='ltr'><strong>et</strong></span> <span class='ocrx_word' id='word_1_42' title='bbox 353 869 521 929; x_wconf 76' lang='lat' dir='ltr'><strong>Autumnus</strong></span> <span class='ocrx_word' id='word_1_43' title='bbox 544 868 663 929; x_wconf 89' lang='lat' dir='ltr'><strong>calcatis</strong></span> <span class='ocrx_word' id='word_1_44' title='bbox 687 868 825 929; x_wconf 88' lang='lat' dir='ltr'><strong>sordidus</strong></span> <span class='ocrx_word' id='word_1_45' title='bbox 847 872 913 930; x_wconf 80' lang='lat' dir='ltr'><strong>uvis</strong></span> 
     </span>
     <span class='ocr_line' id='line_1_8' title="bbox 102 955 898 1037; baseline 0 -19"><span class='ocrx_word' id='word_1_46' title='bbox 102 970 150 1018; x_wconf 81' lang='lat' dir='ltr'><strong>eo</strong></span> <span class='ocrx_word' id='word_1_47' title='bbox 166 955 208 1017; x_wconf 84' lang='lat' dir='ltr'><strong>Et</strong></span> <span class='ocrx_word' id='word_1_48' title='bbox 232 955 363 1035; x_wconf 88' lang='lat' dir='ltr'><strong>glacialis</strong></span> <span class='ocrx_word' id='word_1_49' title='bbox 386 955 489 1017; x_wconf 84' lang='lat' dir='ltr'><strong>Hiems</strong></span> <span class='ocrx_word' id='word_1_50' title='bbox 511 974 600 1017; x_wconf 88' lang='lat' dir='ltr'><strong>canos</strong></span> <span class='ocrx_word' id='word_1_51' title='bbox 623 957 739 1019; x_wconf 59' lang='lat' dir='ltr'><strong>menta</strong></span> <span class='ocrx_word' id='word_1_52' title='bbox 761 956 898 1037; x_wconf 83' lang='lat' dir='ltr'><strong>capillos.</strong></span> 
     </span>
     <span class='ocr_line' id='line_1_9' title="bbox 167 1043 928 1125; baseline 0.003 -21"><span class='ocrx_word' id='word_1_53' title='bbox 167 1044 245 1105; x_wconf 90' lang='lat' dir='ltr'><strong>Inde</strong></span> <span class='ocrx_word' id='word_1_54' title='bbox 268 1043 334 1104; x_wconf 88' lang='lat' dir='ltr'><strong>loco</strong></span> <span class='ocrx_word' id='word_1_55' title='bbox 357 1043 473 1105; x_wconf 88' lang='lat' dir='ltr'><strong>medius</strong></span> <span class='ocrx_word' id='word_1_56' title='bbox 495 1063 598 1106; x_wconf 85' lang='lat' dir='ltr'><strong>rerum</strong></span> <span class='ocrx_word' id='word_1_57' title='bbox 621 1048 749 1107; x_wconf 79' lang='lat' dir='ltr'><strong>novitate</strong></span> <span class='ocrx_word' id='word_1_58' title='bbox 772 1054 928 1125; x_wconf 88' lang='lat' dir='ltr'><strong>paventem</strong></span> 
     </span>
     <span class='ocr_line' id='line_1_10' title="bbox 169 1131 1040 1216; baseline 0.003 -24"><span class='ocrx_word' id='word_1_59' title='bbox 169 1131 224 1192; x_wconf 89' lang='lat' dir='ltr'><strong>Sol</strong></span> <span class='ocrx_word' id='word_1_60' title='bbox 248 1132 342 1194; x_wconf 90' lang='lat' dir='ltr'><strong>oculis</strong></span> <span class='ocrx_word' id='word_1_61' title='bbox 364 1135 502 1194; x_wconf 87' lang='lat' dir='ltr'><strong>iuvenem</strong></span> <span class='ocrx_word' id='word_1_62' title='bbox 514 1182 524 1214; x_wconf 93' lang='lat'><strong>,</strong></span> <span class='ocrx_word' id='word_1_63' title='bbox 547 1132 657 1213; x_wconf 91' lang='lat' dir='ltr'><strong>quihus</strong></span> <span class='ocrx_word' id='word_1_64' title='bbox 679 1137 786 1213; x_wconf 87' lang='lat' dir='ltr'><strong>aspicit</strong></span> <span class='ocrx_word' id='word_1_65' title='bbox 807 1136 905 1195; x_wconf 88' lang='lat' dir='ltr'><strong>omnia</strong></span> <span class='ocrx_word' id='word_1_66' title='bbox 917 1183 927 1216; x_wconf 96' lang='lat'><strong>,</strong></span> <span class='ocrx_word' id='word_1_67' title='bbox 952 1135 1040 1214; x_wconf 84' lang='lat' dir='ltr'><strong>vidit,</strong></span> 
     </span>
     <span class='ocr_line' id='line_1_11' title="bbox 169 1216 1093 1306; baseline 0.004 -25"><span class='ocrx_word' id='word_1_68' title='bbox 169 1216 281 1290; x_wconf 81' lang='lat' dir='ltr'><strong>‘Quae&#39;</strong></span> <span class='ocrx_word' id='word_1_69' title='bbox 295 1239 354 1299; x_wconf 91' lang='lat' dir='ltr'><strong>que</strong></span> <span class='ocrx_word' id='word_1_70' title='bbox 368 1217 442 1281; x_wconf 80' lang='lat' dir='ltr'><strong>‘viae</strong></span> <span class='ocrx_word' id='word_1_71' title='bbox 458 1221 512 1282; x_wconf 92' lang='lat' dir='ltr'><strong>tibi</strong></span> <span class='ocrx_word' id='word_1_72' title='bbox 526 1239 614 1283; x_wconf 89' lang='lat' dir='ltr'><strong>causa</strong></span> <span class='ocrx_word' id='word_1_73' title='bbox 628 1219 646 1283; x_wconf 74' lang='lat' dir='ltr'><strong>t</strong></span> <span class='ocrx_word' id='word_1_74' title='bbox 659 1223 730 1301; x_wconf 92' lang='lat' dir='ltr'><strong>quid</strong></span> <span class='ocrx_word' id='word_1_75' title='bbox 744 1218 811 1283; x_wconf 89' lang='lat' dir='ltr'><strong>hae&#39;</strong></span> <span class='ocrx_word' id='word_1_76' title='bbox 826 1224 867 1284; x_wconf 88' lang='lat' dir='ltr'><strong>ait</strong></span> <span class='ocrx_word' id='word_1_77' title='bbox 881 1218 960 1283; x_wconf 76' lang='lat' dir='ltr'><strong>‘arce</strong></span> <span class='ocrx_word' id='word_1_78' title='bbox 973 1226 1093 1306; x_wconf 86' lang='lat' dir='ltr'><strong>petisti,</strong></span> 
     </span>
     <span class='ocr_line' id='line_1_12' title="bbox 167 1306 1014 1391; baseline 0.004 -22"><span class='ocrx_word' id='word_1_79' title='bbox 167 1307 358 1391; x_wconf 83' lang='lat' dir='ltr'><strong>Progenies,</strong></span> <span class='ocrx_word' id='word_1_80' title='bbox 380 1308 556 1391; x_wconf 73' lang='lat' dir='ltr'><strong>Phaethon,</strong></span> <span class='ocrx_word' id='word_1_81' title='bbox 579 1310 659 1372; x_wconf 91' lang='lat' dir='ltr'><strong>haud</strong></span> <span class='ocrx_word' id='word_1_82' title='bbox 681 1311 833 1371; x_wconf 88' lang='lat' dir='ltr'><strong>infitianda</strong></span> <span class='ocrx_word' id='word_1_83' title='bbox 854 1306 1014 1391; x_wconf 66' lang='lat' dir='ltr'><strong>parenti?</strong></span> 
     </span>
     <span class='ocr_line' id='line_1_13' title="bbox 102 1393 890 1481; baseline 0.003 -23"><span class='ocrx_word' id='word_1_84' title='bbox 102 1410 148 1458; x_wconf 74' lang='lat' dir='ltr'><strong>ee</strong></span> <span class='ocrx_word' id='word_1_85' title='bbox 168 1396 223 1456; x_wconf 85' lang='lat' dir='ltr'><strong>lile</strong></span> <span class='ocrx_word' id='word_1_86' title='bbox 239 1397 335 1457; x_wconf 82' lang='lat' dir='ltr'><strong>refert</strong></span> <span class='ocrx_word' id='word_1_87' title='bbox 357 1393 385 1457; x_wconf 78' lang='lat' dir='ltr'><strong>‘o</strong></span> <span class='ocrx_word' id='word_1_88' title='bbox 404 1396 455 1458; x_wconf 85' lang='lat' dir='ltr'><strong>lux</strong></span> <span class='ocrx_word' id='word_1_89' title='bbox 477 1400 606 1459; x_wconf 88' lang='lat' dir='ltr'><strong>inmensi</strong></span> <span class='ocrx_word' id='word_1_90' title='bbox 628 1398 747 1477; x_wconf 88' lang='lat' dir='ltr'><strong>publiea</strong></span> <span class='ocrx_word' id='word_1_91' title='bbox 769 1398 890 1481; x_wconf 89' lang='lat' dir='ltr'><strong>mundi,</strong></span> 
     </span>
     <span class='ocr_line' id='line_1_14' title="bbox 165 1484 1027 1568; baseline 0.002 -23"><span class='ocrx_word' id='word_1_92' title='bbox 165 1484 293 1545; x_wconf 86' lang='lat' dir='ltr'><strong>Phoebe</strong></span> <span class='ocrx_word' id='word_1_93' title='bbox 310 1493 395 1564; x_wconf 92' lang='lat' dir='ltr'><strong>pater</strong></span> <span class='ocrx_word' id='word_1_94' title='bbox 407 1533 417 1566; x_wconf 95' lang='lat'><strong>,</strong></span> <span class='ocrx_word' id='word_1_95' title='bbox 439 1488 465 1546; x_wconf 91' lang='lat' dir='ltr'><strong>si</strong></span> <span class='ocrx_word' id='word_1_96' title='bbox 488 1486 541 1546; x_wconf 90' lang='lat' dir='ltr'><strong>das</strong></span> <span class='ocrx_word' id='word_1_97' title='bbox 561 1486 652 1547; x_wconf 87' lang='lat' dir='ltr'><strong>huius</strong></span> <span class='ocrx_word' id='word_1_98' title='bbox 675 1487 747 1548; x_wconf 88' lang='lat' dir='ltr'><strong>mihi</strong></span> <span class='ocrx_word' id='word_1_99' title='bbox 769 1489 898 1549; x_wconf 89' lang='lat' dir='ltr'><strong>nominis</strong></span> <span class='ocrx_word' id='word_1_100' title='bbox 921 1504 1027 1568; x_wconf 91' lang='lat' dir='ltr'><strong>usum,</strong></span> 
     </span>
     <span class='ocr_line' id='line_1_15' title="bbox 165 1572 973 1655; baseline 0.002 -22"><span class='ocrx_word' id='word_1_101' title='bbox 165 1572 235 1633; x_wconf 87' lang='lat' dir='ltr'><strong>Nec</strong></span> <span class='ocrx_word' id='word_1_102' title='bbox 255 1572 325 1633; x_wconf 84' lang='lat' dir='ltr'><strong>falsa</strong></span> <span class='ocrx_word' id='word_1_103' title='bbox 348 1572 487 1653; x_wconf 82' lang='lat' dir='ltr'><strong>Clymene</strong></span> <span class='ocrx_word' id='word_1_104' title='bbox 510 1574 628 1653; x_wconf 91' lang='lat' dir='ltr'><strong>culpam</strong></span> <span class='ocrx_word' id='word_1_105' title='bbox 649 1574 707 1636; x_wconf 90' lang='lat' dir='ltr'><strong>suh</strong></span> <span class='ocrx_word' id='word_1_106' title='bbox 729 1578 856 1655; x_wconf 85' lang='lat' dir='ltr'><strong>imagine</strong></span> <span class='ocrx_word' id='word_1_107' title='bbox 879 1575 973 1636; x_wconf 87' lang='lat' dir='ltr'><strong>celat:</strong></span> 
     </span>
     <span class='ocr_line' id='line_1_16' title="bbox 166 1660 1040 1744; baseline 0.001 -22"><span class='ocrx_word' id='word_1_108' title='bbox 166 1660 301 1740; x_wconf 86' lang='lat' dir='ltr'><strong>Pignera</strong></span> <span class='ocrx_word' id='word_1_109' title='bbox 323 1662 359 1722; x_wconf 89' lang='lat' dir='ltr'><strong>da</strong></span> <span class='ocrx_word' id='word_1_110' title='bbox 371 1709 381 1743; x_wconf 97' lang='lat'><strong>,</strong></span> <span class='ocrx_word' id='word_1_111' title='bbox 404 1665 544 1744; x_wconf 88' lang='lat' dir='ltr'><strong>genitor,</strong></span> <span class='ocrx_word' id='word_1_112' title='bbox 566 1680 622 1742; x_wconf 90' lang='lat' dir='ltr'><strong>per</strong></span> <span class='ocrx_word' id='word_1_113' title='bbox 645 1681 720 1742; x_wconf 87' lang='lat' dir='ltr'><strong>quae</strong></span> <span class='ocrx_word' id='word_1_114' title='bbox 743 1672 795 1725; x_wconf 89' lang='lat' dir='ltr'><strong>tua</strong></span> <span class='ocrx_word' id='word_1_115' title='bbox 817 1682 887 1725; x_wconf 81' lang='lat' dir='ltr'><strong>vera</strong></span> <span class='ocrx_word' id='word_1_116' title='bbox 909 1681 1040 1743; x_wconf 91' lang='lat' dir='ltr'><strong>propago</strong></span> 
     </span>
     <span class='ocr_line' id='line_1_17' title="bbox 166 1747 1044 1832; baseline 0.002 -22"><span class='ocrx_word' id='word_1_117' title='bbox 166 1747 307 1832; x_wconf 84' lang='lat' dir='ltr'><strong>Credar,</strong></span> <span class='ocrx_word' id='word_1_118' title='bbox 324 1758 356 1811; x_wconf 89' lang='lat' dir='ltr'><strong>et</strong></span> <span class='ocrx_word' id='word_1_119' title='bbox 372 1749 453 1811; x_wconf 87' lang='lat' dir='ltr'><strong>hunc</strong></span> <span class='ocrx_word' id='word_1_120' title='bbox 476 1752 582 1811; x_wconf 88' lang='lat' dir='ltr'><strong>animis</strong></span> <span class='ocrx_word' id='word_1_121' title='bbox 604 1768 739 1813; x_wconf 88' lang='lat' dir='ltr'><strong>errorem</strong></span> <span class='ocrx_word' id='word_1_122' title='bbox 758 1751 880 1814; x_wconf 91' lang='lat' dir='ltr'><strong>detrahe</strong></span> <span class='ocrx_word' id='word_1_123' title='bbox 903 1754 1014 1813; x_wconf 88' lang='lat' dir='ltr'><strong>nostris</strong></span> <span class='ocrx_word' id='word_1_124' title='bbox 1025 1747 1044 1813; x_wconf 91' lang='lat'><strong>.&#39;</strong></span> 
     </span>
     <span class='ocr_line' id='line_1_18' title="bbox 106 1834 1040 1921; baseline -0.001 -20"><span class='ocrx_word' id='word_1_125' title='bbox 106 1851 153 1901; x_wconf 79' lang='lat'><strong>40</strong></span> <span class='ocrx_word' id='word_1_126' title='bbox 167 1834 316 1900; x_wconf 83' lang='lat' dir='ltr'><strong>Dixerat.</strong></span> <span class='ocrx_word' id='word_1_127' title='bbox 343 1838 379 1899; x_wconf 89' lang='lat' dir='ltr'><strong>at&#39;</strong></span> <span class='ocrx_word' id='word_1_128' title='bbox 396 1840 514 1917; x_wconf 89' lang='lat' dir='ltr'><strong>genitor</strong></span> <span class='ocrx_word' id='word_1_129' title='bbox 536 1842 652 1900; x_wconf 90' lang='lat' dir='ltr'><strong>circum</strong></span> <span class='ocrx_word' id='word_1_130' title='bbox 674 1848 764 1921; x_wconf 86' lang='lat' dir='ltr'><strong>caput</strong></span> <span class='ocrx_word' id='word_1_131' title='bbox 786 1859 873 1902; x_wconf 89' lang='lat' dir='ltr'><strong>omne</strong></span> <span class='ocrx_word' id='word_1_132' title='bbox 897 1842 1040 1901; x_wconf 89' lang='lat' dir='ltr'><strong>micantes</strong></span> 
     </span>
     <span class='ocr_line' id='line_1_19' title="bbox 166 1926 961 2010; baseline 0.005 -25"><span class='ocrx_word' id='word_1_133' title='bbox 166 1926 317 2005; x_wconf 82' lang='lat' dir='ltr'><strong>Deposuit</strong></span> <span class='ocrx_word' id='word_1_134' title='bbox 336 1927 461 2010; x_wconf 89' lang='lat' dir='ltr'><strong>radios,</strong></span> <span class='ocrx_word' id='word_1_135' title='bbox 482 1929 666 2007; x_wconf 90' lang='lat' dir='ltr'><strong>propiusque</strong></span> <span class='ocrx_word' id='word_1_136' title='bbox 691 1930 833 1990; x_wconf 88' lang='lat' dir='ltr'><strong>accedere</strong></span> <span class='ocrx_word' id='word_1_137' title='bbox 856 1931 961 2009; x_wconf 90' lang='lat' dir='ltr'><strong>iussit,</strong></span> 
     </span>
     <span class='ocr_line' id='line_1_20' title="bbox 164 2011 936 2098; baseline 0.003 -23"><span class='ocrx_word' id='word_1_138' title='bbox 164 2013 375 2093; x_wconf 80' lang='lat' dir='ltr'><strong>Ampleanue</strong></span> <span class='ocrx_word' id='word_1_139' title='bbox 398 2015 466 2076; x_wconf 87' lang='lat' dir='ltr'><strong>dato</strong></span> <span class='ocrx_word' id='word_1_140' title='bbox 490 2011 558 2076; x_wconf 79' lang='lat' dir='ltr'><strong>‘nee</strong></span> <span class='ocrx_word' id='word_1_141' title='bbox 580 2023 614 2077; x_wconf 94' lang='lat' dir='ltr'><strong>tu</strong></span> <span class='ocrx_word' id='word_1_142' title='bbox 637 2033 722 2078; x_wconf 90' lang='lat' dir='ltr'><strong>meus</strong></span> <span class='ocrx_word' id='word_1_143' title='bbox 744 2036 810 2079; x_wconf 90' lang='lat' dir='ltr'><strong>esse</strong></span> <span class='ocrx_word' id='word_1_144' title='bbox 833 2019 936 2098; x_wconf 89' lang='lat' dir='ltr'><strong>negari</strong></span> 
     </span>
     <span class='ocr_line' id='line_1_21' title="bbox 166 2101 1017 2185; baseline 0.004 -23"><span class='ocrx_word' id='word_1_145' title='bbox 166 2102 285 2181; x_wconf 86' lang='lat' dir='ltr'><strong>Dignus</strong></span> <span class='ocrx_word' id='word_1_146' title='bbox 308 2120 342 2163; x_wconf 87' lang='lat' dir='ltr'><strong>es</strong></span> <span class='ocrx_word' id='word_1_147' title='bbox 353 2151 364 2185; x_wconf 95' lang='lat'><strong>,</strong></span> <span class='ocrx_word' id='word_1_148' title='bbox 387 2112 418 2164; x_wconf 93' lang='lat' dir='ltr'><strong>et</strong></span> <span class='ocrx_word' id='word_1_149' title='bbox 441 2102 579 2182; x_wconf 79' lang='lat' dir='ltr'><strong>Clymene</strong></span> <span class='ocrx_word' id='word_1_150' title='bbox 602 2101 702 2165; x_wconf 88' lang='lat' dir='ltr'><strong>veros&#39;</strong></span> <span class='ocrx_word' id='word_1_151' title='bbox 724 2108 766 2167; x_wconf 88' lang='lat' dir='ltr'><strong>ait</strong></span> <span class='ocrx_word' id='word_1_152' title='bbox 788 2102 892 2166; x_wconf 77' lang='lat' dir='ltr'><strong>‘edidit</strong></span> <span class='ocrx_word' id='word_1_153' title='bbox 915 2111 1017 2165; x_wconf 91' lang='lat' dir='ltr'><strong>ortus.</strong></span> 
     </span>
     <span class='ocr_line' id='line_1_22' title="bbox 166 2190 1093 2274; baseline 0.001 -22"><span class='ocrx_word' id='word_1_154' title='bbox 166 2190 297 2269; x_wconf 86' lang='lat' dir='ltr'><strong>Quoque</strong></span> <span class='ocrx_word' id='word_1_155' title='bbox 316 2194 416 2253; x_wconf 87' lang='lat' dir='ltr'><strong>minus</strong></span> <span class='ocrx_word' id='word_1_156' title='bbox 433 2190 574 2273; x_wconf 91' lang='lat' dir='ltr'><strong>dubites,</strong></span> <span class='ocrx_word' id='word_1_157' title='bbox 597 2193 721 2271; x_wconf 84' lang='lat' dir='ltr'><strong>quodvis</strong></span> <span class='ocrx_word' id='word_1_158' title='bbox 734 2202 802 2273; x_wconf 92' lang='lat' dir='ltr'><strong>pete</strong></span> <span class='ocrx_word' id='word_1_159' title='bbox 821 2211 952 2274; x_wconf 89' lang='lat' dir='ltr'><strong>munus,</strong></span> <span class='ocrx_word' id='word_1_160' title='bbox 974 2192 1093 2254; x_wconf 89' lang='lat' dir='ltr'><strong>utillud</strong></span> 
     </span>
     <span class='ocr_line' id='line_1_23' title="bbox 107 2278 929 2360; baseline 0 -19"><span class='ocrx_word' id='word_1_161' title='bbox 107 2292 151 2341; x_wconf 75' lang='lat'><strong>45</strong></span> <span class='ocrx_word' id='word_1_162' title='bbox 165 2278 216 2339; x_wconf 87' lang='lat' dir='ltr'><strong>hle</strong></span> <span class='ocrx_word' id='word_1_163' title='bbox 242 2278 391 2360; x_wconf 77' lang='lat' dir='ltr'><strong>tribuente</strong></span> <span class='ocrx_word' id='word_1_164' title='bbox 414 2280 514 2341; x_wconf 83' lang='lat' dir='ltr'><strong>ieras.</strong></span> <span class='ocrx_word' id='word_1_165' title='bbox 540 2282 697 2360; x_wconf 88' lang='lat' dir='ltr'><strong>promissis</strong></span> <span class='ocrx_word' id='word_1_166' title='bbox 720 2285 805 2343; x_wconf 90' lang='lat' dir='ltr'><strong>testis</strong></span> <span class='ocrx_word' id='word_1_167' title='bbox 827 2281 929 2342; x_wconf 85' lang='lat' dir='ltr'><strong>adesto</strong></span> 
     </span>
     <span class='ocr_line' id='line_1_24' title="bbox 165 2365 948 2449; baseline 0.003 -22"><span class='ocrx_word' id='word_1_168' title='bbox 165 2367 223 2427; x_wconf 87' lang='lat' dir='ltr'><strong>Dis</strong></span> <span class='ocrx_word' id='word_1_169' title='bbox 246 2367 370 2428; x_wconf 89' lang='lat' dir='ltr'><strong>iuranda</strong></span> <span class='ocrx_word' id='word_1_170' title='bbox 387 2368 494 2449; x_wconf 84' lang='lat' dir='ltr'><strong>palus,</strong></span> <span class='ocrx_word' id='word_1_171' title='bbox 516 2368 613 2429; x_wconf 87' lang='lat' dir='ltr'><strong>oculis</strong></span> <span class='ocrx_word' id='word_1_172' title='bbox 634 2371 784 2449; x_wconf 88' lang='lat' dir='ltr'><strong>incognita</strong></span> <span class='ocrx_word' id='word_1_173' title='bbox 807 2365 948 2431; x_wconf 69' lang='lat' dir='ltr'><strong>nostris?</strong></span> 
     </span>
     <span class='ocr_line' id='line_1_25' title="bbox 165 2454 975 2538; baseline 0.005 -24"><span class='ocrx_word' id='word_1_174' title='bbox 165 2455 227 2515; x_wconf 86' lang='lat' dir='ltr'><strong>Vix</strong></span> <span class='ocrx_word' id='word_1_175' title='bbox 249 2454 325 2516; x_wconf 88' lang='lat' dir='ltr'><strong>hene</strong></span> <span class='ocrx_word' id='word_1_176' title='bbox 349 2456 500 2536; x_wconf 91' lang='lat' dir='ltr'><strong>desierat,</strong></span> <span class='ocrx_word' id='word_1_177' title='bbox 523 2474 632 2518; x_wconf 87' lang='lat' dir='ltr'><strong>currus</strong></span> <span class='ocrx_word' id='word_1_178' title='bbox 655 2466 741 2536; x_wconf 87' lang='lat' dir='ltr'><strong>rogat</strong></span> <span class='ocrx_word' id='word_1_179' title='bbox 762 2457 811 2518; x_wconf 89' lang='lat' dir='ltr'><strong>ille</strong></span> <span class='ocrx_word' id='word_1_180' title='bbox 833 2465 975 2538; x_wconf 88' lang='lat' dir='ltr'><strong>paternos</strong></span> 
     </span>
     <span class='ocr_line' id='line_1_26' title="bbox 161 2544 1057 2625; baseline 0.001 -20"><span class='ocrx_word' id='word_1_181' title='bbox 161 2545 264 2621; x_wconf 88' lang='lat' dir='ltr'><strong>Inque</strong></span> <span class='ocrx_word' id='word_1_182' title='bbox 287 2544 366 2605; x_wconf 69' lang='lat' dir='ltr'><strong>hem</strong></span> <span class='ocrx_word' id='word_1_183' title='bbox 389 2544 537 2624; x_wconf 90' lang='lat' dir='ltr'><strong>alipedum</strong></span> <span class='ocrx_word' id='word_1_184' title='bbox 559 2547 607 2606; x_wconf 92' lang='lat' dir='ltr'><strong>ius</strong></span> <span class='ocrx_word' id='word_1_185' title='bbox 630 2554 661 2606; x_wconf 91' lang='lat' dir='ltr'><strong>et</strong></span> <span class='ocrx_word' id='word_1_186' title='bbox 683 2546 872 2607; x_wconf 87' lang='lat' dir='ltr'><strong>moderamen</strong></span> <span class='ocrx_word' id='word_1_187' title='bbox 896 2563 1057 2625; x_wconf 87' lang='lat' dir='ltr'><strong>equorum.</strong></span> 
     </span>
     <span class='ocr_line' id='line_1_27' title="bbox 161 2632 1007 2714; baseline 0.001 -21"><span class='ocrx_word' id='word_1_188' title='bbox 161 2632 319 2693; x_wconf 89' lang='lat' dir='ltr'><strong>Paenituit</strong></span> <span class='ocrx_word' id='word_1_189' title='bbox 336 2634 451 2693; x_wconf 86' lang='lat' dir='ltr'><strong>iurasse</strong></span> <span class='ocrx_word' id='word_1_190' title='bbox 473 2640 611 2713; x_wconf 90' lang='lat' dir='ltr'><strong>patrem.</strong></span> <span class='ocrx_word' id='word_1_191' title='bbox 639 2637 691 2713; x_wconf 91' lang='lat' dir='ltr'><strong>qui</strong></span> <span class='ocrx_word' id='word_1_192' title='bbox 715 2643 820 2713; x_wconf 87' lang='lat' dir='ltr'><strong>terque</strong></span> <span class='ocrx_word' id='word_1_193' title='bbox 843 2645 1007 2714; x_wconf 88' lang='lat' dir='ltr'><strong>quaterque</strong></span> 
     </span>
     <span class='ocr_line' id='line_1_28' title="bbox 112 2716 899 2802; baseline -0.001 -17"><span class='ocrx_word' id='word_1_194' title='bbox 112 2735 149 2785; x_wconf 73' lang='lat' dir='ltr'><strong>ae</strong></span> <span class='ocrx_word' id='word_1_195' title='bbox 164 2720 352 2781; x_wconf 67' lang='lat' dir='ltr'><strong>mutumne</strong></span> <span class='ocrx_word' id='word_1_196' title='bbox 373 2721 491 2781; x_wconf 86' lang='lat' dir='ltr'><strong>illustre</strong></span> <span class='ocrx_word' id='word_1_197' title='bbox 514 2729 605 2802; x_wconf 90' lang='lat' dir='ltr'><strong>caput</strong></span> <span class='ocrx_word' id='word_1_198' title='bbox 622 2716 803 2783; x_wconf 73' lang='lat' dir='ltr'><strong>‘temeraria&#39;</strong></span> <span class='ocrx_word' id='word_1_199' title='bbox 826 2723 899 2784; x_wconf 83' lang='lat' dir='ltr'><strong>dixit</strong></span> 
     </span>
     <span class='ocr_line' id='line_1_29' title="bbox 163 2805 1033 2890; baseline 0.006 -23"><span class='ocrx_word' id='word_1_200' title='bbox 163 2805 245 2867; x_wconf 81' lang='lat' dir='ltr'><strong>‘Vox</strong></span> <span class='ocrx_word' id='word_1_201' title='bbox 267 2826 334 2869; x_wconf 90' lang='lat' dir='ltr'><strong>mea</strong></span> <span class='ocrx_word' id='word_1_202' title='bbox 356 2809 433 2870; x_wconf 85' lang='lat' dir='ltr'><strong>laeta</strong></span> <span class='ocrx_word' id='word_1_203' title='bbox 455 2817 506 2870; x_wconf 90' lang='lat' dir='ltr'><strong>tua</strong></span> <span class='ocrx_word' id='word_1_204' title='bbox 528 2818 596 2871; x_wconf 89' lang='lat' dir='ltr'><strong>est.</strong></span> <span class='ocrx_word' id='word_1_205' title='bbox 624 2813 739 2871; x_wconf 86' lang='lat' dir='ltr'><strong>utinam</strong></span> <span class='ocrx_word' id='word_1_206' title='bbox 760 2814 906 2890; x_wconf 89' lang='lat' dir='ltr'><strong>promissa</strong></span> <span class='ocrx_word' id='word_1_207' title='bbox 928 2810 1033 2873; x_wconf 90' lang='lat' dir='ltr'><strong>liceret</strong></span> 
     </span>
     <span class='ocr_line' id='line_1_30' title="bbox 163 2894 1094 2982; baseline 0.003 -25"><span class='ocrx_word' id='word_1_208' title='bbox 163 2897 237 2957; x_wconf 89' lang='lat' dir='ltr'><strong>Non</strong></span> <span class='ocrx_word' id='word_1_209' title='bbox 249 2896 321 2957; x_wconf 87' lang='lat' dir='ltr'><strong>dare</strong></span> <span class='ocrx_word' id='word_1_210' title='bbox 335 2894 344 2959; x_wconf 89' lang='lat' dir='ltr'><strong>t</strong></span> <span class='ocrx_word' id='word_1_211' title='bbox 368 2897 511 2958; x_wconf 80' lang='lat' dir='ltr'><strong>confiteor</strong></span> <span class='ocrx_word' id='word_1_212' title='bbox 523 2945 534 2979; x_wconf 95' lang='lat'><strong>,</strong></span> <span class='ocrx_word' id='word_1_213' title='bbox 556 2897 653 2960; x_wconf 89' lang='lat' dir='ltr'><strong>solum</strong></span> <span class='ocrx_word' id='word_1_214' title='bbox 666 2898 724 2960; x_wconf 92' lang='lat' dir='ltr'><strong>hoc</strong></span> <span class='ocrx_word' id='word_1_215' title='bbox 738 2899 792 2961; x_wconf 91' lang='lat' dir='ltr'><strong>tihi</strong></span> <span class='ocrx_word' id='word_1_216' title='bbox 804 2948 814 2982; x_wconf 94' lang='lat'><strong>,</strong></span> <span class='ocrx_word' id='word_1_217' title='bbox 827 2908 895 2960; x_wconf 86' lang='lat' dir='ltr'><strong>nate</strong></span> <span class='ocrx_word' id='word_1_218' title='bbox 908 2948 918 2981; x_wconf 92' lang='lat'><strong>,</strong></span> <span class='ocrx_word' id='word_1_219' title='bbox 936 2917 1075 2977; x_wconf 89' lang='lat' dir='ltr'><strong>negarem</strong></span> <span class='ocrx_word' id='word_1_220' title='bbox 1089 2950 1094 2960; x_wconf 93' lang='lat'>.</span> 
     </span>
     <span class='ocr_line' id='line_1_31' title="bbox 163 2984 954 3049; baseline 0.003 -2"><span class='ocrx_word' id='word_1_221' title='bbox 163 2984 350 3047; x_wconf 79' lang='lat' dir='ltr'><strong>Dissuadere</strong></span> <span class='ocrx_word' id='word_1_222' title='bbox 371 2985 463 3047; x_wconf 90' lang='lat' dir='ltr'><strong>licet.</strong></span> <span class='ocrx_word' id='word_1_223' title='bbox 489 3003 550 3046; x_wconf 89' lang='lat' dir='ltr'><strong>non</strong></span> <span class='ocrx_word' id='word_1_224' title='bbox 573 2995 620 3047; x_wconf 91' lang='lat' dir='ltr'><strong>est</strong></span> <span class='ocrx_word' id='word_1_225' title='bbox 641 2995 692 3048; x_wconf 92' lang='lat' dir='ltr'><strong>tua</strong></span> <span class='ocrx_word' id='word_1_226' title='bbox 714 2997 779 3049; x_wconf 90' lang='lat' dir='ltr'><strong>tuta</strong></span> <span class='ocrx_word' id='word_1_227' title='bbox 801 2988 954 3049; x_wconf 85' lang='lat' dir='ltr'><strong>voluntas.</strong></span> 
     </span>
     <span class='ocr_line' id='line_1_32' title="bbox 164 3072 1043 3155; baseline 0.003 -21"><span class='ocrx_word' id='word_1_228' title='bbox 164 3074 273 3152; x_wconf 84' lang='lat' dir='ltr'><strong>llagna</strong></span> <span class='ocrx_word' id='word_1_229' title='bbox 292 3076 392 3154; x_wconf 88' lang='lat' dir='ltr'><strong>petis,</strong></span> <span class='ocrx_word' id='word_1_230' title='bbox 414 3072 589 3155; x_wconf 79' lang='lat' dir='ltr'><strong>Phaethon,</strong></span> <span class='ocrx_word' id='word_1_231' title='bbox 612 3083 643 3136; x_wconf 91' lang='lat' dir='ltr'><strong>et</strong></span> <span class='ocrx_word' id='word_1_232' title='bbox 665 3094 740 3154; x_wconf 90' lang='lat' dir='ltr'><strong>quae</strong></span> <span class='ocrx_word' id='word_1_233' title='bbox 762 3094 819 3137; x_wconf 87' lang='lat' dir='ltr'><strong>nec</strong></span> <span class='ocrx_word' id='word_1_234' title='bbox 841 3076 954 3137; x_wconf 84' lang='lat' dir='ltr'><strong>viribus</strong></span> <span class='ocrx_word' id='word_1_235' title='bbox 976 3078 1043 3137; x_wconf 88' lang='lat' dir='ltr'><strong>istis</strong></span> 
     </span>
     <span class='ocr_line' id='line_1_33' title="bbox 116 3161 960 3243; baseline -0.001 -16"><span class='ocrx_word' id='word_1_236' title='bbox 116 3179 151 3227; x_wconf 79' lang='lat' dir='ltr'><strong>eo</strong></span> <span class='ocrx_word' id='word_1_237' title='bbox 164 3161 293 3223; x_wconf 87' lang='lat' dir='ltr'><strong>llunera</strong></span> <span class='ocrx_word' id='word_1_238' title='bbox 316 3164 493 3224; x_wconf 85' lang='lat' dir='ltr'><strong>conveniant</strong></span> <span class='ocrx_word' id='word_1_239' title='bbox 514 3181 571 3223; x_wconf 90' lang='lat' dir='ltr'><strong>nec</strong></span> <span class='ocrx_word' id='word_1_240' title='bbox 593 3172 654 3224; x_wconf 89' lang='lat' dir='ltr'><strong>tam</strong></span> <span class='ocrx_word' id='word_1_241' title='bbox 675 3164 840 3243; x_wconf 87' lang='lat' dir='ltr'><strong>puerilibus</strong></span> <span class='ocrx_word' id='word_1_242' title='bbox 859 3168 960 3226; x_wconf 89' lang='lat' dir='ltr'><strong>annis.</strong></span> 
     </span>
     <span class='ocr_line' id='line_1_34' title="bbox 167 3250 1025 3332; baseline 0.003 -21"><span class='ocrx_word' id='word_1_243' title='bbox 167 3250 244 3311; x_wconf 87' lang='lat' dir='ltr'><strong>Sors</strong></span> <span class='ocrx_word' id='word_1_244' title='bbox 266 3259 319 3312; x_wconf 92' lang='lat' dir='ltr'><strong>tua</strong></span> <span class='ocrx_word' id='word_1_245' title='bbox 342 3250 496 3312; x_wconf 89' lang='lat' dir='ltr'><strong>mortahs.</strong></span> <span class='ocrx_word' id='word_1_246' title='bbox 523 3269 584 3312; x_wconf 90' lang='lat' dir='ltr'><strong>non</strong></span> <span class='ocrx_word' id='word_1_247' title='bbox 608 3260 655 3312; x_wconf 91' lang='lat' dir='ltr'><strong>est</strong></span> <span class='ocrx_word' id='word_1_248' title='bbox 677 3252 801 3314; x_wconf 91' lang='lat' dir='ltr'><strong>mortale</strong></span> <span class='ocrx_word' id='word_1_249' title='bbox 823 3253 903 3332; x_wconf 93' lang='lat' dir='ltr'><strong>quod</strong></span> <span class='ocrx_word' id='word_1_250' title='bbox 926 3261 1025 3332; x_wconf 90' lang='lat' dir='ltr'><strong>optas.</strong></span> 
     </span>
     <span class='ocr_line' id='line_1_35' title="bbox 166 3339 1093 3423; baseline 0.003 -23"><span class='ocrx_word' id='word_1_251' title='bbox 166 3339 243 3400; x_wconf 89' lang='lat' dir='ltr'><strong>Plus</strong></span> <span class='ocrx_word' id='word_1_252' title='bbox 265 3341 357 3400; x_wconf 90' lang='lat' dir='ltr'><strong>etiam</strong></span> <span class='ocrx_word' id='word_1_253' title='bbox 369 3386 379 3421; x_wconf 94' lang='lat'><strong>,</strong></span> <span class='ocrx_word' id='word_1_254' title='bbox 402 3357 490 3419; x_wconf 88' lang='lat' dir='ltr'><strong>quam</strong></span> <span class='ocrx_word' id='word_1_255' title='bbox 513 3340 593 3419; x_wconf 91' lang='lat' dir='ltr'><strong>quod</strong></span> <span class='ocrx_word' id='word_1_256' title='bbox 621 3342 739 3421; x_wconf 89' lang='lat' dir='ltr'><strong>superis</strong></span> <span class='ocrx_word' id='word_1_257' title='bbox 762 3344 935 3422; x_wconf 88' lang='lat' dir='ltr'><strong>contingere</strong></span> <span class='ocrx_word' id='word_1_258' title='bbox 962 3344 1007 3403; x_wconf 88' lang='lat' dir='ltr'><strong>las</strong></span> <span class='ocrx_word' id='word_1_259' title='bbox 1029 3348 1093 3423; x_wconf 90' lang='lat' dir='ltr'><strong>est,</strong></span> 
     </span>
     <span class='ocr_line' id='line_1_36' title="bbox 167 3427 978 3511; baseline 0.004 -23"><span class='ocrx_word' id='word_1_260' title='bbox 167 3427 296 3489; x_wconf 83' lang='lat' dir='ltr'><strong>Nescius</strong></span> <span class='ocrx_word' id='word_1_261' title='bbox 319 3429 461 3489; x_wconf 84' lang='lat' dir='ltr'><strong>allectas.</strong></span> <span class='ocrx_word' id='word_1_262' title='bbox 488 3427 603 3508; x_wconf 89' lang='lat' dir='ltr'><strong>placeat</strong></span> <span class='ocrx_word' id='word_1_263' title='bbox 625 3427 683 3489; x_wconf 89' lang='lat' dir='ltr'><strong>sihi</strong></span> <span class='ocrx_word' id='word_1_264' title='bbox 706 3431 832 3509; x_wconf 88' lang='lat' dir='ltr'><strong>quisque</strong></span> <span class='ocrx_word' id='word_1_265' title='bbox 855 3428 956 3491; x_wconf 86' lang='lat' dir='ltr'><strong>licebit</strong></span> <span class='ocrx_word' id='word_1_266' title='bbox 968 3477 978 3511; x_wconf 90' lang='lat'>‚</span> 
     </span>
     <span class='ocr_line' id='line_1_37' title="bbox 167 3515 1003 3596; baseline 0.005 -20"><span class='ocrx_word' id='word_1_267' title='bbox 167 3515 237 3578; x_wconf 82' lang='lat' dir='ltr'><strong>Non</strong></span> <span class='ocrx_word' id='word_1_268' title='bbox 257 3525 359 3577; x_wconf 72' lang='lat' dir='ltr'><strong>umen</strong></span> <span class='ocrx_word' id='word_1_269' title='bbox 381 3516 507 3595; x_wconf 87' lang='lat' dir='ltr'><strong>ignilero</strong></span> <span class='ocrx_word' id='word_1_270' title='bbox 531 3519 687 3596; x_wconf 88' lang='lat' dir='ltr'><strong>quisquam</strong></span> <span class='ocrx_word' id='word_1_271' title='bbox 710 3521 872 3579; x_wconf 87' lang='lat' dir='ltr'><strong>consistere</strong></span> <span class='ocrx_word' id='word_1_272' title='bbox 895 3521 926 3579; x_wconf 89' lang='lat' dir='ltr'><strong>in</strong></span> <span class='ocrx_word' id='word_1_273' title='bbox 949 3536 1003 3580; x_wconf 87' lang='lat' dir='ltr'><strong>axe</strong></span> 
     </span>
     <span class='ocr_line' id='line_1_38' title="bbox 118 3603 1008 3690; baseline -0.004 -20"><span class='ocrx_word' id='word_1_274' title='bbox 118 3603 217 3671; x_wconf 80' lang='lat' dir='ltr'><strong>tolle</strong></span> <span class='ocrx_word' id='word_1_275' title='bbox 239 3603 318 3666; x_wconf 88' lang='lat' dir='ltr'><strong>valet</strong></span> <span class='ocrx_word' id='word_1_276' title='bbox 341 3613 486 3682; x_wconf 86' lang='lat' dir='ltr'><strong>excepto.</strong></span> <span class='ocrx_word' id='word_1_277' title='bbox 514 3607 588 3666; x_wconf 85' lang='lat' dir='ltr'><strong>vasti</strong></span> <span class='ocrx_word' id='word_1_278' title='bbox 611 3624 729 3685; x_wconf 89' lang='lat' dir='ltr'><strong>quoque</strong></span> <span class='ocrx_word' id='word_1_279' title='bbox 752 3615 852 3669; x_wconf 85' lang='lat' dir='ltr'><strong>rector</strong></span> <span class='ocrx_word' id='word_1_280' title='bbox 875 3605 1008 3690; x_wconf 79' lang='lat' dir='ltr'><strong>Olympi,</strong></span> 
     </span>
    </p>
   </div>
   <div class='ocr_carea' id='block_1_3' title="bbox 0 0 1238 4042">
    <p class='ocr_par' dir='ltr' id='par_1_3' title="bbox 0 0 1238 4042">
     <span class='ocr_line' id='line_1_39' title="bbox 0 0 1238 4042; baseline 0 0"><span class='ocrx_word' id='word_1_281' title='bbox 0 0 1238 4042; x_wconf 95' lang='lat' dir='ltr'><strong> </strong></span> 
     </span>
    </p>
   </div>
  </div>
 </body>
</html>
