2467 4042
215 251 341 312 xvuu.
365 251 455 334 [xiil
478 251 671 314 accurri
692 252 869 316 59-134.
997 253 1057 319 155

107 405 220 468 Adfuit
233 413 266 466 et
279 406 372 481 vidit,
391 421 462 467 cum
477 415 510 468 ιιι
524 405 656 481 derepta
672 405 814 478 rubebas,

154 490 192 551 Ει
204 505 318 551 vocem
332 489 462 550 memori
474 489 613 551 condidit
626 507 702 551 aure
717 499 810 552 tunm.

108 572 222 636 Omina
237 589 273 635 re
285 581 426 634 careant!
449 572 523 633 nihii
537 580 585 634 est
599 574 763 637 violentius
780 575 840 649 iiis,

43 670 96 722 too
153 659 229 720 Cum
244 675 320 732 sue,
340 658 425 733 quod
442 658 551 730 nolim,
577 659 703 719 numine
717 659 802 720 laesa
817 658 910 721 videt.

107 743 211 805 Testis
225 741 285 805 erit
300 741 470 819 Calydonis
487 757 572 817 aper.
594 759 665 802 nanr
678 744 807 816 scimus,
831 749 864 804 ut
878 743 930 805 ilio

155 826 202 889 Sit
214 827 316 902 magis
331 826 362 885 iu
377 832 482 887 netum
497 841 595 887 saeva
605 834 729 903 reperte
747 842 870 904 parens.

109 912 210 974 Testis
226 918 258 972 et
271 912 428 983 Actaeon,
452 909 609 985 quondam
625 911 692 971 iera
705 912 841 972 creditus
854 910 923 984 iilis,

155 997 227 1073 lpse
242 995 330 1056 dedit
343 995 405 1056 leto
421 1010 489 1055 cum
506 994 618 1070 quibus
634 1003 705 1057 ante
719 997 817 1056 ierasr

48 1090 99 1142 itte
110 1079 259 1156 Quaeque
273 1077 411 1155 superbe
426 1093 554 1154 pareus,
577 1094 656 1140 saxo
670 1095 855 1156 percorpus
870 1079 979 1142 oborto

155 1164 244 1225 Nunc
259 1176 387 1240 quoque
401 1162 571 1242 Mygdonia
587 1161 700 1224 iiebiiis
715 1170 795 1225 astet
809 1163 910 1224 humo.

113 1247 149 1308 Ei
161 1247 253 1308 mihi!
276 1246 434 1326 Cydippe,
456 1246 547 1309 timeo
560 1245 615 1306 tibi
634 1248 737 1309 dicere
752 1246 887 1318 verbum,

156 1332 201 1392 Ne
217 1331 330 1400 videar
340 1345 436 1391 cause
452 1330 531 1391 iaisa
544 1346 671 1392 monere
685 1347 768 1392 mea:

112 1415 286 1477 Dicendum
299 1422 401 1477 tamen
412 1421 468 1475 est
504 1414 572 1476 Hoc
582 1424 645 1490 est,
660 1416 852 1488 mihicrede,
868 1415 954 1491 quod
964 1430 1054 1490 aegra

51 1508 104 1564 llo
152 1499 227 1576 ipso
243 1498 380 1561 nubendi
394 1505 533 1574 tempore
544 1514 644 1575 saepe
659 1499 759 1562 iacesz

114 1584 253 1646 consulit
267 1583 339 1659 ipse
352 1582 421 1656 tibi,
442 1598 503 1644 neu
518 1583 564 1644 sis
578 1583 702 1658 periura
716 1584 848 1645 laborata

154 1668 193 1731 Et
207 1669 329 1729 salvam
343 1668 431 1728 salva
445 1674 475 1727 te
490 1667 576 1743 cupit
588 1683 661 1728 esse
677 1668 750 1729 tide.

113 1752 188 1815 inde
202 1751 253 1826 tit,
275 1758 324 1828 ut,
346 1750 490 1828 quotiens
507 1751 642 1812 existere
657 1752 776 1828 penda
789 1758 929 1828 temptas,

154 1835 319 1898 Peccatum
335 1836 447 1899 totiens
462 1833 595 1911 corrigat
607 1837 660 1896 itta
674 1844 767 1898 taum.

55 1930 102 1985 ιιι
110 1919 206 1982 Parce
219 1935 347 1981 movere
361 1920 446 1980 ieros
459 1920 618 1982 animosae
635 1921 760 1996 virginio
775 1935 881 1982 nense

155 2005 239 2066 utitis
254 2004 358 2065 adhuc
374 2002 458 2079 fleri,
477 2003 504 2064 si
518 2005 650 2080 patiare,
674 2013 784 2080 potest.

115 2089 224 2163 Parce,
245 2103 373 2165 precor,
394 2094 519 2150 teneros
532 2102 732 2165 eorrumpere
745 2089 885 2153 febribus
898 2098 992 2151 artus.

156 2173 307 2234 Servetur
321 2170 418 2234 iacies
432 2172 493 2233 ista
506 2172 638 2234 fruenda
653 2174 736 2234 mibi.

115 2256 285 2319 Serventur
299 2254 402 2318 vuitus
417 2257 458 2317 ed
473 2263 579 2318 nostra
593 2257 737 2321 incendia
751 2260 823 2333 nati,

60 2352 105 2406 tto
154 2341 276 2419 Quique
289 2340 401 2403 subest
413 2341 505 2401 niveo
519 2340 598 2401 lenis
612 2342 644 2402 in
658 2342 735 2403 orbe
749 2344 853 2406 rubor.

113 2425 277 2501 Hostibus,
300 2430 332 2485 et
347 2426 461 2502 siquis,
482 2439 521 2485 ne
535 2425 593 2486 bns
605 2435 728 2501 nostro,
749 2435 902 2503 repugnet

156 2509 209 2572 Sic
226 2510 278 2585 sit,
302 2515 335 2570 nt
353 2507 487 2570 invotide
500 2516 532 2569 te
545 2511 626 2571 solet
641 2526 714 2571 esse
730 2511 814 2571 mibi

113 2595 275 2669 Torqueor
288 2609 330 2654 ex
343 2608 445 2670 ιοᾳιιο
460 2595 510 2654 vel
523 2600 554 2654 te
568 2593 716 2669 nubente,
740 2598 788 2655 rei
803 2611 905 2670 aegra,
990 2618 993 2623 >

154 2678 267 2740 Dicere
281 2691 339 2737 nee
354 2694 500 2754 possum,
522 2679 598 2754 quid
611 2680 714 2740 minus
728 2679 800 2754 ipse
814 2679 914 2740 velim.

61 2772 102 2826 ιιι
111 2763 254 2824 Maceror
267 2762 434 2837 interdurn,
456 2763 539 2836 quod
553 2763 611 2822 sim
626 2764 680 2824 tibi
694 2777 790 2823 eausa
803 2763 938 2835 dolendi,

154 2848 262 2922 Teque
276 2861 347 2918 mea
360 2844 442 2906 iaedi
459 2846 625 2908 ealliditate
638 2853 723 2923 puto.

113 2931 213 3008 inque
228 2936 324 3006 caput
335 2936 472 2991 nostrum
486 2930 631 2992 dominae
645 2931 794 3007 periuria,
814 2946 942 3006 quaeso,

154 3012 316 3075 Eveniant
337 3029 440 3090 poeno
451 3020 516 3076 tnta
529 3015 570 3075 sit
581 3015 634 3075 ilie
648 3031 727 3076 mee.

113 3099 157 3160 iie
170 3107 274 3161 temen
289 3098 443 3174 ignorem,
464 3099 539 3175 quid
555 3114 645 3175 ngas,
669 3100 709 3160 ad
725 3100 828 3161 limine
842 3099 951 3160 erebro

61 3191 103 3247 tto
155 3181 277 3244 Anxius
291 3182 351 3243 buo
365 3182 438 3243 iiiuc
453 3182 746 3245 dissimulantereor
991 3202 993 3207 >

113 3266 298 3343 Subsequor
312 3267 453 3327 ancillam
470 3268 570 3329 furtim
585 3269 812 3345 famulumque,
830 3268 991 3343 requirens

154 3351 330 3414 Psoiuerint
341 3351 442 3413 somni
457 3351 533 3427 quid
547 3351 613 3426 tibi,
637 3353 752 3427 quidve
765 3351 835 3411 eibi.

113 3435 163 3497 bio
177 3437 339 3511 miserum,
362 3436 447 3513 qnod
463 3452 525 3497 non
538 3436 728 3498 mediocrum
742 3437 830 3497 iussa
844 3438 989 3498 ministro.

154 3520 343 3598 Effingoque
357 3536 466 3582 manus
481 3519 666 3596 insideoque
681 3527 764 3583 toro!
