2467 4042
411 225 494 294 VIII,
513 230 671 283 tot-tat.
762 246 897 285 emmone
987 228 1051 295 165

127 391 203 454 Post
224 394 357 454 cinerem
380 393 498 453 cineras
520 392 642 454 haustos
665 391 701 453 ad
723 401 845 473 pectora
867 403 1021 477 pressant,

58 493 110 542 oto
126 481 317 561 Adtusaaque
340 481 439 541 iacent
460 480 597 563 tumulo,
621 483 793 561 signataque
816 500 886 543 saxo

124 568 250 631 Nomina
273 568 444 648 complexae
466 568 602 630 lacrimas
625 571 656 630 in
679 571 798 632 nomina
819 571 965 633 iundunt.

125 657 205 729 Quas
226 656 424 719 Parthaoniae
447 657 566 719 tandem
587 657 711 719 Latonia
733 657 815 720 clade

123 745 277 807 Exsatiate
299 744 406 807 domus
429 745 563 826 [praeter
585 745 763 826 Gorgenque
786 764 956 827 nurumque

123 833 239 895 Nobilis
262 832 437 912 Alcmenae]
461 836 538 896 natis
560 836 591 896 in
615 853 740 916 corpore
762 837 868 916 pennis

60 934 109 982 545
124 922 237 1005 llllevat
261 929 294 983 et
316 921 418 1002 longas
440 940 495 1002 per
517 921 656 985 bracchia
677 925 804 1004 porrigit
827 923 886 985 alas

123 1010 302 1090 corneaque
316 1029 369 1072 ora
382 1010 453 1073 iacit
465 1029 625 1092 versasque
638 1030 694 1092 per
708 1017 776 1074 adra
789 1014 896 1074 mittit.
915 1024 939 1068 t.
948 1023 1046 1068 mvsa.

168 1099 288 1162 Interea
310 1098 445 1162 Theseus
468 1102 571 1162 sociati
593 1108 678 1181 parte
701 1098 811 1162 laboris

123 1188 259 1250 Functus
281 1186 465 1249 Erechtheas
488 1188 659 1250 Tritonidos
681 1188 743 1250 ibat
765 1189 801 1250 ad
823 1207 925 1251 arces.

125 1276 241 1338 Clausit
263 1277 323 1337 iter
345 1276 475 1357 iecitque
499 1294 596 1338 moras
618 1276 767 1340 Achelous
789 1280 874 1339 eunti

62 1375 109 1424 oto
122 1364 223 1426 Imbro
252 1371 394 1427 tumens.
423 1361 562 1427 ‘succede
589 1366 665 1427 meis
677 1360 699 1447 ,'
721 1368 763 1427 ait
792 1360 922 1447 inclite,
945 1368 1050 1449 tectis,

124 1451 313 1534 Cecropida,
336 1471 393 1515 nec
416 1461 447 1514 te
470 1457 621 1515 committe
642 1453 800 1536 rapacibus
820 1453 926 1515 ιιηάἱε.

124 1541 220 1603 Ferre
245 1540 347 1602 trabes
369 1541 479 1603 solidas
501 1541 681 1622 obliquaque
702 1541 820 1604 volvero
843 1559 949 1621 magno

122 1630 281 1691 llurmure
304 1647 374 1692 saxa
395 1630 513 1693 solent.
541 1629 601 1692 ridi
623 1632 808 1692 contermina
829 1632 911 1710 ripae

125 1718 201 1779 Cum
224 1717 367 1798 gregibus
390 1719 505 1781 stabula
527 1718 585 1780 alta
607 1718 708 1801 trahi3
730 1737 786 1781 nec
809 1717 937 1780 fortibus
960 1719 1020 1782 illic

66 1815 111 1865 tte
123 1806 245 1869 Profuit
267 1809 433 1889 armentis,
454 1825 511 1869 nec
534 1809 620 1887 equis
641 1806 794 1869 velocibus
815 1825 900 1870 esse.

123 1894 218 1957 llulta
241 1912 363 1974 quoque
385 1895 434 1958 hic
456 1904 576 1958 torrens
599 1894 717 1958 nivibus
740 1894 777 1956 de
800 1902 901 1957 monte
925 1895 1029 1958 solutis

123 1982 260 2064 Corpora
282 1982 421 2044 turbineo
439 1984 584 2046 iuvenalia
605 1986 718 2046 vertice
741 1987 862 2046 mersit.

123 2072 232 2135 Tutior
256 2079 304 2132 est
325 2075 468 2154 requies,
490 2072 578 2134 solito
601 2072 674 2134 dum
696 2072 818 2135 ilumina
840 2083 963 2134 currant

122 2159 256 2241 Limite,
279 2158 351 2221 dum
374 2168 481 2222 tenuas
504 2163 600 2241 capiat
622 2179 696 2223 suus
718 2160 819 2223 dacus
840 2160 953 2223 undas.

68 2248 238 2309 tumuit
261 2247 389 2327 Aegides
411 2244 490 2311 ‘utar
503 2243 525 2330 ,'
548 2266 607 2328 que
631 2244 770 2311 ‘Acheloe
782 2297 792 2332 ,
815 2249 962 2329 domoque

124 2334 319 2415 eonsihoque
341 2331 406 2397 tuo'
428 2337 604 2417 responait.
632 2345 664 2398 et
685 2355 759 2399 usus
782 2345 911 2416 unoque
934 2345 997 2399 est.

123 2424 250 2487 Pumice
272 2423 431 2492 multicavo
453 2443 510 2487 nec
533 2424 648 2492 levibus
670 2428 745 2487 atria
766 2425 866 2506 tophis

126 2511 250 2575 Structo
273 2511 377 2575 subit:
399 2512 480 2574 molli
503 2513 592 2575 tellus
615 2522 680 2575 erat
701 2511 801 2575 umida
822 2531 945 2595 musco;

126 2600 252 2662 Summa
274 2599 453 2664 lacunabant
474 2601 589 2664 alterno
612 2604 726 2664 murice
749 2600 896 2663 conchae.

72 2696 113 2747 itt
126 2689 251 2768 iainque
273 2688 349 2750 duas
370 2690 446 2751 lucis
468 2699 569 2770 partes
591 2690 761 2770 Hyperione
784 2707 887 2751 menso

125 2776 313 2838 Discubuere
336 2780 411 2840 toris
434 2778 568 2841 Theseus
591 2782 776 2858 comitesque
797 2776 950 2840 laborum:

125 2865 190 2927 Hac
212 2864 385 2948 Ixionides,
406 2866 456 2928 illa
478 2866 661 2929 Troezenius
683 2866 772 2928 heros

124 2954 216 3015 Parte
238 2952 351 3035 Lelex,
373 2957 450 3016 raris
471 2958 530 3017 iam
552 2973 675 3035 sparsus
698 2964 833 3036 tempora
854 2957 954 3036 canis,

125 3042 270 3121 Quosque
293 3042 367 3103 alios
388 3042 476 3123 parili
497 3044 596 3105 lucrat
618 3042 756 3123 dignatus
778 3043 892 3105 honore

72 3132 231 3192 ttolmnis
253 3129 463 3213 Acarnanum,
485 3131 665 3193 laetissimus
687 3132 804 3212 hospite
827 3139 929 3192 tanto.

123 3218 269 3280 Protinus
291 3221 442 3300 appositas
463 3220 561 3281 nudae
583 3221 707 3299 vestigia
729 3219 874 3301 nymphae

124 3306 301 3369 instruxere
325 3307 421 3388 apulis
443 3325 561 3369 mensas
573 3356 583 3390 ,
606 3308 790 3389 dapibusque
813 3308 937 3368 remotis

12 3440 13 3447 .
124 3395 159 3456 ln
183 3412 299 3475 gemma
321 3413 450 3477 posuere
473 3414 611 3458 merum.
639 3404 704 3458 tum
726 3398 872 3458 maximus
894 3395 1002 3477 heros,

123 3483 265 3563 Aequora
286 3486 473 3565 prospiciens
495 3484 591 3547 oculis
614 3485 769 3568 subiecta,
793 3479 883 3563 ‘quis'
906 3485 1004 3562 inquit

74 3576 113 3630 ttt
126 3566 193 3634 ‘lile
214 3568 342 3635 locusi'
365 3571 517 3653 digitoque
540 3572 693 3657 ostendit,
715 3581 747 3635 et
769 3568 876 3633 ‘insula
898 3588 1007 3634 nomen
