2467 4042
171 250 234 317 148
585 250 773 303 expenso

258 415 351 497 Mite,
373 416 427 477 sed
448 416 559 476 iratum
582 416 688 475 merito
712 413 808 493 mihi,
832 431 944 475 numen
966 414 1078 499 adora,

301 502 419 566 Eximat
441 511 476 566 ut
499 502 631 583 Scythici
654 520 701 563 me
726 502 843 564 ienitate
866 502 945 564 loci.

258 591 383 656 Difficile
407 601 453 654 est
465 638 475 672 ,
497 591 615 652 iatenn.
656 590 709 652 sed
733 590 828 652 tendit
849 592 882 652 in
904 591 996 653 ardun
1020 595 1121 655 virtus
1133 643 1143 676 ‚

302 680 342 743 Et
363 679 430 743 talis
452 681 552 742 meriti
574 681 669 758 gratia
691 680 785 740 maior
808 681 883 740 erit.

195 781 245 832 ιιι
259 766 320 832 Nec
344 767 615 831 taruennensem
638 777 720 829 vaste
743 766 941 847 Polyphemus
963 771 995 829 in
1019 778 1109 831 antro

302 859 436 938 Accipiet
457 874 545 918 voces
568 855 779 937 Antiphatesve
802 864 888 918 tuas:

261 945 319 1008 Sed
343 945 475 1026 placidus
498 944 653 1023 facilisque
676 962 785 1024 parens
807 946 969 1025 veniaeque
991 954 1138 1029 paratus,

305 1033 344 1095 Et
366 1036 418 1113 qui
441 1034 583 1096 iuimineo
607 1051 696 1114 saepe
719 1033 784 1094 sinc
806 1035 876 1111 igne
897 1041 998 1094 tonat.

260 1122 319 1197 Qui
342 1140 411 1184 cum
434 1124 521 1184 triste
544 1122 655 1200 aliquid
678 1124 804 1202 statuit,
826 1123 860 1182 iit
882 1122 977 1183 tristis
1000 1125 1143 1203 etipse,

195 1223 246 1274 ltu
304 1209 418 1292 Cuique
441 1211 504 1272 iere
528 1228 654 1291 poenam
677 1228 796 1272 sumere
818 1227 915 1289 poena
937 1228 991 1272 sua
1014 1220 1080 1273 est.

259 1298 343 1362 Victa
365 1311 465 1362 tamen
487 1302 559 1361 vitio
583 1307 630 1361 est
652 1299 742 1361 huius
764 1298 921 1360 clementia
942 1307 1067 1381 nostro,

303 1387 390 1450 Venit
412 1397 444 1451 et
465 1388 502 1450 ad
525 1390 604 1450 vines
626 1391 671 1450 ira
694 1396 795 1450 coacta
819 1405 906 1448 suas.

260 1476 319 1551 Qui
341 1478 480 1558 quoniam
503 1480 598 1557 patria
622 1484 684 1538 totu
707 1493 811 1536 sumus
834 1474 1056 1557 atheromati,
1144 1490 1188 1540 ‹ss›

302 1564 364 1629 Nec
386 1566 457 1628 licet
479 1575 547 1627 ante
570 1568 653 1647 ipsos
674 1562 871 1646 procubuisse
894 1562 984 1645 deos,

194 1664 245 1716 tat
259 1654 342 1726 Quos
365 1654 438 1716 colis
450 1699 459 1735 ,
487 1654 523 1716 ad
547 1671 673 1735 superos
695 1653 769 1714 haec
796 1652 842 1714 ier
864 1652 1000 1713 mandata
1023 1652 1189 1718 sacerdus:

303 1742 385 1804 Adde
408 1742 461 1804 ssd
484 1750 515 1804 et
536 1743 673 1823 proprias
695 1741 732 1802 ad
754 1757 820 1801 mea
842 1739 933 1801 verba
954 1758 1081 1820 pasces.

260 1830 309 1893 Sic
332 1838 431 1892 tamen
453 1830 527 1892 haec
550 1839 684 1911 tempta,
707 1831 734 1890 si
756 1846 816 1890 non
840 1830 976 1890 nocitura
998 1829 1144 1908 putabis.

303 1917 464 1999 ignosces.
506 1921 597 1981 timeo
620 1917 781 1997 naufragus
804 1934 891 1979 omne
913 1918 1043 1979 iretum.

640 2109 706 2185 ΠΙ.

260 2270 407 2354 Maxime,
430 2273 483 2351 qni
506 2271 594 2333 ciaris
616 2286 726 2331 numen
748 2268 910 2331 virtutibus
932 2286 1061 2352 aequas,

305 2360 368 2423 Nec
391 2362 464 2422 sinis
486 2361 640 2441 ingenium
661 2356 814 2419 nobilitate
836 2359 951 2439 premi,

261 2448 346 2512 Culte
377 2447 450 2509 mihi
473 2480 507 2492 -·
531 2448 603 2528 quid
633 2449 712 2507 enim
742 2453 838 2507 status
868 2445 918 2507 hic
947 2464 965 2506 a
993 2445 1104 2509 funere

811 2530 936 2596 differt?
959 2567 993 2578 -

305 2623 485 2705 Supremum
503 2621 583 2686 'vitae
606 2632 725 2702 tempus
748 2622 880 2702 adusque
900 2639 1000 2684 meast

235 2712 339 2775 sitem
362 2714 457 2795 iacis,
480 2712 622 2775 afflictum
645 2728 705 2772 nnn
728 2718 880 2772 aversatus
903 2713 1048 2791 amicum,

305 2800 369 2872 Qua
392 2819 452 2862 nnn
475 2810 521 2863 est
543 2818 614 2862 aevo
637 2798 816 2862 rarioruila
837 2808 909 2862 tuo.

260 2888 360 2970 Turpe
379 2890 499 2970 quidem
517 2888 616 2970 dictu,
641 2889 742 2951 sed-
765 2890 792 2949 si
809 2887 896 2950 mode
914 2905 984 2950 vera
1002 2888 1141 2952 fatemur
1157 2926 1189 2935 -

305 2977 415 3059 Vulgus
439 2979 582 3039 amicitias
603 2976 732 3039 utilitate
753 2976 877 3055 probat.

260 3066 359 3149 Cura,
387 3065 459 3147 quid
486 3064 623 3147 expediat
635 3112 644 3146 ‚
665 3066 751 3146 prius
778 3074 845 3144 est,
875 3082 964 3144 quam
991 3065 1063 3145 quid
1092 3069 1141 3129 sit

808 3153 984 3228 honestum,

213 3257 247 3307 ιο
305 3242 343 3305 Et
366 3262 435 3306 cum
456 3244 576 3306 fortuna
598 3250 716 3322 statque
738 3241 877 3321 caditque
899 3242 990 3303 tides.

262 3328 324 3393 Nec
346 3332 431 3394 iacile
454 3334 587 3394 invenias
608 3330 710 3393 multis
733 3332 765 3392 in
787 3329 907 3393 mitibus
928 3347 1038 3411 mum,

305 3420 452 3483 Virtutem
474 3423 604 3502 pretium
627 3422 679 3499 qui
702 3427 788 3500 putet
810 3436 876 3481 esse
899 3420 967 3480 sui.

261 3507 327 3587 ipse
350 3507 459 3588 decor,
481 3519 563 3571 recte
586 3509 657 3569 iacti
680 3510 706 3569 si
727 3510 860 3588 praemia
882 3508 998 3585 desint,

305 3593 371 3655 Non
393 3605 512 3676 movet,
535 3604 566 3657 et
587 3597 680 3674 gratis
702 3599 834 3676 paenitet
856 3614 922 3658 esse
944 3594 1090 3677 monum.
