2467 4042
335 243 419 302 40

1150 229 1560 326 ltMORUM

589 385 722 446 Non
754 401 870 461 ego
898 386 1196 459 natalem,
1242 400 1385 444 rura
1413 391 1697 460 paterna,
1742 388 1974 461 locum,

506 469 629 531 Sed
665 470 982 547 Scythiam
1010 468 1356 545 Cilicasque
1386 470 1554 531 feros
1581 470 1937 546 viridesque
1955 471 2355 553 Britannos,

422 565 491 619 40
599 554 893 632 Quaeque
921 552 1286 613 Prometheo
1317 548 1474 613 saxa
1504 569 1721 615 cruore
1752 556 1991 616 rubent.

506 639 720 698 Ulmus
753 643 918 698 amat
945 639 1164 712 vitem,
1205 637 1347 697 vitis
1383 653 1506 698 non
1537 638 1767 699 deserit
1792 640 2052 700 ulmum=

593 721 864 799 Separor
893 738 931 782 a
960 721 1209 782 domina
1242 736 1352 782 cur
1380 737 1496 797 ego
1529 738 1722 799 saepe
1753 731 1930 784 mea?

506 809 591 867 At
622 795 773 868 mih?
798 812 858 866 te
889 806 1171 867 comitem
1206 805 1446 866 iuraras
1475 822 1680 883 usque
1710 808 1971 869 futuram

592 890 706 951 Per
735 907 832 951 me
861 906 1099 967 perque
1135 891 1380 965 oculoS,
1427 890 1634 951 sidera
1663 900 1903 966 nostra,
1945 900 2107 954 tuos.

424 984 491 1038 45
513 975 722 1035 Verba
750 976 1119 1052 puellarum,
1166 974 1330 1034 foliis
1357 975 1596 1036 leviora
1623 976 1876 1037 caducis
1894 1023 1909 1049 ,

593 1059 779 1119 Inrita
813 1076 937 1136 qua
967 1060 1165 1119 visum
1196 1065 1323 1132 est,
1369 1066 1588 1120 ventus
1618 1065 1678 1120 et
1702 1061 1870 1122 unda
1899 1061 2117 1124 serunt.

510 1143 700 1218 Siqua
730 1143 851 1203 mei
877 1150 1080 1204 tamen
1118 1149 1214 1203 est
1241 1143 1302 1202 in
1332 1148 1391 1202 te
1419 1143 1523 1219 pia
1553 1159 1696 1204 cura
1724 1145 1945 1218 relicti,

594 1227 806 1303 Incipe
834 1227 1122 1303 pollicitis
1154 1228 1386 1287 addere
1417 1229 1578 1287 facta
1606 1229 1753 1304 tuiS‚

504 1310 826 1387 Parvaque
858 1309 1303 1388 quamprimum
1329 1312 1708 1387 rapientibus
1746 1313 1972 1373 esseda
1999 1314 2283 1390 mannis,

423 1407 492 1458 50
599 1397 745 1472 Ipsa
774 1410 888 1471 per
916 1396 1226 1457 admissas
1259 1404 1519 1456 concute
1548 1398 1683 1458 lora
1714 1396 1911 1459 iubas.

509 1481 590 1539 At
618 1496 765 1554 VOS,
815 1497 936 1557 qua
964 1480 1198 1553 veniet,
1243 1480 1458 1541 tumidi
1488 1480 1790 1541 subsidite
1825 1488 2097 1558 monteS‚

591 1564 668 1624 Et
698 1565 907 1625 faciles
940 1565 1146 1626 curvis
1182 1563 1443 1625 vallibus
1475 1572 1608 1625 este
1634 1565 1790 1625 viae.

357 1696 452 1790 17
516 1695 735 1808 Siquis
770 1732 911 1804 erit,
958 1733 1064 1807 qui
1091 1739 1272 1809 turpe
1301 1738 1474 1809 putet
1500 1732 1734 1792 servire
1762 1733 2034 1808 puellae,

595 1817 704 1878 Illo
737 1816 1073 1878 convincar
1102 1815 1309 1877 iudice
1336 1817 1533 1891 turpis
1570 1832 1709 1892 ego.

513 1901 640 1963 Sim
670 1901 811 1961 licet
839 1899 1113 1974 infamiS,
1157 1901 1301 1960 dum
1330 1915 1429 1960 me
1462 1901 1836 1961 moderatius
1869 1908 2006 1961 urat

596 1985 763 2060 Quae
792 1984 1046 2061 Paphon
1077 1991 1138 2044 et
1166 1983 1358 2045 fluctu
1387 1985 1569 2060 pulsa
1603 1984 1868 2061 Cythera
1896 1991 2080 2045 tenet.

516 2074 719 2144 atque
754 2069 979 2130 utinam
1011 2068 1299 2129 dominae
1326 2069 1452 2129 miti
1484 2084 1737 2144 quoque
1770 2069 2000 2143 praeda
2037 2069 2337 2140 fuissem.

604 2156 974 2214 Fnrmonsae
1005 2153 1295 2228 quoniam
1327 2153 1561 2229 praeda
1592 2153 1832 2213 futurus
1861 2160 2060 2212 eram!

520 2240 628 2297 Dat,
660 2236 848 2298 facies
867 2237 1138 2320 animos,
1194 2237 1352 2297 facie
1391 2238 1656 2297 violenta
1685 2237 1948 2297 Corinna
1975 2244 2090 2298 est.

600 2324 696 2380 ΜΕ
725 2321 1042 2395 miserum,
1093 2337 1203 2382 cur
1230 2329 1327 2382 est
1357 2329 1475 2382 tam
1509 2320 1669 2380 bene
1697 2327 1844 2381 nota
1870 2320 2032 2380 sibi?

520 2408 762 2468 Scilicet
788 2423 825 2466 a
852 2407 1086 2482 speculi
1120 2412 1442 2466 sumuntur
1471 2405 1734 2480 imagine
1764 2406 1991 2465 fastus=

440 2504 496 2552 ln
608 2492 727 2550 Nec
759 2491 874 2551 nisi
907 2490 1294 2565 conpositam
1324 2505 1396 2549 se
1425 2489 1598 2565 prius
1630 2488 1734 2549 illa
1763 2490 1945 2549 videt.

512 2576 644 2632 Nan
680 2573 780 2634 tibi
810 2574 862 2634 si
894 2575 1085 2635 facies
1117 2573 1367 2634 nimium
1397 2574 1500 2633 dat
1527 2573 1589 2632 in
1619 2573 1821 2633 omnia
1851 2573 2100 2649 regni,..

604 2656 648 2716 O
684 2659 866 2720 facies
900 2658 1118 2720 oculos
1154 2664 1297 2719 nata
1327 2664 1536 2718 tenere
1566 2673 1739 2719 meos
1757 2665 1814 2716 t..

516 2744 807 2802 Collatum
842 2742 1070 2803 idcirco
1102 2743 1209 2804 tibi
1239 2759 1337 2804 me
1369 2749 1759 2803 contemnere
1791 2742 2014 2803 debes:

604 2826 814 2900 *aptari
843 2827 1078 2901 magnis
1110 2826 1402 2888 inferiora
1429 2825 1590 2888 licet.

436 2924 492 2972 15·
520 2912 796 2972 Traditur
827 2917 887 2971 et
916 2912 1189 2988 nymphe
1216 2912 1492 2972 mortalis
1524 2927 1733 2972 amore
1764 2911 2034 2989 Calypso

604 2996 791 3072 Capta
816 2992 1215 3057 reluctantem
1249 2994 1588 3056 detinuisse
1618 2996 1835 3056 virum.

516 3080 789 3140 Creditur
817 3096 1193 3156 aequoream
1219 3080 1435 3140 Phthio
1465 3079 1732 3140 Nereida
1757 3080 1913 3155 regi,

604 3164 877 3236 Egeriam
904 3164 1066 3228 iusto
1108 3163 1519 3226 concubuisse
1549 3166 1810 3225 Numaez

512 3252 789 3308 Vulcano
820 3249 1155 3325 Venerem,
1202 3249 1483 3325 quamvis
1514 3249 1737 3310 incude
1764 3248 1976 3309 relicta

436 3348 496 3392 :u
604 3332 882 3408 Turpiter
911 3333 1161 3410 obliquo
1195 3334 1499 3395 claudicet
1529 3334 1631 3395 ille
1661 3334 1840 3409 pede.

516 3416 809 3476 Carminis
839 3416 959 3479 hoc
988 3417 1194 3494 ipsum
1224 3433 1421 3493 genus
1451 3419 1669 3493 impar.
1728 3418 1843 3478 sed
1871 3424 2070 3480 tamen
2104 3423 2251 3493 apte

600 3501 866 3576 Iungitur
891 3502 1122 3563 herous
1154 3517 1292 3564 cum
1320 3503 1605 3563 breviore
1631 3502 1839 3563 modo.
