2467 4042
165 241 207 307 13
584 238 755 289 rnrsrruu

253 406 336 477 Quae
359 402 448 465 simul
469 400 590 464 inducta
613 399 693 463 nube
716 407 880 491 teguntur,
902 399 981 462 abit.

207 505 240 556 15
255 492 335 554 llaec
357 508 465 571 precor
488 498 523 551 ut
545 506 664 568 semper
686 491 802 568 possint
824 487 879 549 tibi
902 487 973 550 laisa
997 488 1111 571 rideri3

254 580 331 642 Sunt
353 587 453 641 tamen
475 586 584 639 eventu
606 594 677 638 vera
700 575 817 637 fatenda
840 593 924 637 meo.

253 668 330 730 Dum
353 669 513 747 stetimus,
536 665 643 726 turbae
668 671 812 743 quantum
834 660 906 725 satis
925 671 1028 747 esset,
1048 663 1186 727 babebat

253 757 329 818 Nota
352 755 495 835 quidem,
518 753 570 815 sed
594 769 655 814 non
678 752 832 814 ambitiosa
855 752 979 814 domus.

253 847 292 906 lt
314 843 403 905 simul
425 841 551 922 impulsa
575 849 622 903 est
634 886 644 921 ,
667 858 770 901 omnes
793 842 920 902 timuere
942 842 1059 902 ruinam

204 946 240 996 ao
254 933 405 1011 Cautaque
429 932 580 992 communi
602 937 686 1007 terga
709 928 818 990 dedere
841 928 935 1007 fugae.

255 1021 346 1082 Saeva
369 1037 467 1097 neque
492 1017 621 1079 admiror
644 1025 782 1078 metuunt
803 1018 830 1077 si
853 1016 1002 1098 fulmina,
1025 1034 1158 1097 quorum

253 1107 375 1189 Ignibus
398 1106 500 1168 adllari
523 1107 657 1185 proxima
680 1122 816 1184 quaeque
838 1104 953 1167 solent.

256 1196 314 1258 Sed
338 1204 437 1257 tamen
460 1198 492 1255 iu
514 1193 598 1254 duris
621 1200 824 1254 remanentem
847 1192 938 1255 rebus
961 1196 1089 1257 amicum
1150 1255 1157 1268 ,

253 1283 422 1357 Quamlibet
444 1283 539 1344 mviso
562 1280 670 1342 Caesar
692 1283 724 1342 in
742 1280 828 1341 hoste
850 1281 975 1363 probat,

204 1385 240 1436 ao
253 1372 316 1434 Nec
338 1371 414 1433 solet
436 1372 547 1451 irasci,
566 1386 721 1448 -neque
740 1370 819 1429 enim
837 1369 1019 1444 moderatior
1042 1371 1118 1434 alter
1132 1406 1180 1417 -

254 1460 328 1522 Cum
352 1461 418 1538 quis
441 1460 472 1519 in
495 1458 651 1538 adversis,
674 1457 772 1535 siquid
796 1460 902 1519 amavit
914 1504 924 1538 ,
947 1468 1040 1521 amat.

254 1548 297 1611 lle
320 1549 427 1609 comite
450 1545 579 1623 Argolici
601 1553 759 1624 postquam
783 1548 921 1623 cognovit
942 1546 1075 1628 Orestis,

252 1636 397 1697 Narratur
419 1633 548 1713 Pyladen
570 1636 635 1711 ipse
658 1633 800 1711 probasse
824 1633 939 1696 Thoas.

255 1724 338 1796 Quae
360 1723 418 1785 luit
439 1723 595 1783 Actoridae
619 1738 688 1782 cum
712 1738 817 1800 magno
841 1740 960 1801 semper
981 1723 1114 1806 Achille,

205 1825 240 1875 80
253 1810 382 1873 Laudari
404 1810 490 1871 solita
513 1817 559 1870 est
581 1808 720 1870 Hectoris
742 1827 794 1871 ore
818 1809 909 1872 fides.
1023 1874 1027 1878 ,

254 1899 339 1971 Quod
361 1901 429 1977 pius
451 1896 488 1958 ad
511 1915 613 1959 manes
636 1897 769 1960 Theseus
793 1916 892 1959 comes
915 1901 974 1961 iret
996 1902 1111 1983 amico,

253 1988 427 2048 Tartareum
451 1985 555 2048 dicunt
576 1985 738 2047 indoluisse
762 1984 868 2048 doum.

253 2073 374 2154 Euryali
395 2073 518 2154 Nisique
541 2074 599 2135 lide
623 2073 699 2154 tibi,
722 2073 846 2155 Turne,
868 2073 961 2138 relata

254 2147 402 2225 Credibile
425 2172 471 2223 est
493 2162 622 2223 lacrimis
645 2160 825 2224 inmaduisse
848 2181 955 2242 genas.

205 2264 240 2314 ao
255 2251 400 2313 Praestita
422 2268 491 2312 nam
514 2252 632 2311 miseris
654 2252 748 2329 pietas
774 2259 805 2312 et
827 2252 858 2310 in
880 2251 966 2312 hoste
989 2251 1159 2332 probatur.

253 2339 290 2400 lii
311 2338 384 2401 mibi
396 2384 407 2420 ,
430 2356 517 2418 quam
540 2355 652 2418 paucos
674 2338 747 2399 baec
770 2355 835 2400 mea
857 2338 935 2401 dicta
958 2341 1095 2404 movent!

253 2426 282 2487 ls
305 2435 422 2508 status,
444 2426 517 2488 baec
539 2444 642 2488 rerum
665 2444 745 2487 nunc
768 2434 815 2488 est
836 2427 955 2488 fortuna
977 2446 1133 2513 mearum,

253 2514 364 2577 Debeat
387 2523 421 2576 ut
443 2515 572 2576 lacrimis
595 2514 696 2576 nullus
718 2514 821 2576 adesse
845 2515 968 2578 modus.

253 2604 291 2664 dt
312 2622 379 2665 mea
401 2612 493 2684 sunt,
515 2605 637 2681 proprio
661 2605 794 2681 quamvis
816 2606 1011 2666 maestissima
1034 2625 1127 2688 casu,

204 2704 240 2752 40
254 2692 379 2753 Pectora
401 2708 544 2771 processu
568 2692 644 2752 lacta
667 2708 772 2753 serena
796 2699 865 2754 tuo.

253 2777 317 2840 Hoc
340 2798 394 2859 ego
417 2786 576 2840 venturum
599 2781 657 2839 iam
684 2787 767 2861 tum,
797 2781 970 2863 carissime,
994 2783 1070 2864 vidi,

253 2866 359 2928 Ferret
381 2865 477 2928 adhuc
498 2868 556 2928 ista
578 2885 648 2928 cum
670 2869 767 2929 minor
789 2886 861 2930 aura
883 2878 995 2932 ratem.

254 2955 322 3017 Sive
345 2955 463 3035 aliquod
487 2973 627 3038 morum,
650 2974 703 3017 seu
725 2959 801 3018 vitae
824 2956 889 3018 labe
913 2961 1041 3021 carentis

253 3042 307 3105 Est
329 3046 481 3124 pretium,
503 3062 590 3106 nemo
614 3044 708 3122 pluris
731 3044 876 3107 emendus
897 3055 979 3109 erat:

203 3142 238 3193 to
254 3131 322 3193 Sive
345 3150 399 3211 per
422 3135 566 3212 ingenuas
588 3133 694 3212 aliquis
717 3142 806 3213 caput
828 3133 934 3197 extulit
956 3146 1035 3198 artes
1056 3165 1095 3181 -

255 3219 410 3292 Quaelibet
433 3220 550 3300 eloquio
573 3221 607 3283 lit
629 3221 707 3283 bona
730 3239 818 3283 causa
840 3228 911 3284 tuo.

254 3307 307 3370 His
331 3326 385 3388 ego
407 3317 573 3370 commotus
596 3310 657 3370 dixi
679 3310 735 3371 tibi
756 3312 893 3389 protinus
915 3314 973 3392 ipsi
1045 3355 1048 3360 -

254 3392 379 3458 ‘Scaena
401 3408 501 3458 manet
523 3397 608 3458 dotes
631 3398 774 3480 grandis,
797 3400 913 3481 amice,
935 3396 1031 3462 toas!

253 3484 334 3545 llaec
356 3485 429 3545 mibi
452 3502 512 3546 non
535 3488 633 3546 ovium
657 3485 748 3548 libras
771 3489 937 3549 tonitrusve
960 3490 1092 3571 sinistri,

205 3584 240 3631 co
254 3570 402 3650 Linguave
425 3581 557 3634 servatae
579 3591 713 3651 pennave
736 3576 911 3638 diritatis:
940 3587 944 3593 “
