2467 4042
605 249 805 310 Anauon

323 405 405 478 Quae
420 405 518 464 iuerat
532 403 620 477 virgo
635 401 760 477 tradita,
781 410 879 463 mater
892 410 965 463 erat.

278 487 432 564 Penelope
446 486 572 561 mansit,
595 487 736 562 quamvis
752 486 880 547 custode
895 486 1033 562 carebat,

320 573 401 634 Inter
414 577 459 633 tot
473 571 601 632 iuvenes
616 570 793 630 intemerata
808 586 933 646 procos.

236 670 270 720 25
282 655 438 732 Quidquid
453 661 605 726 servatur,
631 655 772 730 cupimus
787 653 895 729 magis.
928 654 1062 731 ipsaque
1079 657 1182 720 iurem

321 742 402 802 Cura
416 745 515 801 vocat.
548 738 637 814 pauci
654 738 737 812 quod
753 738 824 799 sinit
839 739 929 814 alter,
951 748 1064 802 amant.
1127 790 1134 797 .

278 826 340 886 Nee
356 824 435 884 lacie
449 823 552 899 placet
567 823 618 882 illa
632 838 704 896 sua,
728 822 784 882 sed
799 838 904 886 amore
919 824 1026 883 mariti.

319 908 430 968 Nescio
446 907 535 983 quid,
558 907 641 982 quod
657 912 686 965 te
702 907 831 982 ceperit,
855 922 927 967 esse
940 914 1056 983 putant

277 995 344 1055 Non
358 993 456 1068 proba
471 992 519 1064 fir,
541 1007 632 1066 quam
647 990 693 1049 vir
710 997 830 1065 servat,
853 991 910 1052 sed
925 991 1066 1053 adultera
1082 1009 1171 1054 cara

237 1087 271 1140 30
323 1078 395 1152 lpse
411 1077 501 1136 timor
514 1075 645 1151 pretium
661 1090 791 1149 corpore
806 1074 904 1134 maius
919 1075 1020 1136 babet.

278 1163 439 1236 Indignere
455 1160 540 1238 licet,
560 1159 645 1218 iuvat
658 1159 842 1219 inconcessa
855 1160 1007 1234 voluptas.

321 1245 395 1306 Sola
411 1244 525 1320 placet,
548 1243 666 1303 ‘timeo'
683 1242 785 1303 dicere
800 1243 890 1317 siqua
904 1250 1016 1319 potest

278 1330 341 1390 Nec
355 1336 456 1389 tamen
471 1328 635 1403 ingenuam
650 1327 697 1386 ius
713 1334 761 1387 cst
775 1342 901 1387 servare
917 1327 1061 1402 puellam.

319 1414 376 1472 Hic
390 1419 489 1473 metus
505 1421 650 1475 externae
664 1426 796 1486 corpora
812 1412 913 1487 gentis
928 1417 1006 1486 agat.

236 1507 269 1560 35
283 1497 405 1559 Scilicet
418 1502 451 1556 ut
466 1496 566 1571 possit
580 1502 687 1556 custos
701 1498 785 1570 ‘ego’
802 1495 905 1555 dicere
920 1496 1020 1569 ‘leci’,

319 1582 352 1641 ln
367 1581 490 1641 laudern
505 1580 587 1641 servi
605 1586 690 1640 casta
706 1579 746 1641 sit
760 1579 811 1640 illa
824 1579 890 1640 tuit

276 1666 419 1728 Rusticus
434 1671 483 1724 est
495 1665 632 1737 nimium,
656 1679 746 1739 quern
761 1663 853 1724 laedit
868 1663 1019 1737 adultera,
1044 1663 1184 1742 coniux,

319 1750 357 1810 Et
370 1756 461 1810 notos
475 1746 577 1809 rn'ores
594 1765 656 1808 non
671 1748 746 1808 satis
762 1747 854 1808 Urbis
868 1747 974 1807 habet:

276 1835 309 1894 in
326 1850 387 1909 qua
400 1834 586 1908 Martigenae
601 1848 664 1892 non
679 1839 751 1893 sunt
765 1833 831 1892 sine
846 1831 970 1891 erimine
986 1831 1047 1892 nati

235 1929 270 1980 ao
323 1919 471 1979 Romulus
486 1916 597 1977 iliades
613 1916 787 1990 Iliadesque
802 1916 926 1976 Remus.

278 2001 343 2074 Quo
358 2002 411 2061 tibi
425 2002 629 2075 formonsum,
650 2000 678 2060 si
693 2016 754 2061 non
771 2000 830 2059 nisi
847 2006 934 2060 casta
948 2000 1111 2075 placebat?
1128 2066 1131 2070 Α

318 2085 385 2145 Non
402 2093 534 2160 possunt
548 2085 618 2145 ullis
632 2085 691 2144 ista
707 2084 790 2144 coire
804 2084 915 2167 modis.

278 2170 309 2228 Si
325 2169 425 2244 sapis,
449 2170 572 2244 indulge
587 2169 746 2241 dominae,
771 2170 935 2242 vultusque
949 2183 1078 2229 severos

318 2252 418 2327 Exue,
442 2268 498 2313 nec
513 2252 602 2335 rigidi
618 2253 686 2313 iura
700 2259 785 2312 tuere
799 2253 872 2312 viri:

233 2347 266 2398 45
278 2338 313 2398 Et
328 2339 396 2398 cole
412 2353 492 2412 quos
507 2336 657 2396 dederit...
672 2336 783 2397 multos
800 2335 915 2396 dabit...
929 2352 1010 2397 uxor
1024 2337 1161 2401 amicos,

318 2421 421 2482 Gratia
436 2421 481 2482 sic
496 2421 619 2482 minimo
635 2437 745 2496 magna
760 2419 865 2480 labore
879 2420 971 2481 venit.

276 2504 327 2566 Sic
341 2508 457 2582 poteris
472 2506 616 2567 iuvenum
632 2505 773 2566 convivia
787 2520 911 2580 semper
924 2505 1014 2581 inire,

316 2590 370 2665 Et,
394 2606 473 2666 quae
488 2606 549 2650 non
565 2590 704 2662 dederis,
724 2588 816 2649 multa
833 2588 937 2649 videre
952 2588 1044 2650 domi.

222 2724 245 2816 5
278 2720 369 2818 ‘box
385 2765 464 2832 erat,
487 2765 517 2818 et
534 2773 663 2819 somnus
678 2757 782 2818 lassos
796 2757 948 2819 summisit
961 2757 1095 2820 ocelloa=

288 2884 290 2886 ψ
316 2843 498 2903 Terruerunt
512 2843 646 2903 animum
659 2842 732 2900 talia
745 2858 813 2901 vrsa
828 2858 938 2902 meum.

275 2925 358 2987 Colle
373 2926 431 2987 sub
446 2926 551 3001 aprico
568 2926 770 2986 creberrimus
784 2925 853 2984 ilice
868 2926 955 2987 lucus

317 3008 435 3085 Stabat,
454 3017 488 3069 et
501 3011 531 3069 in
546 3010 641 3070 ramis
656 3010 749 3070 multa
763 3009 876 3071 latebat
890 3010 967 3072 avis.

245 3094 354 3156 alinea
368 3094 525 3170 gramineo
542 3094 668 3155 suberat
682 3093 868 3155 viridissima
883 3102 986 3169 prato,

316 3179 426 3239 Umida
440 3179 480 3238 de
493 3178 588 3254 guttis
601 3181 671 3238 lene
686 3177 824 3238 sonantis
840 3194 948 3254 aquae.

272 3261 343 3336 lpse
358 3263 416 3322 sub
431 3261 570 3324 arboreis
585 3262 719 3323 vitabam
733 3261 894 3322 frondibus
909 3268 1042 3323 aestum·

314 3345 436 3406 Fronde
451 3347 508 3407 sub
524 3347 653 3407 arborea
673 3347 729 3406 sed
743 3353 844 3407 tamen
859 3353 964 3407 aestus
980 3350 1052 3405 erat.

270 3430 366 3506 Ecce,
386 3437 495 3506 petens
510 3432 604 3491 variis
618 3430 771 3491 immixtas
786 3430 914 3490 floribus
927 3429 1040 3490 herbas

234 3524 263 3570 ro
316 3515 455 3575 constitit
468 3521 537 3575 ante
552 3515 661 3585 oculos
676 3515 808 3575 candida
822 3529 1033 3587 mammeas,
