2467 4042
470 212 491 263 1.
510 223 550 264 111
565 213 678 265 ro-as.
1017 205 1081 271 129

202 374 267 438 Non
291 374 396 437 salices
419 375 506 455 ripa,
529 371 638 434 robora
662 379 760 436 monte
783 373 899 433 virent.

151 463 237 538 llere
261 463 370 532 fretum
393 461 496 523 laudes
519 469 599 523 terra
623 463 738 541 magis,
760 477 889 539 aequora
911 475 1029 539 semper

203 550 365 614 Ventorum
388 548 470 611 rabie
493 548 606 611 solibus
630 548 703 610 orba
725 554 859 610 tument.

111 651 145 702 tt
160 640 355 718 Quocumque
378 640 526 720 aspicies,
549 639 646 716 campi
669 635 785 700 cultore
807 643 943 698 carentes

205 727 372 808 Vastaque,
396 745 471 806 quae
495 743 582 787 nemo
605 725 756 805 vindicet,
779 739 848 785 arva
870 726 985 788 iacent.

159 815 260 877 Hostis
284 815 367 884 adest
390 814 494 876 dextra
516 813 657 893 laevaque
680 832 697 874 a
718 820 803 893 parte
825 810 992 893 timendus,

205 903 366 982 vicinoque
389 911 472 964 metu
495 910 590 964 terret
611 909 773 980 utrumque
796 900 890 962 latus.

160 992 257 1053 Altera
281 990 429 1052 Bistonias
452 1008 522 1070 pars
545 997 592 1051 est
615 1006 739 1052 sensura
763 991 904 1050 sarissas:

113 1094 146 1143 60
204 1080 305 1141 Altera
328 1079 490 1140 Sarmatica
514 1076 627 1157 spicula
650 1079 739 1139 misse
762 1095 869 1138 manu.

160 1166 172 1228 l
196 1174 275 1230 huno
299 1176 330 1228 et
351 1176 487 1228 veterum
509 1166 595 1228 nohis
619 1164 752 1246 exempla
774 1166 924 1246 virorum,
1038 1175 1082 1226 (¹4)

205 1256 263 1327 Qui
285 1256 356 1316 lorti
379 1273 481 1317 casum
503 1262 602 1316 mente
626 1254 740 1335 tulere,
763 1254 861 1334 refer,

161 1343 200 1405 lit
221 1361 310 1421 grave
332 1345 511 1422 magnanimi
533 1341 627 1404 robur
649 1345 758 1404 mirare
781 1342 873 1403 Rutili

206 1432 272 1494 Non
295 1434 344 1492 usi
365 1432 480 1492 reditus
503 1432 677 1492 condicione
701 1430 778 1492 dati.
956 1491 961 1496 .

114 1534 148 1582 ot
163 1519 288 1599 Smyrna
310 1521 407 1581 virum
430 1522 547 1601 tenuit,
571 1536 632 1580 non
649 1517 763 1580 Pontus
786 1526 817 1579 ct
839 1517 952 1579 hostica
975 1514 1083 1595 tellus,

205 1608 303 1670 Paene
326 1610 425 1674 minus
448 1607 529 1669 nullo
553 1607 678 1686 Smyrna
700 1606 828 1685 petenda
851 1605 933 1666 loco.

162 1695 228 1757 Non
251 1696 346 1758 doluit
368 1699 463 1775 patria
486 1696 613 1776 Cynicus
636 1694 742 1773 procul
765 1711 831 1756 esse
854 1693 1019 1774 Sinopeus3

207 1783 292 1863 Legit
315 1787 394 1850 euim
418 1785 527 1865 sedes,
550 1785 647 1845 Attica
670 1791 751 1844 terra
763 1829 773 1864 ,
795 1790 880 1844 tuas.

163 1872 250 1933 Arma
272 1871 428 1934 Neoclides
451 1875 502 1952 qui
525 1870 645 1933 Persica
668 1871 803 1934 contudit
826 1871 932 1950 armis,

116 1975 149 2024 το
207 1959 343 2039 Argolica
366 1963 492 2039 primam
515 1962 610 2023 sensit
633 1962 664 2021 in
687 1958 762 2021 urbe
785 1960 902 2037 lugam.

163 2049 272 2111 Pulsus
294 2049 441 2111 Aristides
463 2051 558 2128 patria
580 2047 801 2109 Lacedaemona
824 2048 915 2127 fugit,

207 2139 288 2199 inter
311 2156 385 2217 quas
408 2135 553 2216 dubium,
577 2153 653 2215 quae
676 2138 758 2215 prior
781 2143 882 2214 esset,
905 2141 986 2196 erat.

164 2227 259 2287 Caede
282 2244 358 2305 puer
381 2226 456 2287 iacta
479 2223 634 2286 Patroclus
657 2223 775 2305 Opunta
798 2224 938 2303 reliquit,

206 2314 465 2393 Thessalicamque
488 2313 561 2374 adiit
582 2313 691 2391 hospes
714 2311 998 2374 Achillishumum.

116 2418 150 2466 re
164 2402 240 2463 Exul
263 2401 299 2463 ah
322 2402 483 2464 Haemonia
506 2401 646 2463 Pirenida
669 2404 760 2463 cessit
782 2401 818 2461 ad
842 2400 969 2481 undam,

209 2490 273 2561 Quo
297 2491 373 2552 duce
396 2490 478 2553 trabs
502 2489 610 2551 Colcha
633 2506 717 2552 sacra
739 2489 874 2551 cucurrit
896 2503 988 2568 aqua.

165 2578 265 2658 liquit
287 2580 469 2657 Agenorides
493 2578 612 2640 Sidonia
636 2580 751 2640 moenia
775 2577 920 2658 Cadmus,

208 2666 338 2730 Poneret
360 2676 394 2729 ut
417 2685 519 2730 muros
542 2670 573 2728 iu
596 2665 719 2728 meliore
742 2666 845 2730 loeo·

166 2755 251 2819 Venit
273 2756 309 2817 ad
332 2755 493 2817 Adrastum
515 2755 633 2835 Tydeus
657 2754 804 2835 Calydone
827 2754 962 2833 fugatus,

116 2858 150 2909 80
210 2844 247 2906 Et
269 2844 419 2907 Teucrum
443 2843 550 2905 Veneri
572 2852 654 2924 grata
678 2846 792 2923 recepit
813 2842 939 2905 humus.

165 2932 243 3004 Ouid
265 2934 392 2995 referam
415 2941 531 2995 veteres
554 2933 703 2995 Romanae
725 2934 846 3011 gentis,
869 2929 946 3009 apud
971 2945 1046 3007 quos

210 3019 354 3081 Exulihus
378 3020 465 3082 tellus
489 3018 592 3080 ultima
614 3021 709 3082 Tibur
731 3016 821 3081 erat?

165 3108 334 3186 Persequar
352 3116 386 3169 ut
403 3114 546 3186 cunctos,
569 3107 644 3169 nulli
662 3108 748 3169 datus
768 3104 905 3166 omnibus
924 3104 1002 3165 aevis
1043 3114 1086 3168 (15)

211 3195 283 3256 Tam
306 3195 412 3274 procul
434 3212 450 3254 a
473 3197 568 3272 patria
592 3203 638 3255 est
660 3193 845 3255 horridiorve
868 3192 967 3256 locus.

117 3297 150 3348 85
166 3283 231 3355 Ouo
255 3285 348 3362 magis
371 3285 506 3363 ignoscat
528 3284 672 3361 sapientia
695 3289 793 3343 vestra
816 3279 945 3361 dolenti,

210 3371 268 3442 Qui
292 3373 361 3433 lacit
384 3389 420 3432 ex
444 3371 532 3433 dictis
555 3388 614 3432 non
637 3373 678 3433 ita
701 3369 794 3432 multa
815 3372 893 3432 tuis.
1046 3395 1084 3411 -

165 3461 227 3522 Nec
251 3471 349 3522 tamen
372 3461 506 3540 infitior,
530 3462 555 3521 si
577 3462 695 3539 possint
717 3467 819 3520 nostra
842 3460 922 3520 coire

212 3548 360 3630 Vulnera,
384 3550 552 3629 praeceptis
574 3566 662 3629 posse
686 3549 767 3610 coire
789 3549 866 3610 tuis.

130 3659 204 3702 ovrn
238 3661 282 3702 111.
912 3648 928 3698 9
