2467 4042
348 224 474 287 240
1113 223 1446 284 REMED.
1488 224 1638 283 AM.

520 374 723 436 Fortia
749 374 1034 435 Maeonio
1065 375 1332 450 gaudent
1361 374 1520 449 pede
1548 375 1710 434 bella
1738 376 1970 435 referri.

606 460 850 520 Deliciis
880 458 1002 519 illic
1032 458 1169 533 quis
1203 459 1379 518 locus
1409 472 1554 518 esse
1583 465 1832 533 potest?

393 550 496 607 375
522 543 763 603 Grande
793 548 1014 601 sonant
1037 541 1268 615 tragici.
1316 539 1580 615 tragicos
1610 541 1790 602 decet
1816 541 1907 601 ira
1936 543 2347 606 cothurnos,

605 625 835 687 Usibus
864 641 900 684 e
927 624 1145 684 mediis
1176 640 1398 685 soccus
1428 622 1750 685 habendus
1779 628 1911 685 erit.

520 709 702 770 Liber
731 709 790 770 in
820 709 1124 769 adversos
1153 707 1366 768 hostes
1396 708 1726 783 stringatur
1752 708 2009 784 iambuS,

605 792 729 853 Seu
760 792 950 864 celer,
992 799 1327 852 extremum
1358 806 1468 851 seu
1497 791 1695 851 trahat
1721 792 1821 851 ille
1850 791 2094 867 pedem.

517 877 755 937 Blanda
784 876 1163 951 pharetratos
1190 875 1424 949 elegeia
1452 883 1653 936 cantet
1677 876 1957 948 AmoreS,

390 969 494 1022 380
597 961 672 1021 Et
700 960 857 1019 levis
887 959 1129 1019 arbitrio
1161 958 1331 1018 ludat
1359 958 1551 1017 amica
1580 974 1716 1019 suo.

521 1042 868 1102 Callimachi
897 1042 1160 1102 numeris
1191 1058 1314 1101 non
1346 1049 1439 1101 est
1468 1041 1765 1102 dicendus
1796 1042 2091 1103 Achilles.

604 1126 884 1202 Cydippe
915 1142 1032 1185 non
1065 1132 1157 1186 est
1189 1126 1343 1199 oris,
1383 1126 1675 1198 Homere,
1716 1125 1823 1185 tui.

520 1208 665 1283 Quis
701 1210 853 1270 seret
877 1209 1343 1270 Andromaches
1379 1216 1765 1284 peragentem
1796 1209 2030 1269 Thaida
2065 1217 2346 1284 partes?

600 1291 848 1365 Peccat,
896 1293 954 1352 in
984 1291 1415 1352 Andromache
1442 1291 1674 1352 Thaida
1707 1291 1988 1367 quisquis
2026 1300 2193 1368 agat.

391 1384 493 1438 385
514 1375 697 1435 Thais
727 1377 789 1435 in
818 1384 946 1437 arte
976 1392 1130 1435 mea.
1174 1376 1429 1435 lascivia
1456 1374 1645 1434 libera
1675 1382 1883 1435 nostra
1911 1384 2026 1436 est.

602 1459 696 1518 Nil
728 1459 869 1518 mihi
901 1475 1038 1519 cum
1067 1460 1244 1519 vitta=
1288 1459 1469 1519 Thais
1501 1460 1558 1518 in
1591 1465 1720 1519 arte
1746 1474 1883 1518 mea
1912 1466 2022 1520 est.

521 1543 585 1603 Si
615 1558 751 1602 mea
779 1543 1066 1603 materiae
1092 1544 1429 1617 respondet
1454 1543 1633 1602 Musa
1661 1542 1929 1617 iocosae,

601 1626 904 1699 Vicimus,
948 1633 1009 1685 et
1036 1626 1176 1685 falsi
1202 1625 1468 1686 criminis
1497 1632 1633 1685 acta
1661 1642 1766 1685 rea
1799 1633 1911 1685 est.

516 1710 848 1785 Rumpere,
899 1710 1082 1769 Livor
1110 1711 1290 1769 edax.
1350 1724 1632 1783 magnum
1664 1709 1783 1768 iam
1813 1724 2033 1769 nomen
2065 1710 2385 1773 habemus

391 1802 496 1856 390
600 1794 796 1852 Maius
825 1794 965 1864 erit,
1004 1799 1233 1852 tanturn
1266 1808 1388 1867 quo
1419 1793 1579 1867 pede
1610 1793 1841 1867 coepit,
1888 1799 2001 1852 eat.

521 1877 641 1937 Sed
675 1877 918 1936 nimium
952 1892 1268 1951 properas.
1316 1876 1514 1936 vivam
1544 1876 1760 1949 modo,
1805 1878 1981 1951 plura
2009 1876 2290 1941 dolebis=

601 1961 673 2020 Et
702 1960 947 2035 capiunt
973 1960 1153 2020 animi
1185 1960 1453 2019 carmina
1479 1960 1663 2019 multa
1694 1960 1831 2019 mei.

516 2044 665 2103 Nam
699 2044 895 2117 iuvat,
940 2051 999 2103 et
1029 2044 1294 2104 studium
1327 2044 1522 2103 famae
1551 2042 1694 2102 mihi
1726 2042 1915 2102 crevit
1944 2043 2209 2106 honore.

599 2125 900 2202 Principio
935 2128 1071 2188 clivi
1101 2133 1311 2187 noster
1338 2127 1578 2186 anhelat
1606 2143 1820 2202 equus.

389 2218 490 2273 395
513 2211 762 2270 Tantum
794 2225 864 2271 se
894 2211 1070 2271 nobis
1107 2211 1263 2285 elegi
1297 2210 1521 2270 debere
1549 2210 1825 2283 fatentur,

603 2295 897 2367 Quantum
931 2293 1200 2370 Vergilio
1236 2293 1441 2354 nobile
1476 2294 1658 2354 debet
1688 2309 1861 2368 epos.

516 2377 823 2438 Hactenus
854 2378 1118 2438 invidiae
1144 2378 1597 2453 respondimus.
1642 2377 1870 2437 attrahe
1899 2377 2029 2438 lora

597 2461 864 2535 Fortius,
910 2468 970 2521 et
996 2478 1152 2538 gyro
1183 2477 1387 2535 curre,
1433 2468 1644 2537 poeta,
1689 2469 1811 2521 tuo.

515 2544 674 2619 Ergo
705 2545 810 2605 ubi
842 2545 1198 2606 concubitus
1228 2552 1287 2605 et
1316 2561 1477 2620 opus
1507 2545 1791 2605 iuvenale
1818 2550 2073 2619 petetur,

389 2636 489 2689 400
593 2629 666 2688 Et
695 2644 892 2704 prope
921 2630 1264 2704 promissae
1290 2636 1566 2703 tempora
1594 2628 1790 2691 noctis
1821 2635 2011 2700 erunt,

519 2712 751 2773 Gaudia
785 2728 861 2772 ne
890 2713 1202 2787 dominae,
1250 2714 1430 2788 pleno
1466 2712 1519 2772 si
1552 2719 1796 2787 pectore
1826 2727 2051 2784 sumeS,

596 2797 680 2857 Te
711 2796 982 2872 capiant,
1023 2797 1194 2856 ineas
1227 2796 1557 2870 quamlibet
1583 2802 1749 2868 ante,
1795 2794 1997 2855 velim.

519 2879 850 2951 Quamlibet
877 2881 1182 2954 inveniaS,
1227 2880 1285 2939 in
1319 2897 1442 2955 qua
1468 2887 1571 2940 tua
1602 2881 1794 2955 prima
1821 2879 2104 2954 voluptas

597 2963 869 3024 Desinat.
913 2979 950 3022 a
982 2964 1171 3038 prima
1201 2964 1479 3038 proxima
1509 2964 1715 3038 segnis
1743 2961 1872 3022 erit.

391 3059 487 3107 -iffi
515 3047 860 3107 Sustentata
888 3064 1085 3108 venus
1116 3047 1479 3122 gratissima.
1523 3048 1747 3123 frigore
1777 3048 1963 3121 soles,

599 3129 743 3191 Sole
773 3130 983 3191 iuvant
1009 3130 1290 3203 umbrae,
1333 3139 1505 3206 grata
1532 3132 1599 3191 fit
1624 3131 1791 3192 unda
1819 3130 1936 3191 siti.

515 3215 587 3272 Et
614 3214 829 3289 pudet,
873 3222 933 3273 et
961 3214 1178 3273 dicam.
1220 3230 1506 3275 venerem
1537 3230 1784 3290 quoque
1814 3214 1997 3288 iunge
2023 3212 2235 3289 figura,

599 3296 728 3371 Qua
762 3297 1006 3358 minime
1032 3295 1198 3373 iungi
1230 3315 1537 3374 quamque
1566 3299 1786 3358 decere
1813 3303 2012 3373 putes.

515 3383 636 3439 Nec
663 3381 837 3441 labor
863 3382 1109 3442 efficere
1139 3389 1253 3442 est.
1298 3399 1472 3443 rarae
1506 3382 1620 3442 sibi
1648 3398 1797 3442 vera
1826 3382 2101 3455 fatentur,

391 3475 487 3523 41⁴]
592 3463 666 3523 Et
694 3465 839 3525 nihil
869 3473 992 3541 est,
1034 3465 1203 3541 quod
1233 3482 1305 3526 se
1335 3465 1700 3528 dedecuisse
1730 3471 1960 3542 putent.
