2467 4042
292 258 358 317 uu.
379 256 602 318 arrianus
626 216 719 318 ee-
734 255 806 319 174.
1016 222 1056 321 aa

117 413 181 472 Nec
196 411 285 471 labor
299 416 358 471 est.
382 409 482 469 celare
498 408 578 469 licet.
601 418 674 485 pete
686 427 798 472 munus
813 411 851 473 ab
866 411 926 473 illa.

162 497 299 570 Cognato
315 493 429 571 poterit
442 492 565 555 nomine
580 494 673 568 culpa
686 495 757 571 tegi.

116 579 239 640 Viderit
253 580 417 655 amplexus
433 577 560 652 aliquis,
582 576 775 639 laudabimur
789 578 896 638 ambo=

56 676 106 728 111)
159 663 253 723 llicar
267 661 410 739 privigno
426 661 490 721 fida
503 676 640 723 noverca
654 678 734 722 meo.

116 749 185 809 Non
199 747 254 807 tibi
268 762 326 823 per
341 745 485 806 tenebras
500 745 568 805 duri
582 746 751 807 reseranda
764 743 863 806 mariti

160 833 272 906 lanua,
297 847 360 893 non
376 836 483 891 custos
499 829 701 905 decipiendus
715 829 782 890 erit.

117 917 159 978 Ut
172 916 269 977 tenuit
285 915 396 975 domus
410 931 474 976 una
490 914 585 986 duce,
609 914 720 977 domus
735 931 797 977 una
812 913 933 975 tenebit.

162 1000 278 1061 Oscula
292 1007 399 1075 aperta
413 997 528 1073 dabas,
551 999 659 1062 oscula
673 1006 781 1075 aperta
795 997 893 1059 dabis.

56 1096 105 1149 145
115 1086 210 1145 Tutus
226 1084 288 1142 eris
302 1098 424 1144 mecum
440 1081 629 1157 laudemque
641 1083 800 1144 merebere
816 1083 915 1159 culpa,

160 1170 207 1228 iu
221 1167 293 1228 licet
306 1167 337 1226 in
351 1169 432 1227 lecto
448 1165 644 1242 conspiciare
657 1183 737 1228 meo.

118 1255 204 1314 Tolle
219 1267 322 1311 moras
337 1258 468 1325 tantum,
491 1257 720 1327 properataque
735 1251 863 1313 foedera
877 1251 983 1326 iunget

162 1337 221 1411 Qui
235 1333 309 1397 mihi
325 1351 406 1395 nunc
422 1336 535 1407 saevit,
559 1335 604 1394 sic
619 1335 673 1395 tibi
690 1343 796 1412 parcat
807 1336 914 1396 Amor.

118 1421 186 1482 Non
199 1435 259 1496 ego
276 1419 428 1495 ded'ssnor
441 1419 575 1494 supplex
590 1419 777 1496 humilisque
793 1420 925 1496 precari.

60 1516 109 1569 too
160 1505 246 1564 Heut
269 1503 321 1563 ubi
335 1518 418 1564 nunc
434 1504 533 1565 iustus
547 1503 672 1578 altaque
687 1504 782 1565 verba
798 1504 917 1564 iacenti

118 1589 157 1650 Et
172 1587 396 1665 pugnarem,
419 1603 478 1648 nec
492 1602 541 1646 me
556 1588 744 1650 summittere
761 1588 872 1664 culpae

162 1673 252 1733 certa
267 1671 319 1733 lui.
342 1670 417 1733 certi
434 1671 538 1745 siquid
555 1671 683 1733 haberet
697 1688 792 1733 amor.

119 1758 210 1817 Victa
224 1772 351 1833 precor,
372 1755 569 1831 genibusque
582 1755 642 1817 tuis
656 1757 772 1832 regalia
787 1757 880 1817 tendo

160 1840 323 1900 Bracchia.
357 1838 437 1913 Quid
451 1839 575 1915 deceat,
598 1855 661 1902 uon
676 1841 762 1903 videt
774 1840 855 1903 ullus
874 1855 991 1900 amans.

62 1925 290 2001 superinduit,
315 1924 528 2000 profugosque
542 1924 644 1998 pudor
658 1940 717 1986 sua
729 1925 819 2000 signa
834 1923 965 2002 reliquit.

161 2009 210 2069 Da
224 2008 349 2069 veniam
366 2009 486 2081 lassae,
508 2008 646 2084 duraque
661 2009 757 2069 corda
774 2010 881 2070 domat

120 2092 212 2168 Quod
226 2092 300 2152 mihi
320 2091 360 2154 sit
373 2090 507 2167 genitor,
531 2094 583 2167 qui
598 2093 741 2168 possidet
754 2109 901 2170 aequora,
916 2093 1027 2166 Minos,

162 2177 253 2252 Quod
267 2176 393 2236 veniant
407 2176 516 2252 proavi
532 2176 659 2239 fulmina
673 2184 752 2241 torte
766 2194 866 2251 manu,

120 2261 211 2337 Quod
225 2262 266 2322 sit
279 2277 357 2322 avus
372 2261 468 2320 radiis
483 2261 614 2323 frontem
629 2263 760 2323 vallatus
775 2260 883 2333 acutis,

65 2357 108 2411 160
158 2347 319 2422 Purpureo
336 2344 473 2421 tepidum
488 2345 541 2420 qui
555 2353 661 2407 movet
674 2362 734 2406 axe
749 2345 862 2406 diem...

118 2429 270 2491 Nobilitas
286 2428 344 2490 sub
360 2445 466 2492 amore
480 2429 569 2492 iacet.
592 2431 740 2491 miserere
755 2430 899 2505 priorum,

160 2514 200 2574 Et
213 2513 287 2573 mihi
303 2513 331 2574 si
349 2529 412 2574 non
426 2513 476 2574 vis
492 2529 635 2588 parcere,
657 2529 751 2591 parce
766 2513 858 2574 meist

119 2599 176 2659 Est
189 2595 264 2658 mihi
278 2597 391 2658 dotalis
407 2598 497 2659 tellus
512 2598 596 2659 lovis
610 2598 726 2673 insula,
748 2597 845 2659 Crete.

162 2681 286 2744 Serviat
301 2682 472 2759 Hippolyto
488 2683 573 2756 regia
587 2688 652 2742 totu
666 2697 745 2742 meo.

62 2775 107 2830 165
117 2766 221 2828 Flecte
236 2767 320 2826 leros
336 2765 471 2826 animost
492 2765 592 2827 Potuit
606 2780 805 2841 corrumpere
819 2772 937 2825 taurum

161 2850 270 2911 Mater.
292 2850 354 2910 eris
369 2856 457 2909 tauro
472 2850 597 2910 saevior
610 2850 680 2926 ipse
697 2850 795 2909 truci?

118 2935 178 2996 Per
191 2937 362 3007 Venerem,
382 2948 510 3010 parcas,
536 2950 607 3008 oro,
630 2949 710 3009 quae
724 2933 854 3009 plurima
869 2948 988 2993 mecum
1000 2939 1049 2992 est

162 3019 215 3081 Sic
229 3034 399 3095 numquam
415 3024 540 3094 quaele
556 3033 706 3094 spernere
722 3017 836 3095 possit,
857 3033 957 3079 ames=

120 3103 171 3165 Sic
185 3104 239 3164 tibi
254 3103 384 3165 secretis
402 3101 492 3179 agilis
507 3102 567 3164 dea
581 3102 711 3164 saltibus
727 3103 816 3179 adsit,

64 3195 109 3251 111
160 3187 310 3263 Silvaque
325 3187 503 3265 perdendas
518 3187 666 3263 praebeat
680 3188 742 3247 alta
755 3188 854 3247 leras=

121 3272 172 3334 Sic
187 3274 312 3334 faveant
325 3272 440 3351 satyri,
464 3280 670 3347 montanaque
686 3272 810 3333 numina
825 3270 934 3345 Panes,

159 3358 198 3418 Et
212 3358 304 3419 cadat
318 3357 455 3419 adversa
469 3357 600 3435 cuspide
614 3357 720 3417 fossus
736 3370 827 3433 apere

120 3442 171 3503 Sic
185 3441 239 3504 tibi
254 3443 329 3504 dent
343 3441 533 3521 nymphae...
555 3440 698 3516 quamvis
715 3439 822 3503 odisse
837 3439 955 3517 puellas

159 3526 313 3589 Diceris...
330 3532 467 3587 arentem
483 3543 564 3603 quae
581 3526 664 3587 levet
676 3525 761 3587 unda
776 3525 865 3585 sitim.
880 3605 895 3645 ἡ
