2467 4042
106 230 184 285 XXX

195 396 267 473 Peg.
293 407 434 456 cdxxxv
453 394 600 455 distichon
613 394 642 452 V
658 397 721 455 633
738 397 802 455 634
825 393 948 454 ridicule
971 395 1117 456 insertum

108 485 206 544 estin
223 484 322 544 media
335 484 372 541 de
390 486 480 558 ponte
500 483 625 543 sublicio
645 483 762 543 Tiberis
780 483 960 560 narratione,
983 483 1062 559 quod
1079 484 1118 543 de

110 573 252 649 pontibus
276 574 450 647 saeptorum
471 571 503 630 in
517 570 629 647 Campo
653 571 724 648 agit,
748 590 764 630 e
787 572 877 631 Festo
895 585 945 631 xv
965 574 993 645 3,
1016 575 1051 630 ut
1073 572 1116 631 vi·
1161 598 1165 605 ·

109 662 208 738 detur,
241 679 422 737 expressum.
476 660 624 719 inserendi
657 662 758 718 autem
789 676 879 718 causa
908 677 984 735 quae
1015 660 1117 737 fuerit,

106 748 192 809 nulla
213 749 400 825 intellegitur
426 751 636 824 praeterquam
658 749 778 808 lacuna:
806 745 937 824 positum
959 751 1039 808 certa
1062 748 1116 808 ali·

108 838 196 914 quod,
219 838 298 913 quod
320 836 474 910 vetustius
492 836 582 911 Urbe,
604 836 671 895 fuit.

196 925 268 1002 Pag.
284 936 352 984 ccv
374 923 522 984 distichon
539 924 583 983 VI
602 926 666 984 345
687 925 749 984 346
769 922 951 984 damnarunt
967 923 1116 1002 Heinsius,

108 1015 142 1073 ut
174 1016 248 1088 puto
281 1013 373 1072 etiam
404 1012 572 1089 Bentleius3
603 1012 744 1089 maxime,
776 1012 917 1089 expositis
949 1012 1117 1073 rationibus

109 1100 304 1175 Schraderus,
333 1100 385 1178 qni
408 1099 481 1159 exI
509 1102 586 1175 391,
615 1103 693 1176 439,
720 1119 841 1161 versum
864 1103 927 1161 346
952 1118 989 1160 ex
1012 1100 1028 1158 Ι
1049 1103 1116 1162 450

109 1189 277 1249 confectum
303 1187 500 1265 intelligebat.
555 1188 607 1248 alii
629 1188 709 1248 tueri
736 1189 846 1262 conati,
875 1207 1001 1264 quorum
1022 1190 1115 1266 Berg-

110 1277 194 1337 kium
213 1276 319 1353 Opusc.
333 1297 362 1354 p.
378 1279 442 1336 664
465 1276 557 1335 miror
574 1277 722 1354 insignem
740 1278 921 1354 pentametri
939 1278 1115 1352 barbariem,

108 1384 183 1441 quae
215 1367 302 1441 plane
333 1365 426 1425 Ibidis
460 1365 733 1441 supplementorum
766 1366 801 1425 de
828 1384 937 1443 genere
964 1368 1024 1441 est,
1055 1384 1117 1425 non

108 1453 361 1514 animadvertisse.
415 1471 469 1513 nec
504 1472 609 1513 verum
646 1456 704 1528 est,
747 1453 825 1530 quod
862 1453 937 1513 alius
973 1454 1020 1513 vir
1056 1454 1113 1514 des.

107 1545 221 1617 monet,
251 1542 318 1602 tolli
349 1544 447 1601 totum
479 1540 627 1601 distichon
657 1560 717 1601 non
744 1559 845 1618 posse,
877 1546 930 1602 aut
957 1542 1047 1617 Qasr
1077 1541 1115 1600 sd

107 1631 251 1706 Priapum
279 1631 407 1698 relatum
428 1630 481 1704 iri,
509 1648 689 1706 quamquam
712 1630 828 1689 veteres
850 1647 974 1707 magnos
997 1629 1115 1690 criticos

109 1719 145 1777 de
168 1719 275 1778 lacuna
297 1718 423 1795 paginae
446 1718 595 1793 cogitasse
616 1736 677 1777 non
699 1721 824 1779 constat.

196 1806 402 1882 Pag.ccvl111
416 1805 564 1866 distichon
573 1805 615 1862 VI
626 1808 690 1867 433
707 1808 780 1881 434,
795 1806 874 1884 quod
887 1805 1010 1864 mirifice
1024 1806 1114 1865 inter-

108 1896 275 1970 pretantur,
298 1897 378 1954 certe
400 1896 454 1953 ant
472 1894 581 1953 vitiosa
599 1897 652 1954 aut
669 1895 797 1955 molesta
814 1896 966 1954 structura
983 1894 1114 1953 laborat:

107 1982 230 2059 vitiosa,
259 1983 284 2041 si
306 1985 378 2059 stoc,
405 1985 465 2042 sice
487 1983 550 2041 sine
577 1983 670 2042 verbo
692 2001 747 2058 pro
769 1987 834 2050 oct,
864 1988 916 2043 oct
938 1985 1114 2058 usurpatum

108 2074 162 2144 est,
186 2069 265 2145 quod
286 2073 374 2146 puto,
401 2071 456 2129 hoc
479 2088 576 2144 sensu,
604 2065 668 2130 ‘oct
690 2072 750 2146 ille,
778 2076 830 2130 act
855 2072 903 2131 dle
930 2073 1019 2144 erepti
1040 2073 1116 2144 spos

109 2158 224 2218 leodem
242 2152 326 2218 totit'.
380 2157 424 2217 ita
438 2159 579 2219 celebrare
592 2160 732 2219 holeodas
743 2177 851 2218 monus
863 2160 966 2218 babeat
978 2157 1027 2216 III
1042 2160 1114 2234 229,

110 2249 228 2306 emeruit
249 2247 361 2306 babere
377 2247 464 2317 fidem
486 2246 549 2305 IIII
573 2248 629 2322 68,
653 2263 741 2321 posse
762 2248 850 2307 dator
870 2248 989 2307 reddere
1010 2264 1115 2306 censos

108 2334 136 2391 V
160 2335 193 2411 5,
220 2336 343 2408 retepori
365 2351 463 2408 poena
488 2335 592 2407 futoro
613 2336 672 2408 fcit
692 2335 779 2393 Pont.
802 2334 818 2393 1
840 2347 892 2394 vn
914 2336 972 2401 42,
1000 2337 1116 2394 animus

108 2426 185 2482 vires
208 2440 312 2496 corpas
337 2423 441 2482 habco
468 2424 540 2497 facit
561 2423 607 2481 Ill
629 2435 679 2482 vn
705 2426 753 2482 76,
808 2425 835 2482 st
861 2424 960 2483 demas
981 2424 1050 2482 vetto
1071 2426 1115 2482 tc·

107 2529 179 2571 core
205 2524 282 2571 vnn
307 2512 356 2570 24.
411 2514 540 2571 mucoris
566 2513 661 2570 tortor
688 2509 867 2571 domanam
895 2512 1001 2571 cidisse
1032 2512 1116 2572 dabis

108 2599 178 2660 Met.
202 2598 247 2657 VI
276 2601 350 2659 443.
401 2601 526 2659 noverat
552 2597 583 2657 id
610 2598 727 2658 dicendi
748 2618 842 2675 genus
870 2600 962 2659 etiam
984 2616 1059 2660 saec.
1078 2611 1114 2657 vl

108 2690 198 2764 poeta
225 2686 304 2763 apud
326 2687 390 2747 Pol.
413 2687 579 2763 Leyserum
605 2707 634 2763 p.
659 2689 709 2747 82.
763 2687 918 2747 molestior
944 2705 1033 2763 quam
1060 2704 1113 2763 pro

109 2774 214 2837 Ouidio
233 2775 352 2851 locutio,
370 2793 424 2837 nec
443 2775 591 2835 sententia
609 2775 683 2836 satis
701 2778 783 2836 recta
799 2775 879 2835 foret
896 2775 977 2848 haec,
997 2776 1114 2834 sublato

108 2867 177 2941 post
199 2867 298 2939 ferram
318 2863 455 2941 graviore
478 2864 657 2940 interductu,
680 2857 750 2923 ‘sice
771 2865 827 2938 illc,
850 2865 910 2924 ace
930 2865 980 2923 sce
1001 2864 1115 2924 titolum

108 2953 204 3030 hebd,
226 2970 273 3013 rea
295 2958 337 3013 est
357 2969 493 3030 romana,
516 2956 628 3013 etiamsi
651 2957 751 3012 cantor
772 2954 877 3013 datico
898 2944 1020 3012 mooet':
1045 2969 1114 3011 nem

109 3041 161 3117 qui
187 3041 323 3117 titulum,
354 3041 474 3101 laudem
505 3041 578 3117 fert,
611 3058 672 3100 non
699 3043 745 3100 eet
772 3039 887 3099 dubius.
924 3058 997 3100 onec
1025 3057 1117 3114 cenas

109 3127 234 3189 Adrasti
255 3129 292 3188 de
315 3131 422 3204 nepote
446 3147 481 3188 er
504 3129 566 3188 filia
588 3128 729 3206 Deipyle,
759 3127 838 3204 quod
861 3127 939 3204 apud
962 3127 1116 3204 Hyginum

109 3218 396 3293 iteratur,nxv1111‚
415 3229 519 3293 xcvrr,
539 3228 664 3292 ccxxv,
687 3223 719 3277 et
731 3217 877 3275 librorum
891 3218 937 3276 est
950 3216 1115 3290 meliorum,
1170 3272 1173 3277 .

109 3306 147 3365 ab
174 3306 389 3381 interpolatore
418 3306 548 3366 alienum
575 3309 633 3365 est:
661 3305 687 3364 si
710 3303 809 3365 Ovidii
832 3304 885 3381 sit,
912 3307 991 3365 certe
1014 3307 1116 3380 penta·

109 3396 238 3453 metrum
262 3394 447 3470 suppositum
469 3395 501 3453 in
523 3395 631 3453 lacuna
652 3393 834 3453 crediderim.

198 3481 271 3541 Loci
293 3483 325 3541 hi
352 3485 418 3542 octo
448 3482 474 3541 si
496 3482 528 3540 in
549 3481 616 3541 imis
639 3482 798 3541 Fastorum
822 3482 977 3558 archetypi
998 3480 1116 3559 paginis

109 3569 202 3629 fuisse
238 3571 395 3647 potentur,
431 3573 532 3646 partes
568 3570 727 3631 voluminis
764 3570 970 3630 discriminant
1000 3587 1116 3644 norem,
