2467 4042
172 214 237 283 152
589 217 777 270 exrema

258 379 393 461 Denique
416 389 516 443 tantus
538 398 621 443 amor
644 379 730 443 nobis
742 427 753 461 ‚
774 382 949 461 carissime,
971 401 1115 465 semper,

303 468 439 541 Quantus
461 472 492 530 in
515 468 641 531 Aeacide
663 468 879 549 Nestorideque
902 472 975 531 luit.

259 557 325 620 Non
350 575 427 638 ego,
450 560 476 620 si
499 557 618 619 biberes
642 575 764 619 swnnae
786 559 892 637 poeula
914 558 1046 640 Lethes,

303 645 450 710 Excidere
472 645 546 708 haee
569 645 689 708 credam
707 656 828 726 pectore
851 665 939 727 posse
961 657 1036 710 tuo.

211 745 246 796 to
260 733 361 814 Longa
383 734 447 797 dies
470 737 559 796 eitius
581 733 708 795 brumali
730 735 849 816 sidere,
872 754 991 815 noxque

304 822 429 884 Tardior
451 822 576 885 hiberna
597 822 758 884 solstitialis
781 825 857 904 erit,

259 909 321 974 Nee
339 910 470 991 Babylon
488 919 621 992 aestum,
645 929 700 973 nee
720 912 829 991 lrigora
846 912 961 973 Pontus
983 913 1133 997 babebit,
1145 931 1186 982 (ω)

305 999 466 1080 calthaque
488 999 647 1062 Paestanas
669 1002 768 1061 vincet
790 999 882 1061 odore
904 1019 1007 1080 rosas,

261 1088 356 1161 Quam
378 1087 434 1150 tibi
456 1095 627 1150 nostrarum
650 1090 769 1150 veniam
790 1087 897 1149 oblivia
919 1108 1043 1156 rerum.

212 1189 247 1240 ao
305 1176 371 1239 Non
394 1178 436 1239 lta
458 1194 527 1257 pars
550 1178 602 1238 lati
625 1176 748 1239 eandida
771 1177 851 1238 nulla
872 1180 932 1238 mei
954 1188 1021 1239 est.

259 1263 303 1327 Ne
327 1274 425 1328 nmen
447 1264 521 1327 baee
544 1265 604 1326 diei
625 1266 720 1344 possit
741 1263 850 1326 fiducia
872 1266 1000 1327 mendax

305 1353 462 1434 stultaque
485 1353 646 1416 credulitas
668 1362 771 1415 nostra
794 1354 887 1415 luisse
899 1400 908 1433 ‚
931 1372 1022 1435 eave,

261 1441 474 1521 Constantiqne
497 1443 555 1504 lide
578 1450 711 1504 veterem
733 1449 832 1503 tutare
855 1442 1004 1522 sodalem,

305 1530 370 1602 Qua
392 1530 463 1593 lieet
485 1539 515 1593 et
538 1537 683 1612 quantum
706 1548 766 1592 non
788 1549 934 1592 onerosus
956 1549 1028 1593 ero.

654 1723 698 1798 V.

261 1882 387 1946 Condita
409 1883 578 1963 disparibus
601 1885 735 1945 numeris
758 1901 813 1962 ego
835 1882 913 1945 Naso
937 1882 1045 1946 Salano

305 1970 477 2051 Praeposita
499 1974 569 2035 misi
590 1971 681 2035 verba
703 1971 798 2034 salute
822 1989 906 2052 meo3

260 2059 341 2131 Quae
364 2069 429 2122 rata
451 2061 491 2123 slt
513 2063 624 2142 cupio,
647 2059 798 2140 rebusque
821 2067 855 2122 ut
878 2069 1026 2139 competat
1051 2081 1167 2147 omen,

305 2148 347 2211 Te
370 2167 479 2229 preeor
502 2168 519 2211 a
542 2149 621 2211 salvo
643 2151 739 2229 possit
751 2198 761 2231 ‚
783 2150 900 2229 amice,
922 2149 997 2228 legi.

234 2236 402 2319 oCandor,
425 2240 456 2300 ln
479 2237 536 2300 boe
559 2256 630 2299 aevo
654 2256 703 2299 res
726 2240 922 2299 intermortua
945 2256 1061 2319 paene,

305 2325 425 2407 Exigit,
448 2335 482 2387 ut
505 2328 609 2388 laeiam
632 2326 701 2388 talia
723 2335 790 2388 vota
802 2372 812 2407 ‚
836 2335 923 2387 tuus.

260 2413 334 2477 Nam
356 2416 466 2477 luerim
489 2417 623 2495 quamvis
646 2414 762 2476 modico
784 2414 840 2475 tibi
861 2417 981 2476 innotus
1004 2414 1042 2475 ab
1067 2435 1131 2479 usu
1143 2469 1153 2500 ‚

305 2503 420 2565 Diceris
443 2504 539 2567 exiliis
562 2503 725 2565 indoluisse
747 2505 840 2565 meis:

260 2591 409 2672 Missaque
431 2592 468 2653 ab
491 2592 608 2655 Euxino
631 2592 747 2672 legeres
769 2609 839 2654 cum
861 2593 991 2653 cumina
1013 2591 1138 2677 Ponto,

214 2692 247 2743 10
305 2680 357 2742 llla
380 2690 450 2743 tuus
473 2683 549 2743 iuvit
571 2680 798 2760 qualiacumque
821 2680 921 2742 lavor:

261 2768 437 2851 optastique
459 2769 581 2832 brevem
604 2770 675 2830 salvi
698 2768 771 2830 mihi
793 2768 928 2830 Caesaris
950 2771 1044 2850 iram,

305 2858 391 2929 Quod
415 2866 514 2920 tamen
537 2860 656 2938 optari,
679 2860 706 2918 si
728 2859 803 2918 sciat
814 2903 824 2938 ‚
846 2859 912 2937 ipse
935 2858 1028 2918 sinat.

260 2946 394 3009 Moribus
416 2949 474 3008 ista
496 2949 556 3009 tuis
579 2956 640 3008 tarn
662 2948 744 3007 mitia
767 2953 835 3006 vota
858 2944 983 3024 dedisti,

306 3035 367 3098 Nee
390 3038 490 3097 minus
513 3035 626 3096 ideireo
650 3043 720 3096 sunt
743 3052 777 3095 ea
801 3042 884 3113 grata
907 3033 994 3093 mibi.

213 3135 246 3185 15
262 3124 387 3205 Quoque
406 3127 500 3204 magis
518 3142 654 3186 moveare
673 3122 775 3203 malis,
794 3123 983 3203 doctissime,
1001 3124 1136 3205 nostris,
1149 3139 1194 3190 (n)

306 3212 454 3275 Credibile
478 3221 524 3275 est
546 3213 613 3274 lieri
636 3213 810 3273 condicione
833 3211 909 3273 loni.

261 3301 315 3363 Vix
338 3303 393 3364 bae
416 3305 550 3364 invenies
572 3310 691 3382 totum,
714 3300 788 3361 mibi
810 3299 922 3380 crede,
945 3317 1000 3379 per
1022 3298 1154 3385 orbem,

306 3390 388 3463 Quae
411 3393 511 3453 minos
533 3391 666 3468 Augusta
688 3407 762 3469 pace
786 3390 903 3450 lruatur
927 3388 1052 3450 humus.

261 3478 306 3538 Tu
329 3486 428 3539 tamen
451 3478 654 3541 biestruetos
677 3481 757 3539 inter
780 3478 842 3538 lere
864 3478 977 3558 proelia
999 3493 1107 3539 versus

213 3574 247 3623 ao
306 3563 344 3624 Et
366 3565 440 3643 legis
463 3576 494 3627 et
516 3567 609 3627 leetos
633 3584 685 3627 ore
708 3567 826 3628 favente
849 3566 976 3646 probas,
