2467 4042
435 242 458 292 Ι.
476 245 626 294 tue-528.
969 240 1032 305 227

159 402 198 463 Et
221 421 295 481 quos
318 410 472 482 praeterea
494 403 580 483 leuga
604 404 717 465 referre
742 414 909 466 moreest.

116 488 210 552 Omne
234 491 329 551 selum
352 491 423 553 fenti
445 494 539 571 patria
563 501 630 573 est,
654 502 688 553 ut
710 492 841 571 piscihus
864 510 994 575 aequor,

160 577 198 640 Ut
221 578 334 640 volueri
357 597 449 640 vacuo
473 579 614 659 quidquid
639 582 670 641 in
694 578 765 641 orbe
789 589 887 659 patet.

45 665 263 728 495Ν551555
286 675 446 747 tempestas
469 675 531 729 toto
555 676 653 728 tamen
675 667 832 728 155555ῑί55
855 686 950 730 annn.

159 753 198 815 Et
221 754 326 815 tibi-
346 755 435 816 erede
457 753 547 817 mihi!
567 788 599 798 —
620 765 753 835 tempora
776 759 854 818 venis
877 751 998 818 erunt.'

114 839 243 904 Vocibus
266 842 402 903 Evander
416 844 539 933 ,firmata
561 851 661 905 mente
684 846 816 923 parentis

160 928 240 991 Nave
262 940 344 992 secat
365 932 497 1011 fluetus,
520 930 753 1011 Hesperiamque
777 940 875 993 tenet.

114 1016 235 1098 Iamque
259 1027 353 1081 ratem
375 1019 479 1081 ductae
502 1022 617 1081 monitu
640 1019 806 1081 Carmentis
827 1022 859 1081 in
883 1037 999 1082 amnem

44 1118 100 1172 500
159 1105 268 1186 ugerae
280 1155 290 1187 ‚
313 1116 344 1169 et
366 1107 472 1170 Tuscis
495 1107 599 1168 obvius
622 1107 684 1168 ibat
706 1110 809 1186 aquis.

116 1193 261 1257 Fluminis
283 1195 332 1257 ilia
355 1195 454 1275 latus,
476 1198 526 1256 eui
549 1202 620 1256 stant
643 1195 713 1256 vada
736 1198 836 1257 innata
860 1194 999 1278 Tarenti,

160 1283 273 1363 Aspicit
296 1293 326 1344 et
348 1301 466 1362 sparsae
488 1301 542 1363 pen
565 1282 629 1344 laea
651 1282 714 1345 sela
737 1301 837 1365 easae;

115 1368 214 1449 thue
238 1379 324 1451 erat,
346 1372 487 1432 immissis
509 1388 641 1449 puppem
663 1372 746 1432 stetit
768 1379 836 1432 ante
860 1371 990 1452 capillis,

161 1456 372 1536 Continuitque
395 1475 514 1520 manum
538 1466 622 1518 torva
643 1460 774 1536 regentis
796 1461 872 1520 iter.

48 1556 102 1605 555
118 1544 156 1605 Et
179 1544 282 1624 procul
305 1546 337 1605 in
359 1544 493 1608 dextram
517 1544 642 1606 tendens
664 1564 716 1606 sua
740 1544 878 1606 branchia
901 1549 995 1626 ripam

161 1632 251 1694 Pinea
273 1651 333 1693 nnn
357 1652 429 1696 saue
451 1640 498 1692 ter
521 1633 595 1711 pede
609 1641 698 1714 texta
722 1633 809 1712 ferit3

3 1729 5 1738 ’
116 1719 196 1781 Neve
219 1720 303 1782 daret
325 1720 432 1782 saltum
455 1738 619 1802 properans
642 1722 779 1782 insistere
802 1728 917 1802 terrae,

162 1806 215 1868 Vix
237 1817 284 1871 est
306 1807 435 1872 Evandri
458 1811 564 1888 vixque
587 1817 708 1870 retenta·
726 1821 832 1870 manu.

3 1895 4 1935 ³
118 1891 246 1975 ‘Di'que
269 1893 462 1976 ‘petitorum’
486 1897 560 1960 dixit
583 1893 706 1960 ‘salvete
730 1896 881 1974 15555555,

50 1995 103 2047 515
161 1985 266 2065 Tuque
289 2003 381 2048 noves
404 1985 485 2046 eaelo
508 1993 589 2048 terra
611 1984 715 2047 datura
738 1984 828 2065 deos,

116 2071 310 2153 Fluminaque
333 2083 363 2135 et
384 2074 483 2136 inntes
495 2119 505 2155 ,
532 2074 642 2153 quihus
668 2075 762 2134 utitur
789 2072 906 2151 hospita
928 2070 1030 2151 tellus,

160 2160 200 2222 Et
221 2178 377 2224 nemorum
399 2161 545 2241 nymphae
568 2161 766 2239 naiadumque
789 2158 890 2222 eherii

116 2247 187 2310 Este
210 2247 297 2311 bonis
319 2249 422 2312 avibus
446 2252 499 2312 visi
522 2259 651 2328 natoque
674 2249 825 2330 mihique,

161 2336 295 2418 Ripaque
318 2337 398 2400 ieliei
420 2345 498 2400 taeta
520 2339 639 2399 sitista
661 2335 757 2415 pedel

51 2423 237 2506 5551151155,
259 2443 297 2487 an
319 2425 350 2487 hi
373 2426 445 2487 fient
467 2426 598 2505 ingentia
621 2427 737 2487 moenia
759 2423 869 2504 eolles,

161 2511 288 2592 lunaque
311 2513 427 2576 5151555
450 2520 530 2575 terna
553 2523 653 2575 cetera
675 2521 756 2575 terra
778 2508 886 2592 petet?

117 2600 267 2664 Montibus
289 2601 337 2663 his
359 2600 429 2662 olim
453 2609 534 2677 tetus
557 2603 742 2682 premittitur
764 2599 862 2663 orhie.

163 2689 237 2762 Quis
259 2699 374 2752 tantum
396 2689 573 2752 satiarent
595 2688 705 2751 hahere
727 2684 854 2750 locunt?

118 2778 155 2840 Et
177 2780 235 2839 iam
257 2778 420 2841 Dardaniae
442 2786 564 2858 tangent
584 2777 658 2840 haee
680 2778 766 2839 litora
789 2779 896 2855 pinus.

52 2879 103 2929 me
161 2865 217 2928 Hie
240 2885 357 2949 queque
380 2884 469 2930 eausa
491 2869 561 2928 nevi
583 2868 691 2927 femina
713 2868 818 2927 martie
840 2867 915 2925 erit.

118 2954 190 3016 Care
214 2973 329 3035 nepes,
352 2955 431 3018 Palla
443 3002 452 3035 ,
476 2955 592 3018 iunesta
615 2954 687 3035 quid
710 2953 810 3016 induis
832 2949 938 3013 arma?

161 3041 276 3104 lnduei
303 3061 363 3104 nen
385 3042 491 3104 humih
514 3044 629 3104 vindice
653 3059 758 3103 caesus
781 3042 859 3102 eris.

118 3128 200 3190 Victa
222 3137 321 3190 tamen
344 3131 467 3210 vinces,
490 3146 651 3209 eversaque
674 3127 763 3190 Troia
785 3143 924 3205 resurges
934 3137 947 3186 z·

161 3216 270 3279 Obruit
290 3215 415 3277 hostiles
437 3219 495 3277 ista
516 3220 601 3278 ruina
625 3216 746 3278 demes.

54 3316 104 3368 555
117 3304 200 3368 Urite
223 3305 361 3367 victrices
383 3303 531 3382 Neptunia
552 3304 696 3382 Pergama
718 3299 870 3364 flammae!

160 3392 239 3456 Num
261 3394 361 3455 minus
383 3392 434 3453 hie
456 3398 518 3452 tete
541 3400 588 3454 est
609 3391 696 3452 altior
719 3390 792 3453 urhe
816 3388 917 3452 einis?

117 3482 176 3545 lam
200 3484 267 3561 pius
290 3481 404 3544 Aeneas
426 3496 510 3543 saera
533 3488 585 3561 et,
607 3496 691 3541 saera
714 3478 829 3560 altera,
851 3488 965 3556 patrem

160 3571 304 3646 Adferett
336 3569 441 3632 Iliacos
464 3570 589 3650 accipe,
610 3567 720 3650 Vesta,
741 3567 831 3629 dees.

823 3664 877 3723 15*
