<?xml version="1.0" encoding="UTF-8"?>
<!DOCTYPE html PUBLIC "-//W3C//DTD XHTML 1.0 Transitional//EN"
    "http://www.w3.org/TR/xhtml1/DTD/xhtml1-transitional.dtd">
<html xmlns="http://www.w3.org/1999/xhtml" xml:lang="en" lang="en">
 <head>
  <title>
</title>
<meta http-equiv="Content-Type" content="text/html;charset=utf-8" />
  <meta name='ocr-system' content='tesseract 3.04.00' />
  <meta name='ocr-capabilities' content='ocr_page ocr_carea ocr_par ocr_line ocrx_word'/>
</head>
<body>
  <div class='ocr_page' id='page_1' title='image "./povidiusnaso00ehwagoog_0472.png"; bbox 0 0 2467 4042; ppageno 0'>
   <div class='ocr_carea' id='block_1_1' title="bbox 145 238 740 306">
    <p class='ocr_par' dir='ltr' id='par_1_1' title="bbox 145 238 740 306">
     <span class='ocr_line' id='line_1_1' title="bbox 145 238 740 306; baseline 0.005 -12"><span class='ocrx_word' id='word_1_1' title='bbox 145 239 189 306; x_wconf 81' lang='grc'><strong>60</strong></span> <span class='ocrx_word' id='word_1_2' title='bbox 306 258 440 296; x_wconf 72' lang='lat' dir='ltr'><strong>enarum</strong></span> <span class='ocrx_word' id='word_1_3' title='bbox 558 238 740 297; x_wconf 76' lang='lat' dir='ltr'><strong>unitatis.</strong></span> 
     </span>
    </p>
   </div>
   <div class='ocr_carea' id='block_1_2' title="bbox 231 405 1197 578">
    <p class='ocr_par' dir='ltr' id='par_1_2' title="bbox 231 405 1197 578">
     <span class='ocr_line' id='line_1_2' title="bbox 231 405 1097 487; baseline 0.002 -18"><span class='ocrx_word' id='word_1_4' title='bbox 231 406 413 469; x_wconf 82' lang='lat' dir='ltr'><strong>Planxerunt</strong></span> <span class='ocrx_word' id='word_1_5' title='bbox 435 405 582 486; x_wconf 76' lang='lat' dir='ltr'><strong>dryades:</strong></span> <span class='ocrx_word' id='word_1_6' title='bbox 604 405 812 487; x_wconf 78' lang='lat' dir='ltr'><strong>plangentibus</strong></span> <span class='ocrx_word' id='word_1_7' title='bbox 835 418 953 472; x_wconf 79' lang='lat' dir='ltr'>assonat</span> <span class='ocrx_word' id='word_1_8' title='bbox 973 409 1097 471; x_wconf 82' lang='lat' dir='ltr'><strong>Echo.</strong></span> 
     </span>
     <span class='ocr_line' id='line_1_3' title="bbox 231 495 1197 578; baseline 0.004 -22"><span class='ocrx_word' id='word_1_9' title='bbox 231 495 350 574; x_wconf 90' lang='lat' dir='ltr'><strong>lamque</strong></span> <span class='ocrx_word' id='word_1_10' title='bbox 364 511 470 574; x_wconf 80' lang='lat' dir='ltr'><strong>rogum</strong></span> <span class='ocrx_word' id='word_1_11' title='bbox 484 512 665 574; x_wconf 79' lang='lat' dir='ltr'><strong>quassasque</strong></span> <span class='ocrx_word' id='word_1_12' title='bbox 679 495 759 557; x_wconf 87' lang='lat' dir='ltr'><strong>laces</strong></span> <span class='ocrx_word' id='word_1_13' title='bbox 773 496 975 577; x_wconf 75' lang='lat' dir='ltr'><strong>feretrumque</strong></span> <span class='ocrx_word' id='word_1_14' title='bbox 988 498 1197 578; x_wconf 80' lang='lat' dir='ltr'><strong>parabant:</strong></span> 
     </span>
    </p>
   </div>
   <div class='ocr_carea' id='block_1_3' title="bbox 166 581 1192 3493">
    <p class='ocr_par' dir='ltr' id='par_1_3' title="bbox 166 581 1192 1197">
     <span class='ocr_line' id='line_1_4' title="bbox 231 581 1192 668; baseline 0.005 -23"><span class='ocrx_word' id='word_1_15' title='bbox 231 581 383 663; x_wconf 83' lang='lat' dir='ltr'><strong>Nusquam</strong></span> <span class='ocrx_word' id='word_1_16' title='bbox 406 599 515 663; x_wconf 87' lang='lat' dir='ltr'><strong>corpus</strong></span> <span class='ocrx_word' id='word_1_17' title='bbox 538 592 623 645; x_wconf 88' lang='lat' dir='ltr'><strong>erat.</strong></span> <span class='ocrx_word' id='word_1_18' title='bbox 651 601 791 645; x_wconf 87' lang='lat' dir='ltr'><strong>croceum</strong></span> <span class='ocrx_word' id='word_1_19' title='bbox 818 603 874 664; x_wconf 92' lang='lat' dir='ltr'><strong>pro</strong></span> <span class='ocrx_word' id='word_1_20' title='bbox 897 603 1021 668; x_wconf 87' lang='lat' dir='ltr'><strong>corpore</strong></span> <span class='ocrx_word' id='word_1_21' title='bbox 1052 586 1192 650; x_wconf 84' lang='lat' dir='ltr'><strong>florem</strong></span> 
     </span>
     <span class='ocr_line' id='line_1_5' title="bbox 166 670 1192 752; baseline 0.004 -20"><span class='ocrx_word' id='word_1_22' title='bbox 166 682 217 733; x_wconf 78' lang='lat'><strong>510</strong></span> <span class='ocrx_word' id='word_1_23' title='bbox 231 673 388 734; x_wconf 86' lang='lat' dir='ltr'><strong>inveniunt</strong></span> <span class='ocrx_word' id='word_1_24' title='bbox 409 670 487 733; x_wconf 84' lang='lat' dir='ltr'><strong>loliis</strong></span> <span class='ocrx_word' id='word_1_25' title='bbox 510 670 640 733; x_wconf 79' lang='lat' dir='ltr'><strong>medinm</strong></span> <span class='ocrx_word' id='word_1_26' title='bbox 663 671 851 752; x_wconf 72' lang='lat' dir='ltr'><strong>cingentibus</strong></span> <span class='ocrx_word' id='word_1_27' title='bbox 874 673 965 737; x_wconf 89' lang='lat' dir='ltr'><strong>albis.</strong></span> <span class='ocrx_word' id='word_1_28' title='bbox 1033 690 1067 730; x_wconf 73' lang='lat' dir='ltr'><strong>t.</strong></span> <span class='ocrx_word' id='word_1_29' title='bbox 1086 687 1192 731; x_wconf 72' lang='lat' dir='ltr'><strong>xxxta.</strong></span> 
     </span>
     <span class='ocr_line' id='line_1_6' title="bbox 274 757 1074 840; baseline 0.005 -19"><span class='ocrx_word' id='word_1_30' title='bbox 274 757 398 839; x_wconf 78' lang='lat' dir='ltr'><strong>Cognita</strong></span> <span class='ocrx_word' id='word_1_31' title='bbox 419 777 469 820; x_wconf 87' lang='lat' dir='ltr'><strong>res</strong></span> <span class='ocrx_word' id='word_1_32' title='bbox 491 761 628 820; x_wconf 90' lang='lat' dir='ltr'><strong>meritam</strong></span> <span class='ocrx_word' id='word_1_33' title='bbox 649 761 709 821; x_wconf 83' lang='lat' dir='ltr'><strong>rati</strong></span> <span class='ocrx_word' id='word_1_34' title='bbox 730 778 785 840; x_wconf 89' lang='lat' dir='ltr'><strong>per</strong></span> <span class='ocrx_word' id='word_1_35' title='bbox 807 760 949 823; x_wconf 75' lang='lat' dir='ltr'><strong>Achaidas</strong></span> <span class='ocrx_word' id='word_1_36' title='bbox 971 761 1074 825; x_wconf 83' lang='lat' dir='ltr'><strong>urbes</strong></span> 
     </span>
     <span class='ocr_line' id='line_1_7' title="bbox 231 847 1123 931; baseline 0.006 -23"><span class='ocrx_word' id='word_1_37' title='bbox 231 847 384 910; x_wconf 68' lang='lat' dir='ltr'><strong>adtulerat</strong></span> <span class='ocrx_word' id='word_1_38' title='bbox 405 848 534 929; x_wconf 88' lang='lat' dir='ltr'><strong>lamam,</strong></span> <span class='ocrx_word' id='word_1_39' title='bbox 556 862 724 928; x_wconf 84' lang='lat' dir='ltr'><strong>nomenque</strong></span> <span class='ocrx_word' id='word_1_40' title='bbox 748 857 812 911; x_wconf 87' lang='lat' dir='ltr'><strong>erat</strong></span> <span class='ocrx_word' id='word_1_41' title='bbox 834 853 954 929; x_wconf 74' lang='lat' dir='ltr'><strong>auguris</strong></span> <span class='ocrx_word' id='word_1_42' title='bbox 976 854 1123 931; x_wconf 74' lang='lat' dir='ltr'><strong>ingens.</strong></span> 
     </span>
     <span class='ocr_line' id='line_1_8' title="bbox 233 935 1125 1016; baseline 0.003 -19"><span class='ocrx_word' id='word_1_43' title='bbox 233 936 354 1016; x_wconf 86' lang='lat' dir='ltr'><strong>Spernit</strong></span> <span class='ocrx_word' id='word_1_44' title='bbox 375 935 555 998; x_wconf 78' lang='lat' dir='ltr'><strong>Echionides</strong></span> <span class='ocrx_word' id='word_1_45' title='bbox 577 944 677 997; x_wconf 78' lang='grc'><strong>155155</strong></span> <span class='ocrx_word' id='word_1_46' title='bbox 699 935 780 999; x_wconf 93' lang='lat' dir='ltr'><strong>bunc</strong></span> <span class='ocrx_word' id='word_1_47' title='bbox 802 956 839 998; x_wconf 83' lang='lat' dir='ltr'><strong>ex</strong></span> <span class='ocrx_word' id='word_1_48' title='bbox 862 938 1000 1000; x_wconf 89' lang='lat' dir='ltr'><strong>omnibus</strong></span> <span class='ocrx_word' id='word_1_49' title='bbox 1022 958 1125 1001; x_wconf 86' lang='lat' dir='ltr'><strong>unus</strong></span> 
     </span>
     <span class='ocr_line' id='line_1_9' title="bbox 232 1023 1130 1107; baseline 0.002 -20"><span class='ocrx_word' id='word_1_50' title='bbox 232 1023 424 1105; x_wconf 85' lang='lat' dir='ltr'><strong>Contemptor</strong></span> <span class='ocrx_word' id='word_1_51' title='bbox 446 1041 589 1106; x_wconf 89' lang='lat' dir='ltr'><strong>superum</strong></span> <span class='ocrx_word' id='word_1_52' title='bbox 610 1023 784 1107; x_wconf 85' lang='lat' dir='ltr'><strong>Pentheus,</strong></span> <span class='ocrx_word' id='word_1_53' title='bbox 806 1043 1007 1107; x_wconf 82' lang='lat' dir='ltr'><strong>praesagaque</strong></span> <span class='ocrx_word' id='word_1_54' title='bbox 1031 1028 1130 1090; x_wconf 87' lang='lat' dir='ltr'><strong>ridet</strong></span> 
     </span>
     <span class='ocr_line' id='line_1_10' title="bbox 166 1111 1180 1197; baseline 0.006 -24"><span class='ocrx_word' id='word_1_55' title='bbox 166 1124 216 1175; x_wconf 81' lang='grc'><strong>515</strong></span> <span class='ocrx_word' id='word_1_56' title='bbox 231 1112 328 1174; x_wconf 85' lang='lat' dir='ltr'><strong>Verba</strong></span> <span class='ocrx_word' id='word_1_57' title='bbox 350 1115 453 1195; x_wconf 87' lang='lat' dir='ltr'><strong>senis,</strong></span> <span class='ocrx_word' id='word_1_58' title='bbox 474 1111 673 1192; x_wconf 88' lang='lat' dir='ltr'><strong>tenebrasque</strong></span> <span class='ocrx_word' id='word_1_59' title='bbox 695 1121 727 1175; x_wconf 86' lang='lat' dir='ltr'><strong>et</strong></span> <span class='ocrx_word' id='word_1_60' title='bbox 753 1113 866 1176; x_wconf 86' lang='lat' dir='ltr'><strong>cladem</strong></span> <span class='ocrx_word' id='word_1_61' title='bbox 896 1115 971 1177; x_wconf 91' lang='lat' dir='ltr'><strong>lucis</strong></span> <span class='ocrx_word' id='word_1_62' title='bbox 999 1117 1180 1197; x_wconf 79' lang='lat' dir='ltr'><strong>ademptae</strong></span> 
     </span>
    </p>

    <p class='ocr_par' dir='ltr' id='par_1_4' title="bbox 166 1199 1174 3493">
     <span class='ocr_line' id='line_1_11' title="bbox 231 1199 984 1283; baseline 0.003 -20"><span class='ocrx_word' id='word_1_63' title='bbox 231 1199 350 1263; x_wconf 81' lang='lat' dir='ltr'><strong>Obicit.</strong></span> <span class='ocrx_word' id='word_1_64' title='bbox 377 1201 427 1263; x_wconf 91' lang='lat' dir='ltr'><strong>ille</strong></span> <span class='ocrx_word' id='word_1_65' title='bbox 449 1218 572 1263; x_wconf 85' lang='lat' dir='ltr'><strong>movens</strong></span> <span class='ocrx_word' id='word_1_66' title='bbox 594 1200 722 1263; x_wconf 81' lang='lat' dir='ltr'><strong>albentia</strong></span> <span class='ocrx_word' id='word_1_67' title='bbox 744 1209 880 1283; x_wconf 89' lang='lat' dir='ltr'><strong>tempora</strong></span> <span class='ocrx_word' id='word_1_68' title='bbox 902 1205 984 1265; x_wconf 88' lang='lat' dir='ltr'><strong>canis</strong></span> 
     </span>
     <span class='ocr_line' id='line_1_12' title="bbox 232 1287 1058 1372; baseline 0.002 -22"><span class='ocrx_word' id='word_1_69' title='bbox 232 1287 339 1361; x_wconf 79' lang='lat' dir='ltr'><strong>‘Quam</strong></span> <span class='ocrx_word' id='word_1_70' title='bbox 360 1290 431 1350; x_wconf 80' lang='lat' dir='ltr'><strong>felix</strong></span> <span class='ocrx_word' id='word_1_71' title='bbox 453 1307 558 1372; x_wconf 90' lang='lat' dir='ltr'><strong>esses,</strong></span> <span class='ocrx_word' id='word_1_72' title='bbox 580 1290 607 1351; x_wconf 90' lang='grc'><strong>51</strong></span> <span class='ocrx_word' id='word_1_73' title='bbox 628 1298 662 1351; x_wconf 87' lang='lat' dir='ltr'><strong>tu</strong></span> <span class='ocrx_word' id='word_1_74' title='bbox 681 1308 800 1370; x_wconf 89' lang='lat' dir='ltr'><strong>quoque</strong></span> <span class='ocrx_word' id='word_1_75' title='bbox 822 1290 943 1353; x_wconf 85' lang='lat' dir='ltr'><strong>luminis</strong></span> <span class='ocrx_word' id='word_1_76' title='bbox 965 1292 1058 1354; x_wconf 92' lang='lat' dir='ltr'><strong>huius</strong></span> 
     </span>
     <span class='ocr_line' id='line_1_13' title="bbox 232 1373 1033 1459; baseline 0.001 -19"><span class='ocrx_word' id='word_1_77' title='bbox 232 1373 341 1440; x_wconf 89' lang='lat' dir='ltr'><strong>Orbns’</strong></span> <span class='ocrx_word' id='word_1_78' title='bbox 364 1380 405 1439; x_wconf 92' lang='lat' dir='ltr'><strong>ait</strong></span> <span class='ocrx_word' id='word_1_79' title='bbox 423 1374 522 1439; x_wconf 80' lang='lat' dir='ltr'><strong>‘fieres</strong></span> <span class='ocrx_word' id='word_1_80' title='bbox 533 1425 543 1459; x_wconf 96' lang='lat'><strong>,</strong></span> <span class='ocrx_word' id='word_1_81' title='bbox 566 1395 604 1438; x_wconf 91' lang='lat' dir='ltr'><strong>ne</strong></span> <span class='ocrx_word' id='word_1_82' title='bbox 627 1376 771 1440; x_wconf 81' lang='lat' dir='ltr'><strong>bacchica</strong></span> <span class='ocrx_word' id='word_1_83' title='bbox 792 1396 876 1440; x_wconf 87' lang='lat' dir='ltr'><strong>sacra</strong></span> <span class='ocrx_word' id='word_1_84' title='bbox 897 1378 1033 1441; x_wconf 85' lang='lat' dir='ltr'><strong>videresl</strong></span> 
     </span>
     <span class='ocr_line' id='line_1_14' title="bbox 231 1465 1174 1549; baseline 0.002 -21"><span class='ocrx_word' id='word_1_85' title='bbox 231 1465 364 1545; x_wconf 89' lang='lat' dir='ltr'><strong>Namque</strong></span> <span class='ocrx_word' id='word_1_86' title='bbox 387 1466 450 1528; x_wconf 91' lang='lat' dir='ltr'><strong>dies</strong></span> <span class='ocrx_word' id='word_1_87' title='bbox 473 1466 590 1547; x_wconf 85' lang='lat' dir='ltr'><strong>aderit,</strong></span> <span class='ocrx_word' id='word_1_88' title='bbox 613 1484 702 1546; x_wconf 72' lang='grc'><strong>55555</strong></span> <span class='ocrx_word' id='word_1_89' title='bbox 715 1484 775 1528; x_wconf 91' lang='lat' dir='ltr'><strong>non</strong></span> <span class='ocrx_word' id='word_1_90' title='bbox 789 1466 896 1547; x_wconf 89' lang='lat' dir='ltr'><strong>procul</strong></span> <span class='ocrx_word' id='word_1_91' title='bbox 914 1485 1047 1548; x_wconf 82' lang='lat' dir='ltr'><strong>auguror</strong></span> <span class='ocrx_word' id='word_1_92' title='bbox 1072 1488 1174 1549; x_wconf 85' lang='lat' dir='ltr'><strong>esse,</strong></span> 
     </span>
     <span class='ocr_line' id='line_1_15' title="bbox 166 1554 1085 1637; baseline 0.002 -22"><span class='ocrx_word' id='word_1_93' title='bbox 166 1566 218 1617; x_wconf 80' lang='grc'><strong>555</strong></span> <span class='ocrx_word' id='word_1_94' title='bbox 232 1554 297 1626; x_wconf 83' lang='lat' dir='ltr'><strong>Qua</strong></span> <span class='ocrx_word' id='word_1_95' title='bbox 319 1571 414 1616; x_wconf 82' lang='lat' dir='ltr'><strong>novus</strong></span> <span class='ocrx_word' id='word_1_96' title='bbox 437 1554 497 1616; x_wconf 93' lang='lat' dir='ltr'><strong>huc</strong></span> <span class='ocrx_word' id='word_1_97' title='bbox 519 1556 639 1637; x_wconf 88' lang='lat' dir='ltr'><strong>veniat,</strong></span> <span class='ocrx_word' id='word_1_98' title='bbox 661 1554 760 1634; x_wconf 90' lang='lat' dir='ltr'><strong>proles</strong></span> <span class='ocrx_word' id='word_1_99' title='bbox 784 1554 952 1636; x_wconf 84' lang='lat' dir='ltr'><strong>Semeleia,</strong></span> <span class='ocrx_word' id='word_1_100' title='bbox 973 1554 1085 1637; x_wconf 86' lang='lat' dir='ltr'><strong>Liber,</strong></span> 
     </span>
     <span class='ocr_line' id='line_1_16' title="bbox 233 1641 1041 1726; baseline 0.001 -23"><span class='ocrx_word' id='word_1_101' title='bbox 233 1643 328 1715; x_wconf 83' lang='lat' dir='ltr'><strong>Quem</strong></span> <span class='ocrx_word' id='word_1_102' title='bbox 349 1644 409 1704; x_wconf 88' lang='lat' dir='ltr'><strong>uisi</strong></span> <span class='ocrx_word' id='word_1_103' title='bbox 430 1641 609 1722; x_wconf 88' lang='lat' dir='ltr'><strong>templorum</strong></span> <span class='ocrx_word' id='word_1_104' title='bbox 632 1643 726 1705; x_wconf 82' lang='lat' dir='ltr'><strong>fueris</strong></span> <span class='ocrx_word' id='word_1_105' title='bbox 749 1642 886 1722; x_wconf 82' lang='lat' dir='ltr'><strong>dignatus</strong></span> <span class='ocrx_word' id='word_1_106' title='bbox 909 1642 1041 1726; x_wconf 90' lang='lat' dir='ltr'><strong>honore,</strong></span> 
     </span>
     <span class='ocr_line' id='line_1_17' title="bbox 231 1731 1020 1814; baseline 0 -21"><span class='ocrx_word' id='word_1_107' title='bbox 231 1731 309 1793; x_wconf 87' lang='lat' dir='ltr'><strong>lillle</strong></span> <span class='ocrx_word' id='word_1_108' title='bbox 332 1731 411 1793; x_wconf 86' lang='lat' dir='ltr'><strong>lacer</strong></span> <span class='ocrx_word' id='word_1_109' title='bbox 433 1748 573 1812; x_wconf 77' lang='lat' dir='ltr'><strong>spargere</strong></span> <span class='ocrx_word' id='word_1_110' title='bbox 595 1731 691 1814; x_wconf 91' lang='lat' dir='ltr'><strong>locis,</strong></span> <span class='ocrx_word' id='word_1_111' title='bbox 714 1739 745 1793; x_wconf 93' lang='lat' dir='ltr'><strong>et</strong></span> <span class='ocrx_word' id='word_1_112' title='bbox 767 1733 909 1811; x_wconf 81' lang='lat' dir='ltr'><strong>sanguine</strong></span> <span class='ocrx_word' id='word_1_113' title='bbox 932 1731 1020 1793; x_wconf 86' lang='lat' dir='ltr'><strong>silvas</strong></span> 
     </span>
     <span class='ocr_line' id='line_1_18' title="bbox 231 1817 1032 1899; baseline 0 -18"><span class='ocrx_word' id='word_1_114' title='bbox 231 1817 376 1882; x_wconf 82' lang='lat' dir='ltr'><strong>Foedabis</strong></span> <span class='ocrx_word' id='word_1_115' title='bbox 399 1828 582 1898; x_wconf 82' lang='lat' dir='ltr'><strong>matremque</strong></span> <span class='ocrx_word' id='word_1_116' title='bbox 606 1827 688 1880; x_wconf 90' lang='lat' dir='ltr'><strong>tuam</strong></span> <span class='ocrx_word' id='word_1_117' title='bbox 710 1821 873 1899; x_wconf 83' lang='lat' dir='ltr'><strong>matrisque</strong></span> <span class='ocrx_word' id='word_1_118' title='bbox 896 1837 1032 1881; x_wconf 88' lang='lat' dir='ltr'><strong>sorores.</strong></span> 
     </span>
     <span class='ocr_line' id='line_1_19' title="bbox 231 1905 1077 1991; baseline 0 -22"><span class='ocrx_word' id='word_1_119' title='bbox 231 1905 376 1969; x_wconf 81' lang='lat' dir='ltr'><strong>Ercrsiet!</strong></span> <span class='ocrx_word' id='word_1_120' title='bbox 399 1926 496 1987; x_wconf 87' lang='lat' dir='ltr'><strong>neque</strong></span> <span class='ocrx_word' id='word_1_121' title='bbox 520 1909 600 1968; x_wconf 88' lang='lat' dir='ltr'><strong>enim</strong></span> <span class='ocrx_word' id='word_1_122' title='bbox 622 1905 782 1987; x_wconf 80' lang='lat' dir='ltr'><strong>dignabere</strong></span> <span class='ocrx_word' id='word_1_123' title='bbox 805 1924 917 1969; x_wconf 89' lang='lat' dir='ltr'><strong>numen</strong></span> <span class='ocrx_word' id='word_1_124' title='bbox 939 1908 1053 1970; x_wconf 90' lang='lat' dir='ltr'><strong>honore</strong></span> <span class='ocrx_word' id='word_1_125' title='bbox 1065 1957 1077 1991; x_wconf 95' lang='lat'><strong>,</strong></span> 
     </span>
     <span class='ocr_line' id='line_1_20' title="bbox 166 1993 1118 2078; baseline 0 -20"><span class='ocrx_word' id='word_1_126' title='bbox 166 2008 218 2059; x_wconf 78' lang='grc'><strong>555</strong></span> <span class='ocrx_word' id='word_1_127' title='bbox 231 1996 337 2076; x_wconf 86' lang='lat' dir='ltr'><strong>Meque</strong></span> <span class='ocrx_word' id='word_1_128' title='bbox 360 1995 416 2058; x_wconf 93' lang='lat' dir='ltr'><strong>sub</strong></span> <span class='ocrx_word' id='word_1_129' title='bbox 439 1995 486 2058; x_wconf 92' lang='lat' dir='ltr'><strong>his</strong></span> <span class='ocrx_word' id='word_1_130' title='bbox 507 1993 640 2058; x_wconf 87' lang='lat' dir='ltr'><strong>tenebris</strong></span> <span class='ocrx_word' id='word_1_131' title='bbox 662 1997 787 2058; x_wconf 89' lang='lat' dir='ltr'><strong>nimium</strong></span> <span class='ocrx_word' id='word_1_132' title='bbox 809 1995 919 2058; x_wconf 82' lang='lat' dir='ltr'><strong>vidisse</strong></span> <span class='ocrx_word' id='word_1_133' title='bbox 941 1999 1084 2078; x_wconf 86' lang='lat' dir='ltr'><strong>quereris</strong></span> <span class='ocrx_word' id='word_1_134' title='bbox 1095 1994 1118 2059; x_wconf 90' lang='lat'><strong>.’</strong></span> 
     </span>
     <span class='ocr_line' id='line_1_21' title="bbox 231 2082 942 2164; baseline 0.001 -18"><span class='ocrx_word' id='word_1_135' title='bbox 231 2084 312 2147; x_wconf 85' lang='lat' dir='ltr'><strong>Talia</strong></span> <span class='ocrx_word' id='word_1_136' title='bbox 334 2084 482 2146; x_wconf 86' lang='lat' dir='ltr'><strong>dicentem</strong></span> <span class='ocrx_word' id='word_1_137' title='bbox 504 2082 661 2164; x_wconf 87' lang='lat' dir='ltr'><strong>proturbat</strong></span> <span class='ocrx_word' id='word_1_138' title='bbox 683 2083 814 2145; x_wconf 85' lang='lat' dir='ltr'><strong>Echione</strong></span> <span class='ocrx_word' id='word_1_139' title='bbox 837 2093 942 2147; x_wconf 86' lang='lat' dir='ltr'><strong>natus.</strong></span> 
     </span>
     <span class='ocr_line' id='line_1_22' title="bbox 231 2172 1068 2253; baseline 0.001 -19"><span class='ocrx_word' id='word_1_140' title='bbox 231 2173 315 2234; x_wconf 85' lang='lat' dir='ltr'><strong>Dicta</strong></span> <span class='ocrx_word' id='word_1_141' title='bbox 337 2172 411 2234; x_wconf 88' lang='lat' dir='ltr'><strong>ddes</strong></span> <span class='ocrx_word' id='word_1_142' title='bbox 434 2174 570 2253; x_wconf 88' lang='lat' dir='ltr'><strong>sequitur</strong></span> <span class='ocrx_word' id='word_1_143' title='bbox 582 2220 592 2253; x_wconf 95' lang='lat'><strong>,</strong></span> <span class='ocrx_word' id='word_1_144' title='bbox 614 2189 817 2252; x_wconf 88' lang='lat' dir='ltr'><strong>responsaque</strong></span> <span class='ocrx_word' id='word_1_145' title='bbox 840 2174 914 2234; x_wconf 85' lang='lat' dir='ltr'><strong>vatis</strong></span> <span class='ocrx_word' id='word_1_146' title='bbox 937 2181 1068 2253; x_wconf 79' lang='lat' dir='ltr'><strong>aguntur</strong></span> 
     </span>
     <span class='ocr_line' id='line_1_23' title="bbox 213 2259 1049 2342; baseline 0 -21"><span class='ocrx_word' id='word_1_147' title='bbox 213 2259 320 2322; x_wconf 65' lang='lat' dir='ltr'><strong>‘biber</strong></span> <span class='ocrx_word' id='word_1_148' title='bbox 342 2260 447 2342; x_wconf 90' lang='lat' dir='ltr'><strong>adest,</strong></span> <span class='ocrx_word' id='word_1_149' title='bbox 470 2262 614 2341; x_wconf 82' lang='lat' dir='ltr'><strong>festisque</strong></span> <span class='ocrx_word' id='word_1_150' title='bbox 632 2262 765 2323; x_wconf 83' lang='lat' dir='ltr'><strong>fremunt</strong></span> <span class='ocrx_word' id='word_1_151' title='bbox 786 2259 948 2323; x_wconf 87' lang='lat' dir='ltr'><strong>ululatibus</strong></span> <span class='ocrx_word' id='word_1_152' title='bbox 971 2263 1049 2341; x_wconf 84' lang='lat' dir='ltr'><strong>agri:</strong></span> 
     </span>
     <span class='ocr_line' id='line_1_24' title="bbox 231 2348 1089 2431; baseline 0 -20"><span class='ocrx_word' id='word_1_153' title='bbox 231 2348 331 2411; x_wconf 84' lang='lat' dir='ltr'><strong>Turba</strong></span> <span class='ocrx_word' id='word_1_154' title='bbox 353 2351 436 2431; x_wconf 88' lang='lat' dir='ltr'><strong>ruit,</strong></span> <span class='ocrx_word' id='word_1_155' title='bbox 458 2351 627 2429; x_wconf 80' lang='lat' dir='ltr'><strong>mixtaeque</strong></span> <span class='ocrx_word' id='word_1_156' title='bbox 648 2350 720 2410; x_wconf 82' lang='lat' dir='ltr'><strong>vitis</strong></span> <span class='ocrx_word' id='word_1_157' title='bbox 739 2357 908 2429; x_wconf 90' lang='lat' dir='ltr'><strong>matresque</strong></span> <span class='ocrx_word' id='word_1_158' title='bbox 931 2367 1089 2429; x_wconf 90' lang='lat' dir='ltr'><strong>nurusque</strong></span> 
     </span>
     <span class='ocr_line' id='line_1_25' title="bbox 166 2436 1099 2518; baseline 0.001 -20"><span class='ocrx_word' id='word_1_159' title='bbox 166 2450 217 2501; x_wconf 82' lang='grc'><strong>515</strong></span> <span class='ocrx_word' id='word_1_160' title='bbox 231 2436 401 2517; x_wconf 78' lang='lat' dir='ltr'><strong>vulgusque</strong></span> <span class='ocrx_word' id='word_1_161' title='bbox 424 2455 626 2518; x_wconf 87' lang='lat' dir='ltr'><strong>proceresque</strong></span> <span class='ocrx_word' id='word_1_162' title='bbox 648 2439 748 2517; x_wconf 81' lang='lat' dir='ltr'><strong>ignota</strong></span> <span class='ocrx_word' id='word_1_163' title='bbox 770 2436 806 2497; x_wconf 89' lang='lat' dir='ltr'><strong>ad</strong></span> <span class='ocrx_word' id='word_1_164' title='bbox 830 2453 913 2498; x_wconf 86' lang='lat' dir='ltr'><strong>sacra</strong></span> <span class='ocrx_word' id='word_1_165' title='bbox 935 2438 1099 2500; x_wconf 78' lang='lat' dir='ltr'><strong>seruntur.</strong></span> 
     </span>
     <span class='ocr_line' id='line_1_26' title="bbox 233 2523 1124 2608; baseline 0 -21"><span class='ocrx_word' id='word_1_166' title='bbox 233 2523 318 2597; x_wconf 73' lang='lat' dir='ltr'><strong>‘Quis</strong></span> <span class='ocrx_word' id='word_1_167' title='bbox 340 2526 447 2607; x_wconf 85' lang='lat' dir='ltr'><strong>luror,</strong></span> <span class='ocrx_word' id='word_1_168' title='bbox 470 2528 675 2608; x_wconf 77' lang='lat' dir='ltr'><strong>anguigenae,</strong></span> <span class='ocrx_word' id='word_1_169' title='bbox 696 2525 797 2606; x_wconf 87' lang='lat' dir='ltr'><strong>proles</strong></span> <span class='ocrx_word' id='word_1_170' title='bbox 819 2524 982 2606; x_wconf 88' lang='lat' dir='ltr'><strong>llavortia,</strong></span> <span class='ocrx_word' id='word_1_171' title='bbox 1003 2534 1124 2587; x_wconf 84' lang='lat' dir='ltr'><strong>vestras</strong></span> 
     </span>
     <span class='ocr_line' id='line_1_27' title="bbox 231 2609 1061 2676; baseline -0.001 -1"><span class='ocrx_word' id='word_1_172' title='bbox 231 2615 367 2675; x_wconf 62' lang='lat' dir='ltr'><strong>attonuit</strong></span> <span class='ocrx_word' id='word_1_173' title='bbox 388 2609 545 2676; x_wconf 80' lang='lat' dir='ltr'><strong>mentesl’</strong></span> <span class='ocrx_word' id='word_1_174' title='bbox 567 2613 720 2675; x_wconf 88' lang='lat' dir='ltr'><strong>Pentheus</strong></span> <span class='ocrx_word' id='word_1_175' title='bbox 743 2615 784 2674; x_wconf 88' lang='lat' dir='ltr'><strong>ait</strong></span> <span class='ocrx_word' id='word_1_176' title='bbox 807 2609 924 2675; x_wconf 76' lang='lat' dir='ltr'><strong>‘aecana</strong></span> <span class='ocrx_word' id='word_1_177' title='bbox 947 2621 1061 2675; x_wconf 67' lang='lat' dir='ltr'><strong>uatum</strong></span> 
     </span>
     <span class='ocr_line' id='line_1_28' title="bbox 231 2700 988 2782; baseline 0 -19"><span class='ocrx_word' id='word_1_178' title='bbox 231 2704 307 2764; x_wconf 75' lang='lat' dir='ltr'><strong>Aere</strong></span> <span class='ocrx_word' id='word_1_179' title='bbox 329 2702 448 2782; x_wconf 88' lang='lat' dir='ltr'><strong>repulsa</strong></span> <span class='ocrx_word' id='word_1_180' title='bbox 470 2701 568 2764; x_wconf 79' lang='lat' dir='ltr'><strong>vdent</strong></span> <span class='ocrx_word' id='word_1_181' title='bbox 591 2710 621 2763; x_wconf 90' lang='lat' dir='ltr'><strong>et</strong></span> <span class='ocrx_word' id='word_1_182' title='bbox 644 2701 758 2764; x_wconf 89' lang='lat' dir='ltr'><strong>adunco</strong></span> <span class='ocrx_word' id='word_1_183' title='bbox 781 2700 854 2762; x_wconf 89' lang='lat' dir='ltr'><strong>tibia</strong></span> <span class='ocrx_word' id='word_1_184' title='bbox 876 2719 988 2764; x_wconf 88' lang='lat' dir='ltr'><strong>cornu.</strong></span> 
     </span>
     <span class='ocr_line' id='line_1_29' title="bbox 230 2789 1094 2873; baseline -0.003 -20"><span class='ocrx_word' id='word_1_185' title='bbox 230 2791 270 2853; x_wconf 85' lang='lat' dir='ltr'><strong>Et</strong></span> <span class='ocrx_word' id='word_1_186' title='bbox 291 2792 421 2871; x_wconf 80' lang='lat' dir='ltr'><strong>magicae</strong></span> <span class='ocrx_word' id='word_1_187' title='bbox 445 2791 586 2873; x_wconf 79' lang='lat' dir='ltr'><strong>fraudes,</strong></span> <span class='ocrx_word' id='word_1_188' title='bbox 608 2799 644 2852; x_wconf 91' lang='lat' dir='ltr'><strong>nt</strong></span> <span class='ocrx_word' id='word_1_189' title='bbox 666 2808 741 2870; x_wconf 90' lang='lat' dir='ltr'><strong>quos</strong></span> <span class='ocrx_word' id='word_1_190' title='bbox 764 2808 824 2851; x_wconf 91' lang='lat' dir='ltr'><strong>non</strong></span> <span class='ocrx_word' id='word_1_191' title='bbox 846 2789 972 2852; x_wconf 90' lang='lat' dir='ltr'><strong>bellicus</strong></span> <span class='ocrx_word' id='word_1_192' title='bbox 995 2790 1094 2871; x_wconf 90' lang='lat' dir='ltr'><strong>ensis,</strong></span> 
     </span>
     <span class='ocr_line' id='line_1_30' title="bbox 166 2878 1040 2960; baseline -0.002 -19"><span class='ocrx_word' id='word_1_193' title='bbox 166 2891 217 2943; x_wconf 80' lang='lat' dir='ltr'><strong>oni</strong></span> <span class='ocrx_word' id='word_1_194' title='bbox 230 2878 296 2941; x_wconf 87' lang='lat' dir='ltr'><strong>Non</strong></span> <span class='ocrx_word' id='word_1_195' title='bbox 318 2878 390 2941; x_wconf 88' lang='lat' dir='ltr'><strong>tuba</strong></span> <span class='ocrx_word' id='word_1_196' title='bbox 411 2880 577 2960; x_wconf 85' lang='lat' dir='ltr'><strong>terruerit,</strong></span> <span class='ocrx_word' id='word_1_197' title='bbox 599 2896 660 2940; x_wconf 91' lang='lat' dir='ltr'><strong>non</strong></span> <span class='ocrx_word' id='word_1_198' title='bbox 683 2880 796 2940; x_wconf 89' lang='lat' dir='ltr'><strong>strictis</strong></span> <span class='ocrx_word' id='word_1_199' title='bbox 818 2880 933 2957; x_wconf 77' lang='lat' dir='ltr'><strong>agmina</strong></span> <span class='ocrx_word' id='word_1_200' title='bbox 955 2878 1040 2960; x_wconf 87' lang='grc'><strong>15115,</strong></span> 
     </span>
     <span class='ocr_line' id='line_1_31' title="bbox 231 2968 881 3030; baseline -0.005 0"><span class='ocrx_word' id='word_1_201' title='bbox 231 2968 387 3030; x_wconf 75' lang='lat' dir='ltr'><strong>Femineae</strong></span> <span class='ocrx_word' id='word_1_202' title='bbox 411 2985 498 3029; x_wconf 89' lang='lat' dir='ltr'><strong>voces</strong></span> <span class='ocrx_word' id='word_1_203' title='bbox 521 2976 552 3029; x_wconf 92' lang='lat' dir='ltr'><strong>et</strong></span> <span class='ocrx_word' id='word_1_204' title='bbox 574 2975 654 3029; x_wconf 89' lang='lat' dir='ltr'><strong>mota</strong></span> <span class='ocrx_word' id='word_1_205' title='bbox 676 2969 790 3028; x_wconf 88' lang='lat' dir='ltr'><strong>insania</strong></span> <span class='ocrx_word' id='word_1_206' title='bbox 812 2969 881 3028; x_wconf 79' lang='lat' dir='ltr'><strong>nno</strong></span> 
     </span>
     <span class='ocr_line' id='line_1_32' title="bbox 231 3049 1046 3137; baseline -0.004 -19"><span class='ocrx_word' id='word_1_207' title='bbox 231 3055 419 3136; x_wconf 75' lang='lat' dir='ltr'><strong>obscenique</strong></span> <span class='ocrx_word' id='word_1_208' title='bbox 442 3074 548 3137; x_wconf 72' lang='lat' dir='ltr'><strong>greges</strong></span> <span class='ocrx_word' id='word_1_209' title='bbox 571 3063 602 3117; x_wconf 90' lang='lat' dir='ltr'><strong>et</strong></span> <span class='ocrx_word' id='word_1_210' title='bbox 623 3058 721 3117; x_wconf 86' lang='lat' dir='ltr'><strong>inania</strong></span> <span class='ocrx_word' id='word_1_211' title='bbox 743 3063 880 3135; x_wconf 81' lang='lat' dir='ltr'><strong>tympana</strong></span> <span class='ocrx_word' id='word_1_212' title='bbox 902 3049 1046 3117; x_wconf 76' lang='lat' dir='ltr'><strong>vincano?</strong></span> 
     </span>
     <span class='ocr_line' id='line_1_33' title="bbox 226 3137 1129 3226; baseline 0 -22"><span class='ocrx_word' id='word_1_213' title='bbox 226 3137 328 3208; x_wconf 69' lang='lat' dir='ltr'><strong>&#39;Vosne</strong></span> <span class='ocrx_word' id='word_1_214' title='bbox 340 3192 350 3226; x_wconf 96' lang='lat'><strong>,</strong></span> <span class='ocrx_word' id='word_1_215' title='bbox 373 3162 483 3226; x_wconf 91' lang='lat' dir='ltr'><strong>senes,</strong></span> <span class='ocrx_word' id='word_1_216' title='bbox 505 3146 619 3225; x_wconf 86' lang='lat' dir='ltr'><strong>mirer,</strong></span> <span class='ocrx_word' id='word_1_217' title='bbox 643 3147 695 3223; x_wconf 91' lang='lat' dir='ltr'><strong>qui</strong></span> <span class='ocrx_word' id='word_1_218' title='bbox 716 3144 803 3222; x_wconf 83' lang='lat' dir='ltr'><strong>longa</strong></span> <span class='ocrx_word' id='word_1_219' title='bbox 825 3161 880 3224; x_wconf 90' lang='lat' dir='ltr'><strong>per</strong></span> <span class='ocrx_word' id='word_1_220' title='bbox 903 3160 1030 3223; x_wconf 89' lang='lat' dir='ltr'><strong>aequora</strong></span> <span class='ocrx_word' id='word_1_221' title='bbox 1052 3146 1129 3206; x_wconf 84' lang='lat' dir='ltr'><strong>vecti</strong></span> 
     </span>
     <span class='ocr_line' id='line_1_34' title="bbox 231 3230 1106 3315; baseline -0.003 -20"><span class='ocrx_word' id='word_1_222' title='bbox 231 3233 293 3295; x_wconf 87' lang='lat' dir='ltr'><strong>Hac</strong></span> <span class='ocrx_word' id='word_1_223' title='bbox 315 3232 438 3315; x_wconf 81' lang='lat' dir='ltr'><strong>Tyron,</strong></span> <span class='ocrx_word' id='word_1_224' title='bbox 460 3232 516 3293; x_wconf 91' lang='lat' dir='ltr'><strong>hac</strong></span> <span class='ocrx_word' id='word_1_225' title='bbox 538 3233 681 3313; x_wconf 78' lang='lat' dir='ltr'><strong>profugos</strong></span> <span class='ocrx_word' id='word_1_226' title='bbox 703 3234 846 3312; x_wconf 87' lang='lat' dir='ltr'><strong>posuistis</strong></span> <span class='ocrx_word' id='word_1_227' title='bbox 869 3230 939 3293; x_wconf 84' lang='lat' dir='ltr'><strong>sede</strong></span> <span class='ocrx_word' id='word_1_228' title='bbox 962 3232 1106 3314; x_wconf 84' lang='lat' dir='ltr'><strong>Penates,</strong></span> 
     </span>
     <span class='ocr_line' id='line_1_35' title="bbox 166 3316 1136 3404; baseline -0.003 -21"><span class='ocrx_word' id='word_1_229' title='bbox 166 3334 217 3386; x_wconf 80' lang='grc'><strong>540</strong></span> <span class='ocrx_word' id='word_1_230' title='bbox 231 3322 317 3385; x_wconf 87' lang='lat' dir='ltr'><strong>Nunc</strong></span> <span class='ocrx_word' id='word_1_231' title='bbox 341 3323 438 3383; x_wconf 89' lang='lat' dir='ltr'><strong>sinitis</strong></span> <span class='ocrx_word' id='word_1_232' title='bbox 461 3322 525 3383; x_wconf 87' lang='lat' dir='ltr'><strong>sine</strong></span> <span class='ocrx_word' id='word_1_233' title='bbox 548 3320 641 3382; x_wconf 79' lang='lat' dir='ltr'><strong>hiante</strong></span> <span class='ocrx_word' id='word_1_234' title='bbox 665 3316 760 3400; x_wconf 81' lang='lat' dir='ltr'><strong>capi?</strong></span> <span class='ocrx_word' id='word_1_235' title='bbox 783 3338 897 3402; x_wconf 88' lang='lat' dir='ltr'><strong>vosne,</strong></span> <span class='ocrx_word' id='word_1_236' title='bbox 920 3322 1017 3381; x_wconf 77' lang='lat' dir='ltr'><strong>aculon</strong></span> <span class='ocrx_word' id='word_1_237' title='bbox 1039 3329 1136 3404; x_wconf 83' lang='lat' dir='ltr'><strong>aetas,</strong></span> 
     </span>
     <span class='ocr_line' id='line_1_36' title="bbox 231 3408 1090 3493; baseline -0.003 -21"><span class='ocrx_word' id='word_1_238' title='bbox 231 3408 256 3472; x_wconf 90' lang='lat'>0</span> <span class='ocrx_word' id='word_1_239' title='bbox 278 3413 423 3493; x_wconf 80' lang='lat' dir='ltr'><strong>hirenes,</strong></span> <span class='ocrx_word' id='word_1_240' title='bbox 444 3411 626 3490; x_wconf 87' lang='lat' dir='ltr'><strong>propiorque</strong></span> <span class='ocrx_word' id='word_1_241' title='bbox 641 3426 746 3491; x_wconf 88' lang='lat' dir='ltr'><strong>meae,</strong></span> <span class='ocrx_word' id='word_1_242' title='bbox 769 3426 844 3488; x_wconf 92' lang='lat' dir='ltr'><strong>quos</strong></span> <span class='ocrx_word' id='word_1_243' title='bbox 867 3426 948 3470; x_wconf 76' lang='lat' dir='ltr'><strong>arun</strong></span> <span class='ocrx_word' id='word_1_244' title='bbox 969 3418 1090 3491; x_wconf 77' lang='grc'><strong>155555,</strong></span> 
     </span>
    </p>
   </div>
   <div class='ocr_carea' id='block_1_4' title="bbox 230 3492 1129 3668">
    <p class='ocr_par' dir='ltr' id='par_1_5' title="bbox 230 3492 1129 3668">
     <span class='ocr_line' id='line_1_37' title="bbox 230 3492 1129 3579; baseline -0.001 -20"><span class='ocrx_word' id='word_1_245' title='bbox 230 3499 296 3560; x_wconf 85' lang='grc' dir='ltr'><strong>Ν55</strong></span> <span class='ocrx_word' id='word_1_246' title='bbox 319 3497 460 3579; x_wconf 72' lang='lat' dir='ltr'><strong>thyrsos,</strong></span> <span class='ocrx_word' id='word_1_247' title='bbox 483 3497 622 3577; x_wconf 81' lang='lat' dir='ltr'><strong>galeaque</strong></span> <span class='ocrx_word' id='word_1_248' title='bbox 646 3498 728 3577; x_wconf 80' lang='lat' dir='ltr'><strong>tegi,</strong></span> <span class='ocrx_word' id='word_1_249' title='bbox 751 3515 811 3558; x_wconf 91' lang='lat' dir='ltr'><strong>non</strong></span> <span class='ocrx_word' id='word_1_250' title='bbox 834 3496 962 3579; x_wconf 81' lang='lat' dir='ltr'><strong>fronde,</strong></span> <span class='ocrx_word' id='word_1_251' title='bbox 980 3492 1129 3558; x_wconf 77' lang='lat' dir='ltr'><strong>decebat?</strong></span> 
     </span>
     <span class='ocr_line' id='line_1_38' title="bbox 231 3585 1087 3668; baseline -0.002 -21"><span class='ocrx_word' id='word_1_252' title='bbox 231 3586 324 3665; x_wconf 85' lang='lat' dir='ltr'><strong>Este,</strong></span> <span class='ocrx_word' id='word_1_253' title='bbox 346 3603 476 3668; x_wconf 85' lang='lat' dir='ltr'><strong>precor,</strong></span> <span class='ocrx_word' id='word_1_254' title='bbox 499 3602 669 3667; x_wconf 84' lang='lat' dir='ltr'><strong>memores,</strong></span> <span class='ocrx_word' id='word_1_255' title='bbox 693 3602 751 3664; x_wconf 91' lang='lat' dir='ltr'><strong>qua</strong></span> <span class='ocrx_word' id='word_1_256' title='bbox 774 3587 839 3647; x_wconf 85' lang='lat' dir='ltr'><strong>sitis</strong></span> <span class='ocrx_word' id='word_1_257' title='bbox 858 3587 952 3666; x_wconf 88' lang='lat' dir='ltr'><strong>stirpe</strong></span> <span class='ocrx_word' id='word_1_258' title='bbox 975 3585 1087 3667; x_wconf 88' lang='lat' dir='ltr'><strong>creati,</strong></span> 
     </span>
    </p>
   </div>
   <div class='ocr_carea' id='block_1_5' title="bbox 0 0 1238 4042">
    <p class='ocr_par' dir='ltr' id='par_1_6' title="bbox 0 0 1238 4042">
     <span class='ocr_line' id='line_1_39' title="bbox 0 0 1238 4042; baseline 0 0"><span class='ocrx_word' id='word_1_259' title='bbox 0 0 1238 4042; x_wconf 95' lang='lat' dir='ltr'><strong> </strong></span> 
     </span>
    </p>
   </div>
  </div>
 </body>
</html>
