2467 4042
432 196 479 267 00.
498 217 645 268 000-400.
976 209 1041 276 345

68 389 115 439 405
128 377 235 439 100100
246 373 448 457 1001000000,
470 394 521 438 ros
542 384 590 438 est
612 377 764 439 Romana.
804 383 906 438 tuetur
983 389 1040 440 (21⁰)

168 464 255 526 Vesta
267 509 278 544 ,
300 464 379 543 quod
402 464 520 525 assiduo
543 464 655 527 lumine
677 472 784 526 nunota
806 464 901 525 videt.

127 551 190 613 1100
213 560 356 632 quantum
378 554 505 614 timuere
528 561 651 633 patres,
674 570 733 631 quo
756 558 890 631 tempore
912 551 999 613 Vesta

167 640 249 700 Arsit
260 686 270 722 ,
293 647 324 700 et
346 647 393 700 est
414 642 503 701 000010
526 639 632 702 obruta
654 658 748 719 paene
771 639 851 701 suist

127 726 300 806 Plagrabant
322 729 417 789 sancti
439 727 592 789 sceleratis
613 727 732 805 ignibus
755 730 857 808 ignes,

65 826 114 877 440
137 868 141 876 .
169 814 316 893 Mixtaque
340 824 404 877 erat
425 815 559 876 flammae
581 815 698 877 flamma
719 816 842 895 profana
864 816 947 895 piae.

126 902 272 964 Attonitae
295 902 406 963 flebant
428 903 556 964 demisso
580 905 663 964 crine
686 905 855 965 ministrae:

168 989 338 1051 Abstulerat
360 992 438 1052 vires
461 993 596 1071 eorporis
618 994 682 1071 ipse
705 993 811 1052 timor.

126 1077 259 1139 Provolat
281 1079 312 1139 in
335 1078 466 1139 medium
477 1124 487 1160 ,
511 1086 542 1139 et
563 1097 668 1157 magna
692 1074 873 1140 ‘succurrite
888 1073 914 1140 l'
938 1095 1009 1139 0000

169 1159 250 1225 ‘Nou
272 1173 319 1226 est
341 1166 483 1227 auxilium
504 1162 593 1228 llero'
616 1167 754 1228 Metellus
777 1170 833 1228 ait.

60 1264 112 1313 445
126 1248 267 1330 ‘Pignora
289 1255 430 1331 virgineis
452 1254 550 1315 fatalia
571 1253 665 1317 tollite
688 1254 810 1334 palmis!

167 1338 233 1399 Non
257 1358 290 1400 ea
306 1339 384 1402 'sunt
405 1348 496 1421 voto,
519 1342 571 1402 sed
594 1342 735 1421 rapienda
757 1341 862 1404 mauul

123 1426 169 1487 bie
191 1426 357 1488 miserum!
390 1426 530 1489 dubitatis
544 1424 576 1489 l'
600 1431 662 1491 ait.
703 1428 838 1492 dubitare
862 1427 996 1510 ridebat,

167 1513 205 1575 Et
227 1513 347 1593 pavidas
369 1517 466 1594 posito
488 1516 683 1595 procubuisse
706 1535 801 1596 genu.

123 1601 228 1663 llaurit
251 1620 343 1681 aquas
355 1650 364 1683 ,
387 1602 554 1683 tollensque
576 1621 682 1666 manus
694 1652 703 1684 ‚
727 1600 886 1684 ‘ignoscite
899 1599 925 1685 ,⁹
948 1605 1022 1668 dixit

57 1702 111 1752 450
168 1686 297 1752 ‘sacrat
329 1693 374 1750 vir
396 1689 513 1752 intrabo
536 1709 596 1752 non
620 1691 753 1754 adeunda
775 1695 856 1754 0100.

125 1778 156 1840 st
178 1777 276 1839 soelus
299 1786 346 1839 000
358 1825 368 1858 ,
389 1780 421 1839 in
444 1796 491 1839 me
514 1781 665 1841 commissi
686 1798 783 1858 poena
805 1780 968 1845 redundet:

169 1865 214 1927 Sit
235 1867 341 1945 eapitis
364 1865 470 1927 damno
493 1865 586 1928 Roma
609 1866 705 1929 soluta
727 1863 818 1930 mei.'

124 1953 224 2033 Dixit,
247 1961 278 2014 et
299 1955 429 2033 irrupit.
470 1954 582 2016 santum
604 1955 660 2016 dea
682 1964 766 2034 rapta
787 1954 940 2036 probarit,

166 2040 377 2120 Pontifioisque
401 2043 448 2102 sui
470 2059 594 2104 munere
618 2051 681 2104 tuta
703 2042 777 2105 luit.

51 2129 209 2192 45511000
231 2127 307 2189 bene
329 2128 436 2191 lucetis
460 2147 560 2191 sacrae
583 2130 640 2192 sub
663 2129 788 2192 Caesare
810 2131 961 2193 flammae:

166 2216 247 2295 Ignis
269 2219 300 2277 in
323 2216 419 2277 lliaois
441 2235 522 2278 nuno
544 2221 603 2280 erit
626 2225 731 2298 estque
754 2220 845 2280 loeis.

122 2303 268 2382 Nullaque
290 2304 407 2365 dicetur
428 2307 516 2366 vittas
538 2314 700 2368 temerasse
724 2307 862 2368 sacerdos

166 2390 230 2452 lloe
253 2390 351 2472 duee,
374 2408 430 2453 neo
453 2395 515 2454 0100
538 2394 705 2456 defodietur
728 2395 836 2456 humo.

123 2479 173 2540 Sic
195 2481 309 2539 incesta
331 2481 431 2561 perit,
455 2483 524 2558 quia
546 2500 635 2560 quam
658 2482 795 2564 violarit,
818 2485 850 2543 in
873 2482 950 2543 illam

46 2581 106 2632 460
168 2566 313 2627 Conditus
325 2614 334 2647 ,
358 2565 511 2629 et'Tellus
533 2568 680 2648 Vestaque
702 2588 813 2632 numen
836 2571 915 2632 idem
938 2577 999 2632 est.

89 2692 93 2701 ·
120 2655 205 2717 'l'um
222 2653 280 2715 sibi
303 2653 428 2715 Callaico
450 2654 562 2717 Brutus
585 2675 748 2736 cognomen
771 2658 808 2719 ab
830 2659 915 2720 hoste

165 2742 251 2804 Feoit
262 2787 272 2823 ,
296 2751 326 2803 et
348 2741 508 2823 Hispanam
530 2748 674 2825 sanguine
696 2748 785 2817 tinxit
806 2746 946 2808 humum.

120 2831 244 2894 Seilioet
265 2830 416 2892 interdum
438 2833 602 2893 miscentur
624 2835 721 2894 tristia
744 2833 846 2916 laetis,

165 2918 227 2981 Neo
251 2919 394 2998 populum
415 2927 479 2981 toto
501 2929 623 3000 pertore
646 2921 720 2983 festa
742 2923 861 2983 iuvant.

43 3020 104 3071 405
120 3007 248 3068 Crassus
269 3007 306 3068 ad
329 3005 502 3086 Euphraten
525 3009 636 3088 aquilas
659 3017 821 3088 natumque
844 3026 973 3088 suosque

166 3093 320 3176 Perdidit,
343 3104 374 3156 et
394 3095 454 3156 1000
478 3104 524 3156 000
546 3095 668 3157 ultimus
690 3098 755 3176 ipse
778 3096 881 3159 datus.

121 3178 249 3244 ‘Partbe
261 3226 270 3261 ,
293 3181 364 3261 quid
387 3183 501 3245 exultas
514 3179 546 3245 P'
571 3183 645 3245 dixit
667 3183 721 3245 dea
745 3179 843 3263 ‘signa
865 3185 1017 3266 remittes,

167 3267 285 3347 Quique
308 3286 411 3331 neoem
434 3272 533 3334 Crassi
555 3272 706 3355 vindieat,
729 3271 809 3334 ultor
832 3267 922 3334 orit.'
986 3315 989 3319 -
