2467 4042
314 271 381 331 XII.
401 268 565 332 Munna
586 267 765 332 37-112.
997 269 1064 335 tib

55 434 96 491 ts
109 425 251 488 Pe'rdere
264 439 363 499 posse
378 429 427 483 sat
440 428 502 495 est,
525 421 647 497 siquem
661 422 745 484 iuvet
758 423 829 499 ipsa
842 430 997 501 potestne

156 508 223 571 Sed
236 507 291 569 tibi
307 514 449 568 servatus
463 506 562 582 gloria
577 505 677 568 maior
690 522 754 568 ero.

105 594 171 654 Per
185 593 268 652 mala
282 598 389 652 nostra
403 604 529 667 precor,
551 607 683 667 quorum
698 599 788 668 potes
803 606 879 653 esse
890 591 1040 671 leuamen,

153 677 216 738 Per
228 692 328 752 geum
342 683 374 737 et
386 690 499 736 numen
513 683 625 736 cuncta
639 673 773 736 videntis
787 678 849 752 aui,

103 762 170 822 Per
184 759 314 837 triplicis
330 761 434 821 veritus
449 775 626 836 arcanaque
640 775 730 820 saera
744 760 870 837 Dianae,

55 857 98 911 8⁰
155 845 196 907 Et
213 843 241 906 si
254 845 335 906 lorte
349 845 471 918 aliquos
486 859 564 919 gens
578 844 671 904 babet
685 844 745 906 isla
760 846 854 905 deos:

107 930 136 992 0
152 930 259 1005 virgo,
281 929 428 989 miserere
443 928 519 1001 mei,
537 927 685 989 miserere
699 945 852 990 meorum=

151 1014 253 1074 Eiiice
267 1013 447 1073 merueritis
461 1019 584 1089 tempus
599 1013 630 1072 in
646 1028 737 1074 omne
751 1021 853 1074 taumt

106 1099 203 1174 Quod
219 1099 247 1159 si
263 1098 343 1159 forte
355 1097 456 1158 virum
470 1113 533 1158 non
551 1096 720 1172 dedignare
733 1097 939 1174 Pelasgum...

152 1183 221 1244 Sed
235 1181 309 1241 milri
323 1188 386 1242 tam
401 1181 509 1242 faciles
522 1181 605 1242 unde
620 1197 770 1256 meosque
784 1183 915 1244 deust„

56 1278 96 1334 ὅ
108 1267 250 1345 Spiritus
263 1273 336 1327 ante
349 1281 437 1326 meus
452 1273 562 1327 tenues
577 1273 727 1326 vanescat
740 1266 770 1326 in
787 1283 890 1343 auras,

153 1352 254 1426 Quam
268 1350 420 1424 thalamo,
442 1349 502 1410 uisi
519 1357 566 1425 tu,
589 1357 685 1426 nupta
698 1352 738 1410 sit
750 1352 815 1411 ulla
828 1368 914 1413 mooe

106 1435 248 1499 Conscia
261 1436 302 1497 sit
314 1435 408 1510 Iuno,
430 1434 529 1495 sacris
544 1436 703 1511 praelecta
717 1435 842 1509 maritis,

150 1521 193 1582 Et
208 1520 283 1594 dea,
305 1534 478 1580 marmorea
492 1519 579 1580 cuius
593 1519 625 1579 in
643 1520 723 1580 aede
737 1535 844 1582 sumus
852 1524 873 1578 ι’
998 1523 1057 1602 [lae

104 1605 197 1666 Haec
208 1604 372 1665 animum...
385 1610 601 1679 etquotapars
612 1605 825 1667 praesuma„
838 1620 967 1667 moratu
973 1607 1042 1682 puel

58 1702 99 1756 oo
156 1688 330 1764 Simplicis,
352 1694 384 1749 et
396 1690 528 1748 dextrae·
537 1689 667 1749 dextera
680 1689 784 1751 iuncta
799 1705 896 1750 meae.

105 1774 183 1835 Vidi
199 1773 291 1834 etiam
306 1774 459 1834 lacrimas.
483 1788 521 1833 an
537 1789 613 1848 pars
627 1781 675 1835 est
687 1774 806 1835 bandis
820 1773 851 1834 in
864 1773 946 1836 illisi

153 1856 210 1919 Sic
224 1857 284 1918 cito
299 1874 368 1918 sum
381 1856 487 1919 verbis
502 1863 595 1932 capta
608 1860 713 1934 puella
726 1859 797 1919 tuis.

105 1943 217 2019 Iungis
231 1949 263 2004 et
275 1940 438 2019 aeripedes
452 1941 596 2003 inadusto
611 1958 744 2018 corpore
756 1949 864 2005 muros

149 2028 191 2089 El
206 2026 338 2087 solidam
352 2026 440 2087 iusso
457 2041 582 2087 vomere
595 2027 689 2087 lindis
703 2026 840 2089 humum.

63 2122 101 2177 95
111 2114 203 2173 Arva
215 2111 378 2172 venenatis
391 2126 449 2187 pro
464 2109 584 2171 semine
597 2110 742 2172 dentibus
759 2111 888 2188 impleor

149 2196 297 2257 Nascitur
309 2202 340 2255 at
351 2195 475 2271 gladios
490 2201 643 2272 sordeque
655 2194 743 2257 miles
757 2196 860 2257 habet

107 2279 184 2359 ipsa
199 2296 274 2356 ego,
297 2295 382 2356 quae
394 2279 541 2341 dederam
555 2280 776 2355 medicamina,
799 2279 915 2357 pallida
928 2281 1005 2355 aedi,

151 2365 229 2426 cum
242 2364 308 2425 ridi
322 2363 444 2425 subbos
460 2380 544 2425 arma
557 2372 663 2426 tenero
678 2365 778 2426 viros:

107 2450 218 2512 Donec
230 2450 425 2525 turrigerum„
440 2449 560 2509 lacinus
575 2449 713 2510 mirabile
721 2456 750 2509 t..
772 2449 885 2511 iratres
925 2479 929 2485 ·

44 2546 97 2599 too
148 2536 232 2595 Inter
245 2549 282 2595 se
294 2535 418 2596 strictas
430 2548 618 2596 conseruere
629 2550 750 2595 rnanus.

108 2617 244 2695 Insopor
258 2633 334 2679 ecco
349 2618 422 2694 vigil
438 2619 577 2694 squamis
592 2618 817 2695 crepitantibus
827 2617 956 2678 horrens

151 2702 278 2777 Sibilat,
299 2711 331 2764 et
343 2710 425 2764 torto
439 2711 567 2779 pectore
581 2704 676 2764 verrit
688 2704 824 2765 humum.

106 2788 199 2851 nous
213 2803 292 2865 opes
305 2787 360 2849 ubi
373 2794 480 2849 crant?
500 2787 553 2849 ubi
570 2794 637 2848 erat
649 2787 706 2850 tibi
718 2788 804 2863 regia
819 2786 962 2861 coniunx,

150 2871 274 2949 Quique
287 2873 381 2933 maris
395 2871 508 2948 gamini
523 2871 648 2933 distinet
660 2873 794 2934 Isthmos
808 2878 929 2945 aquasi

45 2965 97 3021 ιω
106 2957 163 3018 llla
177 2971 254 3033 ego,
275 2972 358 3035 quse
371 2956 425 3018 tibi
440 2972 508 3018 sum
523 2971 605 3017 nunc
620 2956 755 3033 denique
768 2955 903 3017 barbara
915 2955 1005 3019 iacta.

149 3041 241 3102 Nunc
255 3040 311 3103 ubi
324 3057 393 3104 sum
407 3040 542 3117 pauper,
564 3056 645 3102 nunc
659 3041 713 3103 tibi
728 3042 800 3102 visa·
810 3055 937 3113 nocens,

106 3123 265 3189 mammea
278 3124 415 3188 subduxi
429 3126 582 3187 medicato
596 3126 712 3187 lumina
726 3140 847 3200 somno,

149 3210 190 3271 Et
201 3209 272 3285 ubi,
294 3226 376 3286 quae
391 3225 535 3286 raperes,
557 3210 674 3272 vellera
687 3217 750 3272 tuta
764 3210 846 3271 dedi.

107 3293 252 3356 Proditus
266 3302 316 3358 ost
328 3295 463 3371 genitor,
486 3311 615 3370 regnum
629 3295 823 3371 patriamque
835 3292 955 3369 reliqur,

47 3389 99 3444 lio
148 3379 264 3441 blunus
278 3379 311 3440 in
325 3379 421 3441 exilio
435 3379 594 3456 quodlibet
608 3394 683 3441 esse
696 3380 761 3442 tuli.

107 3464 275 3541 Virginitas
290 3465 373 3526 lacta
386 3470 435 3526 est
448 3462 603 3540 peregrini
621 3464 738 3540 praeda
752 3464 888 3525 latronis.

151 3548 274 3626 Optima
287 3565 358 3612 cum
372 3564 445 3610 cara
459 3555 556 3610 matre
570 3548 677 3610 relicta
691 3564 791 3611 soror.

846 3641 865 3695 8
872 3634 885 3664 t
