2467 4042
413 251 498 322 XIV,
519 256 659 307 eo-rae.
764 270 874 306 sem
973 251 1039 318 285

94 418 279 500 Contudit,
302 426 334 480 et
355 420 438 497 rugis
460 418 609 498 peraravit
632 416 759 478 anilibus
782 435 852 499 ora3

94 508 250 587 Totaque
273 505 385 567 velatos
407 505 527 567 flaventi
549 523 676 585 corpora
698 504 767 566 villo

95 596 197 657 Misit
217 597 250 656 in
272 594 327 655 has
349 593 459 655 sedes.
486 611 542 655 nec
564 611 626 655 non
648 595 733 673 prius
756 592 878 656 abstulit
899 612 988 655 usum

95 683 284 745 Verborum
305 689 337 743 et
359 690 445 743 natae
467 681 533 743 dira
554 684 586 742 in
607 684 740 763 periuria
761 681 898 761 linguae:

12 784 79 837 1⁰0
97 772 209 834 Posse
233 772 320 851 queri
342 778 458 832 tantum
479 788 571 832 rauco
594 770 723 831 stridore
745 769 883 849 reliquit.

159 859 221 921 llas
244 857 297 921 ubi
318 860 475 938 praeteriit
496 866 528 919 et
548 857 767 937 Parthenopeia
788 857 893 919 dextra

100 947 234 1011 Moenia
256 947 411 1028 deseruit,
435 944 530 1024 [laeva
552 945 589 1007 de
610 954 696 1025 parte
718 949 821 1007 canori

101 1035 254 1098 Aeolidae
277 1033 426 1096 tumulum
448 1032 492 1112 et]
516 1034 581 1095 loca
603 1034 665 1096 leta
681 1033 865 1114 palustribus
887 1034 994 1118 undis,

102 1123 217 1186 Litora
240 1121 401 1184 Cumarum
413 1169 423 1203 ,
445 1124 613 1202 vivacisque
636 1130 721 1183 antra
744 1120 870 1202 Sibyllae

16 1223 85 1277 too
103 1212 212 1274 Intrat
223 1258 233 1292 ,
256 1219 287 1273 et
309 1210 345 1271 ad
368 1228 470 1272 manes
492 1213 590 1272 veniat
611 1228 667 1291 per
688 1209 804 1272 Averna
825 1218 986 1293 paternos,

107 1300 211 1362 Orat.
239 1306 271 1361 at
291 1298 341 1360 illa
363 1298 415 1360 diu
437 1297 552 1360 vultum
574 1297 682 1360 tellure
704 1305 852 1361 moratum

108 1388 243 1468 Erexit,
265 1386 444 1466 tandemque
467 1387 523 1449 deo
546 1385 707 1448 furibunda
729 1394 850 1467 recepto

111 1471 235 1555 ‘llagua
255 1478 334 1555 petis
346 1470 367 1557 ,'
391 1474 465 1537 dixit
488 1470 545 1535 ‘vir
566 1475 653 1537 factis
676 1477 825 1556 maxime,
848 1477 933 1537 cuius

111 1563 246 1626 Dextera
267 1581 322 1643 per
344 1562 482 1642 terrum,
503 1564 598 1642 pietas
622 1570 753 1643 spectata
775 1580 831 1643 per
853 1566 955 1644 ignes.

29 1664 96 1717 110
112 1652 200 1714 Pone
224 1658 345 1733 umen,
367 1649 517 1732 Troiane,
539 1658 675 1713 metumt
696 1652 812 1730 potiere
834 1654 954 1734 petitis,

113 1740 293 1820 Elysiasque
315 1737 420 1800 domos
442 1746 475 1800 et
495 1756 588 1819 regna
609 1741 769 1801 novissima
790 1738 895 1801 mundi

112 1828 165 1889 lle
187 1827 264 1890 duce
286 1844 448 1907 cognosces
471 1826 688 1906 simulacraque
711 1845 780 1889 cara
801 1829 951 1908 parentis.

112 1916 199 1977 Invia
219 1916 323 1977 virtuti
345 1914 427 1976 nulla
449 1921 495 1976 cst
517 1916 563 1975 via
577 1910 597 1975 .'
610 1941 613 1946 ·
626 1914 700 1977 dixit
713 1935 725 1996 3·
750 1922 781 1976 et
802 1933 876 1976 auro

112 2003 296 2083 Fulgentem
316 2019 434 2065 ramum
456 2002 529 2064 silva
550 2002 673 2064 lunonis
694 2002 827 2064 Avernae

37 2105 99 2156 115
113 2092 314 2173 Monstravit,
336 2093 484 2170 iussitque
507 2108 561 2152 suo
584 2090 724 2152 divellere
747 2099 874 2154 uunco.

113 2180 223 2241 Paruit
243 2179 381 2261 Aeneas,
403 2187 435 2241 et
456 2177 650 2240 formidabilis
673 2178 744 2240 Orci

114 2267 199 2329 Vidit
220 2285 293 2348 opes
315 2275 474 2347 atavosque
498 2284 569 2329 suos
591 2266 787 2346 umbramque
810 2267 934 2330 senllem

115 2355 296 2436 blagnanind
316 2354 485 2417 Anchisae:
512 2354 614 2416 didicit
637 2373 757 2435 quoque
779 2358 845 2417 iura
866 2357 1018 2438 locorum,

118 2444 262 2523 Quaeque
284 2445 368 2505 novis
390 2451 493 2505 esseut
515 2443 650 2505 adeunda
671 2443 804 2524 pericula
826 2444 929 2506 belis.

43 2544 103 2596 120
117 2531 191 2594 lnde
214 2532 313 2594 ferens
336 2532 430 2592 lassos
453 2531 576 2593 adverso
599 2534 718 2592 tramite
740 2549 864 2612 passus,

117 2619 195 2682 Cum
218 2620 294 2681 duce
317 2618 445 2681 Cumaea
468 2618 563 2681 mollit
585 2636 722 2681 sermone
745 2619 894 2681 laborem.

117 2707 255 2787 Dumque
276 2710 334 2769 iter
351 2707 536 2769 horrendum
552 2725 608 2788 per
626 2726 718 2788 opaca
735 2707 910 2788 crepuscula
928 2711 1041 2792 carpit,

118 2792 194 2857 ‘Seu
216 2795 271 2856 dea
292 2805 326 2857 tu
348 2813 514 2878 praesens,
537 2813 591 2856 seu
614 2796 661 2857 dis
683 2798 849 2875 gratissima
860 2792 882 2877 ,’
905 2796 979 2860 dixit

118 2879 269 2946 ‘Numinis
290 2886 386 2946 instar
409 2886 469 2945 eris
491 2902 611 2965 semper
633 2884 727 2965 mihi3
750 2902 857 2964 meque
881 2885 996 2947 letabor

48 2983 103 3034 stt
117 2971 252 3034 Muneris
275 2989 341 3033 esse
364 2973 410 3035 tui
421 3018 431 3053 ‚
454 2989 529 3052 quae
552 2990 600 3033 me
623 2972 688 3033 loca
711 2974 816 3034 mortis
839 2973 940 3056 adire,

118 3060 201 3132 Quae
223 3059 288 3121 loca
311 3077 358 3121 me
380 3062 460 3122 visae
482 3059 603 3122 voluisti
625 3060 750 3122 evadere
772 3063 894 3122 mortis.

117 3148 177 3209 Pro
200 3146 309 3227 quibus
332 3149 426 3209 atrias
449 3150 564 3210 meritis
587 3156 708 3210 evectus
730 3148 767 3210 ad
789 3167 877 3210 auras

118 3235 242 3316 'l’empla
265 3234 320 3297 tibi
342 3243 492 3318 statuam,
514 3234 644 3298 tribuam
667 3235 722 3298 tibi
745 3240 821 3299 turis
843 3232 1017 3299 bonorem?

118 3324 254 3404 llespicit
274 3324 355 3386 hunc
378 3332 460 3386 vates
483 3333 514 3386 et
536 3324 734 3405 suspiratibus
757 3325 872 3388 haustis

53 3423 104 3476 ato
117 3408 191 3474 ‘Nec
214 3410 271 3473 dea
292 3431 360 3475 sum
371 3409 394 3495 ,²
417 3413 491 3475 dixit
513 3408 581 3475 ‘nac
603 3415 682 3475 sacri
703 3415 780 3475 turis
800 3413 915 3474 honore

116 3499 288 3563 Humanum
311 3501 432 3580 dignare
455 3509 565 3582 caput.
592 3519 652 3564 neu
675 3503 795 3564 nescius
818 3519 920 3566 errest

116 3587 182 3652 Lux
205 3597 326 3651 aeterna
348 3589 421 3651 mihi
444 3592 633 3672 carituraque
656 3593 714 3653 line
737 3590 879 3672 dabatur,
