2467 4042
631 413 710 489 VII.

253 556 365 620 Littera
388 575 443 639 pro
467 555 567 619 verbis
589 555 666 638 tibi,
689 555 846 618 Messalina
858 602 868 637 ,
891 556 1022 619 mlutem

298 646 393 718 Quam
416 645 512 727 legis,
535 664 552 707 a
576 647 671 707 saeris
693 645 793 707 attulit
813 662 910 725 usque
933 645 1037 708 Getis.

253 733 367 797 ludieat
389 742 543 796 auctorem
566 730 682 795 incus?
715 751 753 794 an
765 780 776 814 ,
798 735 858 794 nisi
880 736 1001 795 numine
1026 734 1132 818 lecto,

297 821 377 884 Haec
400 840 447 884 me
470 821 618 884 Nasonem
642 820 775 884 scribere
797 821 887 883 verba
909 819 1009 884 latet‘d

223 909 365 990 5Eequis
386 912 418 972 in
442 919 574 973 extremo
597 912 714 990 pesitus
736 911 815 971 iacet
836 909 908 971 urbe
930 919 1079 992 inarum,

298 998 344 1060 Na
368 1006 467 1061 tamen
491 1006 638 1081 excepto,
661 1001 715 1078 qui
736 1015 843 1078 precor
867 1015 933 1060 esse
956 997 1058 1061 tuus?

253 1085 289 1150 Di
311 1086 417 1166 prorui
440 1105 457 1148 a
480 1089 597 1149 eunetis
609 1134 618 1168 ,
642 1088 695 1166 qui
718 1096 748 1148 te
771 1096 952 1149 uenerantur
973 1098 1162 1170 amantque,

298 1174 394 1238 Huius
418 1177 554 1237 notitiam
576 1177 675 1256 gentis
698 1174 808 1236 hahere
831 1175 940 1237 veiint.

253 1261 315 1327 Nes
339 1265 411 1327 satis
434 1273 480 1326 est
501 1266 581 1326 inter
604 1264 730 1344 glaciem
752 1263 965 1344 Scythicasque
989 1267 1121 1345 sagittas

206 1363 240 1415 ιο
298 1350 424 1415 Visere:
456 1354 483 1414 si
505 1354 564 1414 rita
586 1361 633 1414 est
655 1354 759 1414 mortis
782 1351 917 1413 habenda
938 1371 1054 1431 genus.

253 1440 314 1503 Nos
337 1447 453 1521 premat
476 1450 528 1502 aut
550 1438 629 1502 belin
651 1440 761 1521 telius,
785 1449 838 1503 aut
858 1441 971 1520 ingere
994 1442 1134 1524 eaelum,

297 1528 440 1609 Turaque
463 1527 553 1591 Getes
575 1530 688 1609 armis,
711 1528 855 1607 grandine
877 1537 989 1609 pungat
1013 1529 1135 1594 hiems:

254 1617 315 1680 Nos
338 1615 445 1679 habeat
467 1619 550 1697 regio
573 1634 629 1678 nec
652 1634 740 1697 pomo
763 1617 823 1679 ieta
845 1634 902 1679 nee
925 1620 1008 1694 uris,

299 1705 338 1768 Et
360 1707 446 1768 euius
468 1704 584 1768 nulium
606 1713 706 1767 resset
728 1705 764 1766 ab
787 1706 874 1767 haste
894 1705 990 1767 latus.

207 1806 240 1857 15
255 1793 360 1857 Cetera
384 1795 424 1856 sit
446 1812 549 1875 sospes
572 1792 723 1856 ruiturum
746 1793 994 1875 turbaturum,

298 1881 332 1944 ln
356 1882 465 1961 quihus
477 1929 487 1963 ,
511 1892 545 1946 ut
566 1881 700 1963 populo,
722 1899 792 1961 pars
815 1899 870 1960 ege
893 1899 982 1962 parva
1004 1882 1069 1945 ini.

254 1970 301 2033 Me
324 1971 489 2051 misarum,
513 1972 595 2033 situ
618 1969 719 2032 verbis
742 1970 901 2031 offenderis
923 1972 1007 2051 istis,

299 2057 419 2140 Nosque
443 2076 533 2140 negas
555 2058 614 2121 ulia
637 2067 721 2138 parte
744 2060 837 2119 iuisse
859 2057 945 2120 iussi

256 2145 362 2228 [idque
385 2149 426 2209 sit
448 2155 630 2228 utrorum,
653 2148 778 2209 mentitu
800 2147 956 2226 ignoscere
979 2146 1095 2210 debes.

207 2247 241 2299 20
300 2233 348 2297 Nii
371 2236 463 2297 demit
485 2235 565 2298 laudi
587 2235 681 2315 gioria
703 2243 805 2298 nostra
828 2242 914 2297 tuae.

255 2322 329 2397 Quis
352 2341 385 2386 se
408 2322 585 2386 Caesaribus
607 2332 697 2386 nnius
719 2341 779 2385 non
803 2323 888 2403 tingit
910 2319 1066 2386 amicum?

300 2411 342 2475 Da
366 2414 480 2474 reniam
503 2412 604 2491 sasso,
626 2419 660 2474 tu
684 2411 757 2473 mihi
779 2409 887 2473 Caesar
910 2410 1008 2490 eras]

256 2500 318 2564 Nee
341 2508 440 2564 tamen
462 2503 625 2582 inrumpo,
648 2518 707 2580 qun
730 2516 790 2562 non
813 2499 973 2562 licetine:
1002 2502 1144 2583 satisque

807 2596 870 2668 esi,
1143 2606 1188 2657 tas)

300 2676 381 2739 Atria
405 2680 432 2740 si
453 2677 540 2739 nobis
563 2695 624 2739 non
646 2679 777 2756 patuisse
801 2694 908 2756 negas.

208 2778 242 2829 ss
257 2764 354 2846 thue
378 2765 433 2828 tihi
456 2766 548 2827 inerit
569 2783 688 2828 meeum
711 2764 785 2826 nihii
809 2764 934 2845 amplius
946 2811 955 2845 ,
978 2782 1039 2827 uno

300 2852 414 2935 Nempe
438 2854 574 2916 salutaris
586 2902 597 2936 ‚
620 2870 709 2934 quam
730 2856 838 2935 prius,
862 2871 913 2915 ore
936 2855 1053 2935 miuus,

256 2941 318 3006 Nee
340 2952 412 3006 tuus
435 2950 481 3004 est
503 2943 621 3022 genitor
643 2960 698 3003 nos
720 2943 863 3004 infitiatus
886 2943 1014 3024 amieos,
1074 2941 1080 2944 ’

301 3030 441 3094 Hortatur
464 3031 556 3094 studii
578 3048 726 3111 causaque
749 3032 857 3112 iaxque
879 3033 956 3092 urei:

257 3119 313 3184 Cui
335 3137 390 3183 nes
413 3128 444 3180 et
466 3119 624 3201 lacrimas,
647 3137 820 3199 supremum
843 3121 875 3180 in
897 3120 1003 3180 iuuere
1025 3135 1142 3185 munus
1154 3170 1164 3202 ,

209 3221 244 3271 su
302 3208 341 3270 Et
364 3207 499 3271 dedimus
522 3209 620 3269 medin
644 3211 754 3288 scripta
777 3207 908 3270 canenda
931 3209 1010 3267 foro.

257 3297 339 3359 Adde
363 3296 443 3378 quod
466 3298 649 3377 estimem,
672 3304 753 3358 tanto
777 3296 832 3358 tibi
854 3299 974 3358 iunctus
997 3311 1121 3379 amere,

303 3385 438 3458 Quantus
460 3388 491 3447 in
515 3385 627 3447 Atridis
649 3384 885 3466 Tyndaridisque
908 3384 983 3446 init:

257 3472 286 3533 ls
309 3491 356 3534 me
380 3491 436 3534 nee
459 3476 597 3535 comitem
620 3492 677 3540 nec
699 3473 875 3552 dedignatus
898 3475 1024 3534 amisum
1048 3482 1115 3536 est:

303 3559 335 3619 Si
358 3567 456 3619 tamen
479 3561 552 3621 haee
574 3560 618 3621 iili
641 3579 700 3622 non
723 3564 860 3623 nocitura
882 3569 986 3641 putas.
