2467 4042
445 231 494 282 111.
514 242 535 281 v
549 233 654 283 tlt—vs
668 232 710 282 44.
1022 224 1083 289 181

207 390 252 453 Ex
276 411 345 473 me,
369 394 394 453 si
418 395 539 472 nescis,
562 394 673 453 certior
697 410 763 454 esse
786 400 890 473 potes.

162 479 239 543 Huic
264 499 337 560 ego,
360 498 448 561 quam
470 483 587 561 patior,
610 481 653 541 nil
676 499 795 584 possem
814 481 933 542 demere
956 498 1085 584 poenae,

117 582 150 630 10
210 568 242 630 Si
265 569 354 630 index
378 570 478 631 meriti
500 586 625 648 cogerer
649 587 714 630 esse
738 571 814 630 mei

163 656 229 717 Non
252 665 331 718 vetut
353 656 404 718 ille
427 659 475 719 sui
498 675 677 737 quemquam
699 659 870 719 meminisse
893 657 1010 738 sodalis,

208 744 269 806 Nec
291 745 432 825 prohihet
453 745 508 806 tibi
530 764 578 807 me
602 744 757 825 scribere,
780 755 870 825 teque
894 745 982 807 mihi.

163 831 226 894 Nec
249 833 347 895 scelus
370 835 529 915 admittas,
553 836 578 894 si
601 833 764 895 consoleris
788 836 932 915 amicum,

208 920 346 983 Mollibus
369 931 400 983 et
421 922 521 983 verbis
544 940 650 1003 aspera
673 922 731 984 lata
753 922 850 983 leves.

116 1021 149 1070 15
164 1010 225 1071 Cur
237 1056 247 1091 ,
270 1010 342 1072 dum
366 1020 429 1072 tuta
451 1014 561 1091 times,
585 1011 658 1071 lacis
680 1019 716 1071 ut
738 1011 904 1071 reverentia
931 1009 997 1072 talis

207 1098 273 1159 Fiat
294 1101 325 1158 iu
347 1100 498 1178 Augustos
520 1098 665 1160 invidiosa
688 1096 790 1159 deos?

162 1186 307 1248 Fulminis
332 1186 454 1248 adllatos
476 1187 629 1249 interdum
651 1189 750 1248 vivere
773 1186 841 1248 telis

206 1274 341 1336 Vidimus
364 1284 395 1337 et
417 1276 523 1356 retici,
545 1293 606 1337 non
629 1274 806 1355 prohibente
830 1274 915 1350 love.

163 1361 248 1443 Nec,
271 1365 340 1441 quia
362 1362 520 1442 Neptunus
542 1381 648 1425 navem
670 1363 815 1425 lacerarat
837 1363 948 1444 Ulixis,

117 1461 150 1512 20
209 1448 379 1512 Leucothea
402 1453 485 1511 nauti
507 1452 598 1512 terre
611 1454 729 1530 negavit
751 1468 855 1530 opem.

164 1537 259 1599 Crede
281 1537 376 1619 mihi,
399 1540 518 1599 miseris
541 1538 679 1600 caelestia
702 1540 823 1600 numina
846 1546 989 1618 parcunt,

208 1625 271 1687 Neo
293 1644 412 1706 semper
434 1627 531 1687 laesos
554 1636 585 1688 et
607 1629 671 1688 sine
694 1628 753 1688 fine
777 1634 933 1707 premunt.

164 1714 304 1793 Principe
327 1734 383 1777 uec
406 1724 509 1776 nostro
532 1714 607 1776 deus
631 1725 678 1777 est
700 1715 881 1776 moderatior
905 1714 999 1776 ullus:

209 1801 325 1864 lustitia
347 1807 427 1865 vires
451 1811 597 1884 temperat
618 1804 668 1865 ille
692 1822 777 1865 suas.

116 1901 150 1951 25
165 1889 267 1969 Nuper
291 1909 355 1953 eam
379 1891 486 1953 Caesar
508 1894 586 1953 lacto
610 1891 646 1954 de
670 1910 818 1954 marmore
841 1891 970 1973 templo,

209 1978 386 2059 lampridem
408 1983 509 2060 posuit
532 1983 640 2042 mentis
662 1984 694 2043 in
718 1981 789 2042 aede
813 1998 901 2042 suae.

165 2066 299 2147 luppiter
321 2071 353 2129 in
375 2069 486 2130 multos
509 2071 667 2132 temeraria
690 2068 813 2130 fulmina
836 2077 974 2148 torquet,
1042 2079 1085 2132 (⁹⁸)

211 2154 268 2225 Qui
291 2174 418 2236 poenam
441 2157 527 2238 culpa
550 2161 618 2219 non
633 2174 771 2219 meruere
794 2160 872 2237 pati.

166 2242 310 2305 Obruerit
332 2264 400 2307 cum
423 2254 469 2306 tot
492 2248 586 2307 saeris
609 2246 684 2307 deus
707 2249 845 2325 aequoris
869 2246 974 2327 undis,

117 2344 152 2393 30
210 2332 254 2392 Ex
277 2332 335 2394 illis
358 2336 453 2413 mergi
475 2352 545 2414 pars
568 2344 658 2413 quota
682 2335 770 2412 digna
792 2330 875 2395 fuit?

166 2419 241 2482 Cum
264 2432 388 2501 pereant
411 2425 474 2483 acie
497 2424 658 2485 fortissima
682 2440 840 2503 quaeque,
863 2421 909 2482 vel
931 2423 996 2503 ipso

210 2507 311 2570 Iudice
334 2509 467 2571 delectus
490 2510 592 2572 Martis
615 2514 737 2590 iniquus
760 2513 835 2572 erit.

165 2597 203 2658 At
226 2600 251 2659 si
274 2598 351 2659 sorte
373 2598 446 2660 velis
469 2601 501 2659 in
524 2617 579 2660 nos
601 2601 778 2680 inquirere,
801 2617 888 2660 nemo
912 2607 976 2678 est,

211 2684 269 2757 Qui
292 2704 347 2768 se,
371 2687 450 2767 quod
473 2689 607 2769 patitur,
631 2690 842 2750 commeruisse
867 2694 975 2768 neget.

117 2785 151 2836 35
164 2772 271 2854 Adde,
294 2776 374 2854 quod
397 2778 545 2838 extinctos
568 2776 614 2837 vel
637 2795 735 2858 aqua,
753 2777 800 2837 vel
817 2776 933 2856 Marte,
956 2774 1002 2836 vel
1025 2776 1086 2855 igni

209 2863 294 2925 Nulla
316 2871 417 2945 potest
438 2867 548 2927 iterum
570 2868 739 2927 restituisse
763 2865 843 2926 dies.

165 2950 308 3013 Restituit
331 2952 462 3035 multos,
485 2961 536 3015 aut
559 2972 673 3034 poenae
695 2962 781 3034 parte
804 2954 910 3015 levavit

211 3038 340 3101 Caesar.
381 3049 412 3102 et
434 3042 466 3101 in
489 3041 591 3115 multis
613 3060 684 3123 me,
707 3059 837 3122 precor,
861 3057 926 3100 esse
950 3037 1036 3100 velitl

165 3127 204 3189 At
226 3136 282 3207 tu,
305 3144 373 3188 cum
395 3128 447 3188 tali
469 3128 597 3208 populus
621 3128 677 3189 sub
700 3131 835 3208 principe
860 3129 971 3208 simus,

117 3226 152 3276 40
210 3214 355 3295 Adloquio
377 3216 497 3295 profugi
520 3215 618 3277 credis
640 3218 739 3277 inesse
762 3212 901 3276 metum?

165 3302 303 3365 Forsitan
325 3302 399 3364 haec
421 3303 541 3365 domiuo
564 3303 702 3365 Busiride
725 3306 791 3365 iure
815 3306 954 3384 timeres,

210 3393 269 3453 dut
291 3390 379 3453 solito
402 3391 518 3453 clausos
542 3410 631 3455 urere
654 3395 685 3454 in
709 3409 776 3453 aere
800 3394 897 3453 viros.

166 3480 274 3542 Desine
296 3483 399 3542 mitem
422 3483 553 3543 animum
577 3499 651 3543 vano
673 3481 816 3542 infamare
838 3482 962 3543 timore.

211 3568 302 3631 Saevo
327 3570 398 3650 quid
421 3572 452 3631 ln
475 3569 599 3650 placidis
623 3588 691 3632 sara
715 3572 828 3632 vereris
851 3566 962 3650 aquis?
