2467 4042
464 235 663 301 nol-372.
1016 238 1079 304 280

50 400 115 456 335
125 391 269 453 Barbara
284 404 428 449 sermone
442 395 510 448 estl
531 389 580 449 lae
593 394 693 450 tecum
709 389 802 451 multa
816 390 968 465 loquatur.

171 475 243 536 Non
260 472 367 533 didicit
382 473 515 532 chordas
529 479 676 548 tangeret
698 488 794 549 posce
811 474 919 552 lyram.

127 559 245 620 Durius
260 557 397 618 incedit?
418 556 467 616 lac
481 556 656 617 inambulet
693 555 789 618 Omne
804 558 936 633 papillae

171 642 286 701 Pectus
302 639 416 700 hubent
429 640 585 700 tumidael
606 641 704 701 fascia
717 642 800 700 nulla
813 647 905 716 tegat
981 655 984 662 ’

128 725 163 787 si
178 725 262 784 male
276 724 402 784 denmta
415 731 479 798 est,
501 740 605 798 nura,
629 725 713 799 quod
726 724 841 799 rideat,
862 726 914 785 illi.

55 818 118 874 340
170 808 319 868 Mollibus
333 815 382 867 est
396 808 517 867 oeulis?
539 807 622 883 quod
638 806 711 867 fleat
725 807 790 876 illa,
809 808 899 868 refer.

120 893 271 954 Proderit
286 898 316 952 et
330 891 448 964 subito,
472 907 541 951 cum
555 908 591 951 se
606 907 669 950 non
683 892 805 952 finxerit
818 893 881 966 ulli,

170 978 224 1036 Ad
238 976 396 1039 dominam
411 976 528 1035 celeres
542 991 632 1034 mane
645 974 754 1035 tulisse
768 976 893 1052 gradus.

128 1061 307 1121 Auferimur
322 1061 414 1120 cultu.
436 1059 564 1134 gemmis
580 1075 719 1134 auroque
733 1065 874 1134 teguntur

172 1145 292 1205 Omnia.
316 1160 389 1220 pars
403 1143 528 1203 minima
541 1150 589 1204 est
602 1144 673 1218 ipsa
689 1144 791 1219 puella
805 1144 863 1204 sui.

55 1238 116 1307 sto
128 1228 233 1304 Saepe
247 1226 301 1288 ubi
317 1226 370 1301 sit,
394 1227 480 1302 quod
494 1242 595 1301 ames,
617 1228 770 1287 intertum
785 1228 877 1288 multa
890 1226 1039 1303 requires.

171 1313 294 1388 Decipit
308 1311 369 1371 hac
385 1312 492 1372 oculos
507 1311 617 1386 aegide
632 1312 720 1371 dives
735 1312 840 1371 Amor.

127 1398 324 1473 improvisus
339 1396 431 1468 ades,
455 1395 630 1470 deprendes
645 1400 727 1456 tutus
743 1394 902 1455 inermem=

170 1480 281 1540 Infelix
296 1478 378 1539 vitiis
394 1479 517 1539 excidet
530 1480 580 1539 illa
595 1479 671 1540 suis.

127 1566 196 1625 Nou
214 1572 314 1624 tamen
328 1564 400 1623 huic
414 1561 539 1622 nimium
554 1569 720 1639 praecepto
737 1563 863 1624 credere
877 1569 971 1624 tutum
987 1570 1047 1623 esta

55 1659 118 1713 35⁰
168 1648 260 1708 Fallit
273 1647 354 1707 enim
370 1648 479 1707 multas
495 1647 593 1707 forma
607 1648 675 1707 sine
690 1653 754 1707 arte
769 1647 894 1708 decens.

126 1735 205 1794 Tum
220 1746 362 1807 quoque,
386 1746 456 1791 cum
471 1730 581 1806 positis
596 1747 653 1790 sua
667 1732 790 1792 collinet
804 1748 859 1792 ora
873 1731 1011 1804 venenis,

169 1816 222 1875 Ad
238 1816 382 1875 dominae
396 1816 531 1875 vultus...
547 1830 605 1875 nec
621 1815 722 1890 pudor
736 1816 870 1876 obstet..
887 1831 950 1875 eas.

125 1900 267 1978 Pyxidas
282 1899 421 1958 invenies
437 1905 468 1959 et
481 1913 581 1957 rerum
596 1900 677 1959 mille
694 1900 825 1974 colores,

169 1984 208 2043 Et
222 1982 321 2043 fluere
335 1983 365 2041 in
380 1983 503 2059 tepidos
519 1999 637 2060 oesypa
655 1984 743 2058 lapsa
757 1981 855 2044 sinus.

56 2068 182 2133 sooltta
196 2075 266 2127 tuas
282 2067 437 2140 redolent,
460 2066 591 2140 Phineu,
611 2067 814 2128 medicamina
828 2083 966 2127 mensas:

170 2152 238 2212 Non
254 2152 349 2211 semel
365 2150 437 2211 hine
451 2152 611 2212 stomacho
627 2167 743 2212 nausea
759 2153 839 2212 lacta
852 2168 931 2211 meo.

125 2236 215 2296 Nunc
228 2234 281 2295 tibi
298 2250 379 2311 quae
393 2234 494 2295 medio
512 2235 632 2295 veneris
649 2242 840 2311 praestemus
856 2235 886 2295 iu
903 2252 972 2310 usu,

170 2320 315 2394 Eloquar.
339 2333 378 2377 ex
393 2320 474 2378 omni
489 2327 537 2380 est
552 2326 638 2394 parte
655 2319 808 2395 lugendus
822 2336 918 2380 amor.

124 2405 223 2465 Mtdta
239 2402 363 2478 quidem
378 2418 418 2462 ex
432 2403 491 2463 illis
508 2404 611 2479 pudor
626 2411 673 2464 est
687 2403 760 2463 mihi
775 2404 886 2465 dicere.
909 2402 965 2463 sed
979 2409 1010 2464 tu

57 2498 114 2553 36⁰
169 2487 296 2563 Ingenio
312 2487 416 2547 verbis
432 2488 561 2564 concipe
575 2490 665 2563 plura
680 2488 767 2547 meis.

124 2572 233 2647 Nuper
246 2569 327 2631 enim
343 2579 466 2632 nostros
483 2572 606 2647 quidam
623 2586 768 2647 carpsere
785 2570 914 2633 libellos.

170 2655 306 2731 Quorum
323 2671 452 2715 censura
465 2655 555 2715 Musa
571 2662 717 2731 proterva
731 2671 800 2715 mea
813 2662 869 2716 est.

122 2739 300 2800 Dummodo
315 2739 361 2800 sic
377 2740 529 2815 placeam,
553 2740 626 2800 dum
642 2747 705 2800 toto
721 2746 825 2800 canter
840 2739 871 2798 in
888 2739 970 2811 orbe,

169 2822 257 2898 Quod
275 2823 372 2897 dolet,
395 2824 563 2899 inpugnent
575 2840 655 2884 unus
671 2829 701 2883 et
718 2825 795 2885 alter
809 2838 898 2898 opus.

58 2917 111 2973 ³65
121 2907 282 2983 Ingenium
297 2907 400 2983 magni
414 2908 493 2967 livor
509 2909 658 2969 detractat
669 2907 808 2969 Homeris

168 2990 315 3066 Quisquis
331 3007 381 3065 es,
404 3007 443 3052 ex
457 2992 525 3064 illo,
547 2991 645 3066 Zode,
669 3007 779 3051 nomen
798 2989 905 3050 habes.

123 3076 161 3136 Et
174 3081 227 3135 tua
241 3076 412 3151 sacrilegae
426 3077 577 3136 laniarunt
592 3076 726 3136 earmina
741 3076 871 3149 linguae,

166 3159 293 3219 Pertulit
306 3159 367 3219 huc
384 3158 481 3221 victos
497 3177 558 3235 quo
575 3161 655 3219 duce
667 3158 759 3220 Troia
773 3159 861 3218 deos.

124 3242 252 3304 Summa
268 3243 342 3318 petit
355 3243 444 3303 livor.
467 3242 600 3320 perflant
615 3243 762 3304 altissima
776 3243 873 3302 venti·

59 3336 113 3393 ilo
167 3326 294 3389 Summa
307 3334 416 3404 petunt
429 3329 537 3389 dextra
553 3328 680 3389 fulmina
693 3327 789 3386 missa
803 3325 896 3385 lovis.

123 3415 165 3474 At
180 3419 227 3488 tu,
251 3411 437 3488 qulcumque
451 3427 501 3485 es,
526 3429 617 3488 quem
632 3418 738 3472 nostra
751 3408 873 3469 lieentia
886 3410 988 3483 laeda,

167 3494 201 3557 Si
217 3496 320 3572 sapis,
344 3496 384 3557 ad
402 3512 546 3557 numeros
561 3497 651 3571 exige
668 3494 803 3572 quidque
819 3509 903 3553 suos.
975 3544 978 3550 .
