2467 4042
1062 195 1115 248 Vll

108 361 177 420 olim
200 362 232 420 in
254 359 298 421 ed.
318 359 432 419 Teubn.
453 378 482 434 p.
502 373 538 419 lx
557 377 574 418 a
592 357 690 419 Fastis
714 360 841 434 enotavi,
864 363 918 419 aut
936 360 1015 436 quod
1034 360 1115 420 Korn

107 448 179 507 mihi
206 448 345 524 opposuit
371 459 483 524 p.x11.
537 465 642 506 versus
671 449 724 507 aut
747 446 874 507 disticha
896 448 927 505 in
950 448 1114 508 Petaviano

106 536 304 613 suspicionem
334 538 544 611 praeterquam
572 535 669 595 obiter
697 535 874 611 quibusdam
901 536 1029 596 movisse
1056 555 1116 596 non

106 624 233 698 invenio,
252 623 576 683 omittitade011203
593 625 665 683 204.
721 624 758 682 de
772 623 995 702 Hamburgensi
1013 627 1114 684 autem
1182 700 1183 703 Ἴ

107 713 261 773 verissime
284 714 387 772 contra
408 728 457 770 me
479 710 562 770 Korn
585 707 670 771 dixit.

196 800 272 860 Sunt
289 801 321 858 in
339 801 403 876 hoc,
422 799 493 859 suut
509 799 539 857 in
554 798 648 858 Ibidis
667 802 698 859 et
712 799 872 859 Fastorum
884 800 971 859 libris
985 800 1113 877 egregiis

105 888 187 947 haud
209 887 283 948 adeo
306 905 410 964 pauca,
433 905 510 964 quae
527 888 617 963 paulo
637 887 849 965 antiquiorum,
872 888 898 947 si
917 892 1115 964 superessent,

104 976 282 1035 auctoritate
297 976 428 1052 expungi
446 975 580 1050 potuisse
594 976 645 1035 vix
662 976 829 1052 negaveris,
852 994 919 1036 oum
937 977 1113 1037 confluxisse

104 1082 213 1125 novem
236 1065 423 1123 sacculorum
445 1065 572 1123 decursu
594 1064 626 1121 in
644 1063 751 1123 decimi
768 1065 861 1124 libros
880 1083 973 1142 aeque
993 1083 1113 1125 consen-

105 1154 228 1211 taneum
255 1152 307 1227 sit,
335 1170 370 1211 ac
396 1152 557 1212 verborum
579 1151 824 1227 interpolationes
851 1153 1013 1229 undecimi,
1042 1153 1114 1213 duo-

106 1238 211 1299 decimi
226 1239 380 1315 coaluisse,
400 1239 479 1315 quod
493 1257 581 1315 saepe
594 1240 706 1315 videas,
724 1258 791 1300 cum
805 1241 1017 1301 recentissimis
1031 1241 1116 1301 tertii

105 1327 154 1387 vel
177 1328 278 1404 quarti
299 1327 415 1388 decimi.
468 1345 522 1386 nec
541 1328 669 1387 multum
692 1328 798 1404 refert,
822 1329 927 1406 gravia
945 1348 984 1388 an
1001 1329 1116 1391 leviora

105 1415 137 1474 in
158 1415 269 1475 talibus
293 1416 458 1491 culpemus,
486 1434 553 1475 cum
575 1415 697 1492 perinde
720 1416 863 1476 miserum
886 1417 939 1492 sit,
970 1418 1115 1492 pessimos

105 1506 159 1563 aut
185 1502 346 1563 mediocres
373 1520 478 1563 versus
500 1504 532 1562 in
554 1506 644 1579 poeta
666 1503 794 1580 relinqui
817 1505 880 1565 sola
902 1504 1026 1564 testium
1048 1505 1115 1564 red·

105 1591 296 1668 arguentium
309 1591 441 1667 penuria.
492 1594 633 1667 poterant
645 1590 796 1651 interdum
804 1593 878 1652 adeo
886 1592 1002 1652 utiliter
1016 1610 1116 1652 aman-

106 1680 180 1757 dari,
204 1698 279 1758 quae
302 1680 479 1755 placuerunt
502 1683 556 1738 aut
578 1679 675 1739 adhuc
696 1681 823 1755 placent.

195 1767 256 1827 Diu
279 1769 326 1827 est
348 1786 384 1828 ex
406 1786 465 1843 quo
488 1767 526 1826 ds
548 1768 604 1827 hoc
622 1786 732 1845 genera
750 1768 821 1827 data
840 1786 930 1844 opera
949 1767 1115 1844 dispectum

104 1874 164 1916 non
182 1859 236 1917 est.
289 1855 355 1916 Nic.
373 1855 523 1932 Heinsius,
541 1856 713 1916 venerabile
731 1874 848 1932 nomen,
866 1860 970 1916 notare
990 1857 1114 1933 solebat,

42 2016 44 2021 Ι
105 1943 247 2020 quidquid
274 1944 403 2004 colorem
426 1943 616 2020 Ouidianum,
645 1944 724 2021 quod
750 1945 862 2020 aiebat,
890 1963 951 2004 non
976 1945 1115 2021 haberet3

105 2034 158 2092 sed
181 2032 217 2092 de
240 2051 274 2092 eo
298 2033 396 2092 colore
418 2032 570 2092 remissius
594 2034 684 2107 paulo
707 2036 739 2091 et
756 2032 930 2093 clementius
954 2034 1115 2108 statuebat,
1173 2018 1182 2035 ’

105 2121 280 2198 argutiolas,
299 2120 495 2197 calamistros,
513 2120 628 2179 ludicra
644 2120 849 2196 insipientium
866 2121 1116 2196 interpolatorum

104 2208 377 2268 interdumoontra
393 2208 490 2284 ipsam
504 2209 649 2268 bonorum
662 2209 808 2268 librorum
821 2209 910 2267 fidem
923 2209 1114 2269 admittebat:

106 2298 141 2355 ut
164 2296 274 2356 mirum
295 2314 357 2356 nou
379 2296 427 2372 sit,
451 2297 477 2355 si
500 2314 575 2373 quae
598 2298 636 2356 ab
656 2297 786 2372 antiquis
805 2296 950 2372 deposta
969 2297 1115 2356 auaritia

106 2387 225 2444 amante
253 2384 385 2461 graviter
409 2387 440 2444 et
463 2385 590 2445 scienter
613 2386 777 2451 observata¹
795 2388 877 2461 sunt,
904 2384 1116 2444 recrudescunt

1 2552 2 2555 Ἴ
106 2472 193 2531 hodie
219 2472 319 2549 inique
352 2473 383 2530 et
409 2476 557 2547 proterve.
611 2473 766 2533 Bentleius
798 2472 946 2532 modicum
972 2492 1115 2533 versuum

105 2578 274 2636 numerum,
303 2559 461 2619 admodum
490 2579 613 2638 ccxxx,
630 2561 819 2638 proscripsit,
847 2579 951 2621 causas
979 2580 1039 2621 non
1066 2580 1115 2621 ex·

104 2649 212 2724 posuit.
265 2648 337 2708 fecit
373 2648 429 2708 hoo
459 2650 569 2725 ubique
601 2650 644 2711 Io.
677 2649 871 2725 Schraderus,
909 2650 1053 2710 sermonis
1085 2653 1116 2710 et

106 2737 322 2797 sententiarum
345 2738 568 2798 convenientiae
585 2738 749 2816 castigator
768 2738 983 2814 exactissimus,
1005 2739 1053 2798 vir
1070 2739 1114 2796 in·

105 2827 254 2903 geniosus,
273 2826 303 2884 in
321 2825 586 2886 Emendationibus
605 2831 638 2886 et
655 2827 770 2887 schedis
788 2826 922 2886 ineditis:
946 2827 999 2886 sed
1016 2826 1114 2885 nescio

106 2932 163 2990 quo
186 2915 250 2972 fato
273 2931 362 2989 quam
390 2914 513 2989 meruit,
542 2913 630 2973 laude
654 2914 810 2974 fraudatus
834 2918 892 2989 est,
920 2913 994 2974 adeo
1021 2916 1056 2973 ut
1079 2913 1115 2972 de

107 3000 256 3059 Tristibus
280 3003 311 3059 et
324 3001 409 3060 Ibide
428 3019 504 3077 quae
521 3001 687 3076 publicavit
704 3003 753 3062 vel
772 3001 867 3077 hodie,
890 3005 973 3077 puto,
995 3001 1116 3076 insuper

105 3087 280 3147 habeantur.
334 3089 403 3163 post
429 3088 520 3164 hunc,
548 3089 599 3163 qui
628 3089 702 3149 obiit
729 3091 800 3148 ante
826 3090 907 3165 ipsos
930 3106 1024 3148 annos
1046 3106 1113 3148 ceu·

105 3179 185 3251 tum,
213 3179 245 3236 et
269 3174 478 3251 paucissimos,
507 3175 559 3251 qui
585 3177 715 3253 vestigia
741 3178 928 3251 presserunt,
957 3175 1051 3235 omnis
1080 3194 1115 3235 ea

74 3306 78 3313 -
106 3263 240 3340 quaestio
263 3263 409 3341 elanguit,
433 3262 524 3323 donec
546 3264 705 3324 novissime
729 3264 916 3340 aliquantum
938 3264 1115 3324 resuscitata

105 3354 165 3428 est,
193 3351 282 3428 idque
308 3350 454 3412 bifariam.
510 3370 621 3413 oum-e
649 3353 794 3412 librorum
826 3352 1006 3428 optimorum
1036 3370 1115 3428 penu

105 3459 165 3500 non
186 3440 271 3499 nulla
292 3443 398 3516 poetae
416 3440 589 3501 nervosiora
607 3443 640 3500 et
658 3440 824 3518 signatiora
842 3441 1018 3516 deprompta
1037 3444 1114 3517 sunt,

105 3529 137 3588 id
159 3547 276 3606 quoque
294 3531 473 3604 temptatum
492 3532 547 3606 est,
571 3533 606 3589 ut
624 3529 804 3607 comparatis
823 3529 902 3589 inter
921 3547 953 3589 se
972 3548 1047 3605 quae
1065 3531 1115 3590 vel
