2467 4042
934 183 1051 240 mm

36 352 209 430 nondictum,
234 352 451 414 confirmatum
473 355 575 431 putes3
602 370 674 413 nem
695 353 898 430 persolutum,
924 354 1051 431 praesti·

36 448 105 519 tum,
129 445 234 502 retum
262 443 385 502 fantum
409 442 501 518 peulo
528 445 599 518 post
625 442 762 503 videmus
790 443 951 504 etr-135
974 443 1052 503 datie

36 531 192 593 mathes
209 530 263 591 hie
283 531 363 607 ipss,
385 530 437 607 qui
459 533 637 604 accesserat,
660 532 786 590 eventus
809 530 948 591 demitur.
985 533 1050 606 pot

36 620 78 678 eet
96 636 131 677 ex
151 619 211 679 hoo
233 636 336 679 versu
360 618 432 679 olim
454 619 616 697 edseripto‚
639 619 686 679 uti
708 617 747 679 ed
770 630 822 679 vn
837 621 900 681 276
924 636 1050 679 nomme·

36 706 148 784 morem,
169 708 261 768 solvit
284 708 349 767 huo
365 708 532 784 irrepsisse.
568 707 698 767 sialiter
717 707 831 767 errevit
854 707 961 784 scribe,
983 712 1050 784 pot·

38 795 78 853 eet
93 794 228 855 edluisse
249 807 363 863 elw'r,
380 798 417 855 ut
434 795 635 873 supplendum
653 796 694 855 sit
713 813 729 854 e
747 795 891 871 proximis
910 796 1049 857 verbum:

39 883 106 961 see,
127 885 266 961 petisset,
301 885 367 945 sire
387 888 510 960 petisse,
539 901 629 961 quem
657 883 818 943 admodum
845 885 910 944 iere
932 896 970 945 VI
985 885 1048 944 269

39 986 144 1043 emeres
160 990 199 1031 ex
217 974 337 1047 superi,
359 985 422 1033 xlv
438 974 501 1033 659
525 990 615 1046 quone
631 990 771 1047 uenenum
789 990 828 1032 ex
844 973 945 1046 qualia
966 990 1051 1033 moe

39 1074 120 1131 osen
225 1056 299 1120 247
324 1061 444 1133 Uenus
466 1072 568 1122 neos.
604 1061 694 1134 lepus
715 1060 756 1136 M,
778 1060 880 1135 Inque,
905 1060 966 1120 elie
988 1061 1049 1121 elii.

42 1146 109 1220 qnod
125 1149 245 1225 scripsi,
271 1148 381 1209 eodem
398 1167 505 1210 versus
527 1149 614 1209 initio
638 1151 685 1208 est
708 1161 732 1208 v
747 1149 809 1208 607
834 1148 954 1208 Heroid.
969 1150 1049 1209 145.

41 1239 275 1307 unce-donee
304 1239 353 1297 est
374 1237 502 1299 Horatii.
614 1231 678 1297 259
703 1248 845 1297 cunnus
868 1248 968 1298 sexo.
1005 1237 1050 1297 ite

43 1320 80 1397 li,
103 1324 179 1399 quod
200 1328 363 1386 mutatum
385 1326 424 1385 eb
446 1325 727 1403 interpolatoribue,
758 1326 829 1401 quie
850 1342 941 1386 versu
964 1344 1050 1401 supe·
1159 1352 1161 1354 ¹

43 1409 109 1470 riore
129 1414 229 1474 relicto
253 1414 404 1490 seriptum
427 1413 569 1475 viderunt
590 1432 646 1489 pro
668 1431 713 1491 eo,
736 1413 816 1490 quod
838 1414 968 1491 restitui,
992 1426 1049 1474 Rs·

46 1508 153 1560 tetro.
186 1503 294 1563 setim
310 1508 402 1577 ponto
423 1502 553 1563 ieiunius
572 1505 621 1564 est
638 1518 796 1578 quempro
810 1504 909 1577 poete
946 1519 1050 1564 saxum

47 1589 168 1648 convenit
195 1602 330 1653 memo
352 1594 438 1651 notro
461 1591 540 1668 quod
562 1593 594 1651 et
615 1591 717 1666 ipsum
738 1609 767 1650 v.
783 1590 845 1650 251
870 1608 907 1650 ex
929 1590 961 1649 Μ
983 1610 1050 1668 pro-

50 1671 117 1734 duxi:
144 1679 285 1754 relepisee
311 1679 393 1756 quod
419 1678 543 1756 dieitur,
569 1680 669 1740 inesse
697 1674 726 1739 si
754 1678 847 1739 verbo
878 1679 1049 1754 putaverim

51 1759 174 1825 eduum
199 1767 357 1843 quoddam
379 1767 555 1829 oeneilietee
581 1785 637 1843 per
657 1765 804 1828 Proteum
826 1767 992 1828 voluntatis
1014 1786 1050 1834 eo

50 1847 97 1909 leti
117 1852 147 1912 in
168 1854 303 1917 Thetide
330 1856 531 1934 reverentieo3
559 1856 626 1932 ipse
647 1855 775 1915 Proteus
803 1856 952 1930 potiorem
974 1854 1050 1916 diri·

54 1938 164 2001 ustionis
181 1946 305 2019 pentem
324 1946 510 2021 supprimere
527 1944 620 2005 visus.
710 1938 1049 2004 recrementum.

12 2085 14 2110 ,
55 2026 204 2092 wnieetnre
217 2036 268 2095 est
280 2034 422 2112 Bentleii,
440 2033 539 2094 endex
556 2033 609 2093 sed
627 2030 824 2091 edmirebilis.
858 2033 930 2091 libri
948 2051 1050 2093 omnes

12 2113 14 2164 l
58 2108 121 2175 Acer
140 2124 208 2181 erat.
250 2123 369 2199 sprevit
394 2140 523 2199 megene
551 2121 673 2181 enitions
695 2138 757 2181 non
778 2120 866 2180 modo
888 2120 1049 2181 locutionis

57 2199 130 2265 hnim
154 2209 337 2272 tenuitatem
363 2212 396 2270 et
421 2228 528 2272 versus
555 2209 759 2271 enteoedentie
788 2208 974 2286 berberiem,
997 2210 1049 2270 sed

61 2288 136 2351 vtem
153 2300 309 2375 perspexit
337 2317 415 2359 nexu
437 2299 521 2359 nullo
543 2316 619 2376 opus
642 2315 709 2359 esse
731 2298 811 2358 inter
833 2298 896 2357 292
921 2299 954 2357 et
977 2299 1050 2358 294.

12 2411 14 2476 4
60 2373 257 2447 inmorendnm
284 2388 314 2448 ei
345 2387 535 2464 cogitationi,
565 2387 694 2448 frstrm
718 2385 751 2446 iu
777 2384 919 2461 eoeipitre
945 2384 1050 2464 letone,

13 2483 14 2486 ’
61 2479 111 2526 lue
127 2474 188 2533 eret
209 2473 315 2554 Ceyoi:
338 2479 497 2537 eversatur
517 2476 593 2535 telle
614 2474 774 2535 humanior
800 2491 914 2534 sensus.
958 2474 1050 2535 inter-

63 2553 201 2639 emtores,
221 2565 333 2627 vinae
353 2564 460 2625 uetera
476 2564 531 2625 rue
547 2563 660 2624 mum
677 2561 831 2639 admoniti,
854 2562 999 2639 quidquid
1012 2564 1051 2624 su

64 2644 164 2717 neptum
183 2653 342 2731 vulgarem
367 2653 400 2713 et
426 2653 554 2713 eliorum
579 2653 727 2729 lotorum,
749 2651 786 2710 ut
806 2663 830 2708 v
846 2652 923 2727 298,
946 2650 1050 2711 simili·

67 2727 178 2796 tudinem
198 2740 311 2819 deeret,
333 2741 392 2802 etsi
413 2759 451 2802 ne
472 2741 602 2801 berbere
616 2740 737 2817 quidem
759 2738 984 2817 suppleverunt
1006 2740 1050 2799 in-

67 2828 190 2885 venerunt
209 2830 312 2891 temen
333 2829 497 2892 novissime
514 2829 627 2890 mentis,
643 2846 716 2889 sues
733 2828 924 2904 interpretes.
960 2827 1051 2889 etiem

71 2900 165 2972 Heinsii
180 2917 289 2978 subtile
307 2919 367 2978 fuit
383 2917 527 2980 iuditium
543 2918 576 2977 in
595 2915 797 2978 confodiendis
820 2933 868 2978 vv.
883 2918 947 2977 299
972 2919 1050 2976 30οε

70 2987 133 3056 btlh
144 3008 414 3085 commemorentur,
437 3025 496 3084 qno
509 3006 622 3067 rectius
636 3006 835 3082 intelligetur,
858 3022 911 3063 our
924 3022 1051 3081 peregre

74 3079 167 3148 ebsenti
186 3096 294 3156 solerie
315 3096 476 3154 mittentur
497 3115 526 3157 n.
541 3097 615 3156 329.
718 3088 783 3154 319
806 3103 1051 3154 PROGENITORE

12 3225 14 3260 ,
73 3176 207 3241 ⁰01ls'l1.
241 3185 353 3245 retinui
378 3202 477 3244 meam
499 3183 727 3261 correctionem,
759 3182 830 3259 quie
856 3184 967 3242 monti
993 3182 1051 3241 ME

75 3257 253 3332 enehorum
274 3272 391 3333 Heinsii
418 3290 453 3333 eo
476 3272 572 3350 droit;
598 3290 629 3333 m
651 3273 684 3334 et
704 3289 726 3331 n
752 3271 858 3333 eodem
885 3270 997 3332 sieilioo
1020 3271 1051 3330 in

75 3341 552 3439 Meepiesimeindieenn,x163
576 3361 641 3421 448
667 3363 730 3420 sor
756 3361 819 3442 ere
852 3361 961 3420 xuee
987 3361 1049 3419 163

76 3431 137 3515 2⁸43
157 3448 219 3521 quie
239 3451 307 3526 ipse
329 3451 427 3536 nitere
449 3450 599 3526 scripture
620 3451 734 3527 nitenti,
762 3438 944 3525 quemdum
966 3465 1051 3508 mere

77 3518 157 3594 tlosse
178 3553 231 3598 non
256 3538 390 3617 videtur,
417 3538 456 3598 ed
479 3556 600 3603 sensum
623 3538 704 3598 eerte
727 3537 876 3599 ooliineet.
920 3535 1052 3596 Lnoiferi

102 3623 201 3686 ⁰*1121n
825 3652 840 3691 e
