2467 4042
324 250 436 313 [86
1039 250 1319 310 ARTIS
1363 251 1636 312 ΑΜΑΤ.

480 404 620 464 Vim
655 418 842 478 passa
873 411 971 464 est
995 401 1262 462 Phoebe.
1308 403 1407 463 vis
1438 411 1535 464 est
1562 405 1743 464 allata
1776 405 2001 463 sorori·

356 499 460 552 680
563 488 639 547 Et
666 493 875 560 gratus
905 494 1118 561 raptae
1148 493 1358 562 raptor
1387 496 1644 563 uterque
1674 490 1799 549 fuit.

479 572 706 632 Fabula
735 578 880 630 nota
911 572 1186 646 quidem,
1234 572 1345 632 sed
1381 588 1501 631 non
1533 573 1781 648 indigna
1809 573 2043 647 referri,

567 654 820 733 Scyrias
850 654 1187 715 Haemonio
1223 655 1429 716 iuncta
1457 658 1663 732 puella
1694 659 1842 715 viro.

484 742 606 799 Iam
639 741 755 800 dea
787 740 1068 800 laudatae
1099 740 1353 799 dederat
1381 756 1495 800 sua
1528 741 1797 815 praemia
1829 743 2061 802 formae

569 824 736 884 Colle
767 824 881 883 sub
912 825 1097 885 ldaeo
1128 826 1376 883 vincere
1406 824 1592 900 digna
1625 827 1809 885 duas=

355 919 456 974 685
482 910 603 968 Iam
634 924 821 967 nurus
853 908 932 979 ad
960 907 1259 967 Priamum
1291 908 1537 969 diverso
1568 901 1821 969 vener'at
1850 912 2017 985 orbe,

570 992 875 1066 Graiaque
905 992 962 1051 in
996 992 1194 1052 Iliacis
1224 993 1547 1053 moenibus
1576 1009 1735 1075 uxqr
1765 1002 1923 1055 erat=

484 1077 765 1136 Iurabant
796 1091 1008 1137 omnes
1040 1077 1097 1135 in
1135 1077 1287 1136 laesi
1302 1077 1509 1137 ·verba
1530 1077 1750 1137 mariti:

564 1162 714 1220 Nam
749 1161 928 1221 dolor
956 1161 1139 1220 unius
1172 1161 1416 1235 publica
1446 1176 1635 1221 causa
1663 1162 1791 1222 fuit.

481 1246 712 1320 Turpe,
759 1245 878 1317 nisi,
905 1245 1026 1304 hoc
1063 1245 1270 1305 matris
1309 1245 1592 1320 precibus
1622 1247 2011 1321 tribuisset,..
2050 1246 2349 1309 Achilles

357 1339 460 1394 690
566 1331 758 1389 Veste
792 1328 983 1388 virum
1017 1330 1197 1405 longa
1229 1329 1648 1391 dissimulatus
1675 1337 1821 1390 erat.

483 1412 638 1487 Quid
670 1413 852 1486 saciS,
896 1414 1211 1473 Aeacide?
1255 1430 1375 1474 non
1408 1420 1550 1474 sunt
1581 1422 1684 1475 tua
1713 1430 1966 1475 munera
1996 1417 2198 1479 lanae.

564 1496 654 1558 Tu
685 1498 891 1557 titulos
922 1498 1042 1557 alia
1070 1497 1337 1559 Palladis
1368 1505 1497 1558 arte
1528 1506 1721 1574 petaS.

485 1583 638 1657 Quid
669 1580 771 1640 tibi
803 1596 938 1641 cum
970 1581 1271 1642 calathis?
1315 1582 1512 1657 clipeo
1545 1598 1764 1642 manus
1796 1588 1942 1657 apta
1974 1583 2235 1646 ferendo
2262 1594 2389 1645 est.

566 1666 764 1726 Pensa
795 1666 941 1739 quid
971 1666 1030 1725 in
1064 1665 1307 1739 dextra,
1357 1683 1482 1741 qua
1510 1667 1691 1727 cadet
1715 1666 1971 1741 Hector,
2015 1666 2263 1728 habes?

355 1761 455 1815 695
484 1751 669 1811 Reice
698 1750 1045 1811 succinctos
1078 1765 1347 1825 operoso
1382 1750 1639 1810 stamine
1670 1750 1875 1810 susos!

569 1834 932 1908 Quassanda
961 1840 1058 1894 est
1086 1835 1204 1894 ista
1233 1833 1432 1894 Pelias
1461 1834 1640 1895 hasta
1673 1849 1873 1894 manu.

483 1918 661 1980 Forte
691 1925 822 1979 erat
850 1919 909 1977 in
938 1918 1204 1980 thalamo
1234 1919 1410 1993 virgo
1440 1919 1664 1994 regalis
1695 1917 1934 1978 eodem.

568 2004 734 2063 Haec
764 2003 928 2063 illum
961 2011 1176 2078 stupro
1209 2003 1510 2078 comperit
1536 2017 1680 2062 esse
1709 2002 1924 2061 virum.

482 2087 728 2147 Viribus
762 2087 860 2146 illa
892 2087 1138 2162 quidem
1166 2087 1330 2147 victa
1360 2093 1477 2147 est.
1517 2087 1600 2147 ita
1626 2087 1880 2146 credere
1910 2092 2185 2160 oportet=

358 2181 458 2240 700
567 2170 691 2231 Sed
725 2170 916 2231 voluit
943 2172 1103 2232 vinci
1137 2171 1369 2231 viribus
1402 2171 1503 2231 illa
1532 2177 1751 2231 tamen.
1826 2213 1857 2235 .

484 2254 688 2330 Saepe
719 2258 978 2314 ‘manet’
1024 2255 1203 2331 dixit,
1245 2271 1379 2316 cum
1412 2255 1530 2315 iam
1563 2260 1920 2330 properaret
1939 2254 2277 2316 Achilles...

565 2338 767 2400 Fortia
796 2355 936 2398 nam
970 2340 1172 2414 posito
1204 2346 1554 2415 sumpserat
1582 2355 1751 2398 arma
1779 2339 1935 2400 colo.

481 2422 592 2483 Vis
625 2423 730 2483 ubi
760 2439 919 2483 nunc
949 2423 1050 2483 illa
1082 2431 1217 2485 est?
1281 2423 1436 2498 Quid
1463 2423 1690 2484 blanda
1720 2438 1876 2483 voce
1904 2423 2164 2483 moraris

567 2509 892 2568 Auctorem
926 2508 1150 2582 stupri,
1195 2508 1540 2580 Deidamia,
1583 2507 1710 2568 tui?

361 2602 453 2654 :¹115
479 2591 724 2652 Scilicet
751 2599 817 2652 ut
847 2593 1048 2667 pudor
1074 2598 1168 2652 est
1198 2592 1500 2666 quaedam
1533 2591 1820 2666 coepisse
1850 2588 2137 2666 priorem,

569 2676 672 2737 Sic
700 2677 818 2737 alio
849 2683 1085 2752 gratum
1115 2683 1210 2736 est
1240 2676 1566 2751 incipiente
1594 2676 1737 2751 pati.

481 2763 565 2822 A!
612 2761 797 2820 nimia
828 2767 924 2820 est
953 2760 1156 2820 iuveni
1190 2760 1476 2835 propriae
1512 2760 1739 2820 fiducia
1769 2761 2017 2832 formae,

564 2846 863 2920 Expectat
893 2843 1120 2920 siquiS,
1164 2846 1307 2904 dum
1340 2845 1505 2919 prior
1534 2844 1637 2904 illa
1663 2853 1853 2920 roget.

482 2930 594 2989 Vir
624 2929 790 3004 prior
819 2929 1102 3002 accedat,
1151 2929 1244 2988 vir
1273 2928 1460 2988 verba
1498 2927 2027 3003 precantia'dicate

361 3026 457 3074 ῐιῡ
559 3013 840 3088 Excipiat
868 3012 1126 3073 blandas
1158 3012 1410 3073 comiter
1436 3013 1536 3072 illa
1567 3027 1802 3087 preces

482 3099 559 3158 Ut
590 3098 854 3172 potiare,
896 3113 1066 3173 roga.
1111 3103 1343 3157 tantum
1374 3096 1539 3172 cupit
1569 3096 1669 3156 illa
1697 3097 1916 3172 rogari.

566 3182 654 3241 Da
689 3197 936 3242 causam
968 3181 1092 3241 voti
1128 3181 1612 3256 principiumque
1647 3181 1749 3240 tui.

482 3265 753 3341 luppiter
781 3267 858 3325 ad
889 3272 1130 3326 veteres
1159 3267 1425 3340 supplex
1453 3264 1744 3325 heroidas
1776 3265 1927 3324 ibat=

569 3348 850 3424 Corrupit
882 3365 1162 3425 magunum
1199 3350 1363 3409 nulla
1400 3349 1602 3425 puella
1633 3349 1859 3408 Iovem.

365 3442 457 3494 315
485 3431 547 3493 Si
584 3440 778 3493 tamen
812 3450 846 3493 a
879 3434 1164 3508 precibus
1197 3433 1461 3494 tumidos
1498 3434 1793 3493 accedere
1823 3432 2016 3490 fastus

571 3516 884 3587 Senseris‚
930 3518 1172 3593 incepto
1205 3533 1390 3591 parce
1418 3518 1703 3591 referque
1736 3516 1969 3590 pedem.
