2467 4042
494 283 526 334 V.
546 285 695 338 asa-teo.

114 460 166 511 440
225 446 286 508 Cur
309 447 457 508 externati
480 463 586 506 rursus
609 454 734 525 agantur
756 448 842 524 equi.

180 534 278 596 Foeda
301 533 464 613 Lycaoniae
487 541 606 613 repetes
624 535 756 594 convivia
778 551 915 613 mensae,

225 621 456 702 Temptabisque
479 621 539 682 eibi
561 620 662 681 fallere
685 621 789 683 fraude
812 620 927 683 lovem.

180 710 283 790 'leque
307 710 413 789 aliquis
436 711 532 789 posito
557 716 682 789 temptet
704 711 762 770 rim
786 711 916 770 numinis
939 718 1026 790 opto,

225 797 393 859 Tantalides
416 806 449 858 ut
473 798 514 858 sis
537 805 570 857 tu
594 796 732 875 Celeique
754 815 847 876 puer.

114 897 165 949 444
179 885 218 948 Et
240 893 292 947 tua
316 888 359 946 sio
381 885 456 946 latos
479 892 656 964 spargantur
680 883 811 946 membra
833 902 887 965 per
911 903 1014 967 agros,

225 973 388 1052 Tamquam
411 991 486 1052 quae
509 974 620 1052 patrias
643 972 798 1033 detinuere
821 974 900 1035 rias.

180 1062 257 1123 Aere
279 1061 406 1122 Perilleo
429 1078 516 1121 veros
539 1062 657 1120 imitere
680 1062 838 1141 iuvencos,

224 1149 268 1210 Ad
291 1150 416 1210 formam
438 1150 518 1210 tauri
540 1149 733 1209 conveniente
757 1166 847 1210 sono.

180 1236 278 1317 thue
301 1238 384 1298 ferox
408 1235 563 1315 Phalaris,
585 1235 685 1314 lingua
708 1238 792 1315 prius
815 1254 886 1298 ense
909 1245 1025 1299 resecta

114 1337 166 1387 440
223 1324 306 1385 llldre
330 1325 413 1386 bovis
436 1323 548 1403 Paphio
571 1323 690 1385 clausus
712 1326 744 1384 in
767 1342 835 1385 aere
857 1343 975 1404 gamas.

180 1413 316 1491 Dumque
339 1412 438 1473 redire
460 1412 541 1472 voles
564 1414 628 1472 aeri
650 1411 782 1473 melioris
804 1415 835 1475 iu
858 1432 969 1494 annos,
1055 1420 1099 1487 (aa)

224 1499 265 1561 Ut
287 1507 371 1561 vetus
394 1498 511 1560 Admeti
534 1499 682 1578 decipiare
706 1517 809 1561 sacer.

180 1587 239 1649 Aut
261 1591 354 1666 eques
376 1590 407 1647 in
430 1587 520 1648 medii
542 1604 678 1666 mergare
701 1590 839 1666 voragine
863 1590 962 1668 caeni,

225 1675 389 1736 Dummodo
412 1677 473 1736 sint
494 1676 547 1735 lati
569 1678 688 1736 nomina
711 1676 791 1736 nulla
813 1677 875 1736 tui.

114 1774 166 1825 444
181 1765 277 1842 Atque
301 1765 414 1824 utinam
437 1781 564 1844 pereas,
585 1764 677 1825 veluti
700 1763 736 1824 de
760 1762 899 1825 dentibus
922 1766 981 1825 orti

225 1850 345 1912 Sidonia
368 1853 454 1912 laetis
476 1850 563 1911 Graia
585 1869 640 1930 per
663 1869 731 1912 arva
750 1868 855 1912 manu.

179 1937 219 2000 Et
241 1957 317 2019 quae
340 1938 486 2001 Pitthides
509 1940 602 2020 feeit,
625 1941 796 2019 pariterque
819 1938 944 2001 Molinae

224 2025 370 2089 Eveniant
392 2030 482 2106 oapiti
505 2033 571 2087 rota
594 2029 715 2088 sinistra
738 2035 808 2088 tuo:

179 2113 219 2176 Et
241 2115 349 2195 quibus
373 2118 479 2194 exiguo
503 2123 549 2175 est
571 2115 700 2176 volueris
724 2115 828 2176 devota
850 2114 966 2197 libello,

114 2214 166 2265 440
224 2203 355 2284 Corpora
378 2206 511 2283 proiecta
533 2220 607 2282 quae
632 2221 685 2264 sua
707 2210 814 2283 purgat
835 2221 930 2282 aqua.

181 2289 309 2353 Vulnera
331 2300 434 2371 totque
458 2292 558 2370 ieras,
582 2300 655 2370 quot
677 2291 787 2353 dieitur
808 2289 858 2352 ille
882 2292 1003 2370 tulisse,

226 2379 317 2441 Cuius
340 2379 376 2440 ab
398 2379 514 2440 inferiis
536 2379 632 2441 oulter
655 2378 758 2440 abesse
782 2378 873 2440 solet.

181 2466 391 2547 Attonitusque
414 2485 521 2548 44444,
543 2476 577 2528 ut
599 2485 674 2546 quos
698 2465 833 2546 Cybeleia
855 2475 951 2529 mater

225 2554 352 2636 lneitat,
376 2555 411 2616 ad
434 2554 578 2635 Phrygios
600 2555 668 2616 vilia
691 2555 821 2616 membra
845 2556 965 2617 modos.

115 2641 283 2721 italiaque
306 2645 369 2703 rim
392 2644 445 2704 iias
468 2662 523 2705 neo
546 2643 655 2705 semina
678 2661 733 2704 nee
755 2645 823 2725 vir,
846 2653 880 2705 ut
902 2645 995 2724 ntus,

224 2729 263 2792 Et
286 2732 400 2810 quatias
423 2731 503 2792 molli
526 2741 663 2812 tympana
686 2749 775 2794 rauoa
797 2749 903 2794 manu.

180 2819 274 2899 loque
296 2838 389 2900 peeus
412 2819 511 2882 subito
533 2818 655 2899 Magnae
677 2828 794 2882 vertare
817 2823 967 2901 parentis,

224 2906 326 2969 Victor
347 2917 382 2970 ut
404 2915 452 2969 est
473 2907 563 2969 celeri
586 2911 722 2990 victaque
746 2926 831 2970 versa
853 2909 946 2988 pede.

183 2994 309 3075 Solaque
333 2995 455 3057 Limone
478 3014 603 3074 poenam
626 3016 664 3059 ne
688 2999 816 3058 senserit
837 2995 936 3077 illam,

116 3093 168 3144 440
226 3081 265 3143 Et
287 3091 338 3144 tua
361 3083 450 3144 dente
472 3084 537 3143 fero
560 3087 673 3145 viscera
696 3093 797 3162 carpat
819 3101 933 3161 equus.

181 3170 241 3232 Aut
262 3178 296 3231 ut
319 3170 541 3250 Cassandreus,
565 3169 684 3232 domino
707 3188 767 3231 non
790 3172 890 3231 mitior
911 3168 997 3229 illos

227 3257 352 3319 Saucius
375 3261 490 3337 ingesta
512 3257 725 3319 contumuleris
749 3257 856 3318 humo.

181 3346 241 3409 Aut
263 3355 297 3407 ut
319 3344 497 3408 Abantiades
509 3390 519 3425 ,
542 3354 593 3407 aut
615 3354 649 3408 ut
672 3345 819 3426 Cygneius
841 3345 949 3425 heros,
1056 3356 1099 3407 00

226 3433 351 3496 Clausus
373 3436 404 3496 io
428 3451 590 3512 aequoreas
612 3435 818 3515 praecipiteris
841 3449 948 3513 aquas.

115 3533 167 3585 444
182 3522 306 3585 Victima
328 3522 375 3584 vel
397 3521 517 3584 Phoebo
540 3540 640 3584 sacras
663 3524 802 3584 macteris
824 3521 860 3583 ad
883 3538 967 3600 aras,

227 3612 323 3683 Quam
346 3611 413 3673 tulit
435 3629 451 3671 4
475 3628 561 3671 saevo
584 3611 757 3674 Theudotus
780 3610 864 3672 hoste
887 3625 1010 3671 nerem.

903 3711 941 3763 8*
