2467 4042
420 207 464 274 V,
485 211 641 262 tas-aot.
762 226 875 263 emaus
995 209 1038 274 93

125 371 191 434 Non
209 376 432 454 circumspectis
453 382 590 435 exactum
612 372 725 435 vinnm
748 391 851 436 ensem

124 461 220 541 Fregit
238 465 268 523 in
290 472 424 524 extrema
445 480 604 543 percussae
626 470 711 543 parte
734 462 906 524 columnae:

124 549 266 612 lammina
287 550 439 632 dissiluit,
461 550 631 630 dominique
653 553 685 612 in
707 560 828 632 gutture
851 553 908 612 lixa
930 561 993 614 est.

124 637 188 699 Non
207 648 301 701 tamen
324 639 361 700 ad
385 639 477 700 letum
500 657 604 701 causas
627 640 698 701 salis
721 639 770 701 illa
792 640 923 702 valentes

68 738 111 787 rto
123 726 207 806 Plaga
227 728 329 789 dedit:
352 727 502 808 trepidum
524 728 654 790 Perseus
678 737 709 789 et
730 730 855 790 inermia
877 731 988 791 irustra

124 815 256 876 Bracchia
278 817 452 878 tendentem
475 816 626 896 Cyllenide
648 816 782 878 conlodit
803 817 913 897 harpe.

124 903 226 966 Verum
246 905 297 966 ubi
320 908 462 968 dmutem
484 904 590 967 turbae
612 905 808 967 succumbere
831 906 921 988 vidit,

123 988 274 1054 ‘Auxilium
286 989 307 1075 ,'
329 994 460 1055 Perseus
483 989 635 1073 ‘quoniam
658 997 702 1056 sic
724 995 831 1074 cogitis
852 996 910 1074 ipsi
917 990 939 1076 ,'
957 1006 1037 1049 obv·

125 1080 200 1142 Dixit
221 1078 267 1143 ‘ab
289 1082 376 1143 hoste
399 1092 519 1163 petam.
546 1082 647 1144 rudius
669 1085 792 1144 avertite
816 1092 949 1165 vestros,

71 1179 111 1230 teo
123 1168 218 1249 Siquis
239 1172 352 1233 amicus
374 1170 459 1232 adest
467 1166 487 1232 l’
510 1180 542 1232 et
564 1170 711 1251 Gorgonis
729 1171 835 1233 extulit
856 1190 925 1233 ora.

122 1254 243 1329 ‘Quaere
264 1258 377 1341 adum,
399 1270 450 1321 tua
473 1277 562 1339 quem
585 1268 723 1321 moveant
743 1256 897 1322 miracula'
920 1261 993 1322 dixit

121 1345 297 1429 Thescelus3
318 1356 413 1427 utque
436 1365 524 1409 manu
548 1348 677 1410 iaculum
700 1348 787 1409 latale
809 1349 930 1429 parabat

121 1433 232 1496 Mittere
243 1483 253 1517 ,
274 1439 306 1497 in
329 1437 386 1497 boc
409 1436 505 1498 haesit
525 1440 644 1516 signum
666 1437 703 1498 de
726 1455 874 1498 marmore
897 1446 1000 1517 gestu.

122 1521 270 1585 Proximus
292 1524 364 1585 huic
386 1526 499 1604 Ampyx
522 1528 612 1586 animi
634 1525 805 1605 plenissima
828 1529 927 1604 magni

74 1620 111 1669 tao
122 1610 238 1673 Pectora
260 1612 408 1692 Lyncidae
431 1613 527 1693 gladio
550 1617 647 1695 petit,
669 1616 760 1693 inque
783 1615 912 1694 petendu

122 1697 238 1762 Dextera
261 1701 406 1782 diriguit,
429 1719 485 1763 nee
508 1704 583 1764 citra
605 1711 685 1763 mota
706 1720 763 1763 neo
785 1703 880 1764 ultra.

122 1789 155 1848 At
173 1788 297 1871 Nileus,
320 1792 373 1869 qui
396 1808 428 1851 se
451 1792 585 1870 genitum
609 1791 800 1872 septemplice
822 1791 890 1852 Nilo

123 1874 280 1940 limentitus
304 1887 391 1960 erat,
414 1878 510 1958 clipeo
533 1896 653 1959 quoque
675 1880 797 1941 llumina
819 1889 933 1961 septe·

123 1965 241 2044 ugenu
264 1970 373 2047 partim
385 2015 395 2049 ,
417 1970 525 2047 partim
548 1969 712 2030 caelaverat
733 1987 824 2050 auro,

77 2047 229 2134 au‘teprce
242 2050 263 2137 ,'
287 2058 329 2117 ait
351 2051 498 2137 ‘Perseu,
520 2065 640 2118 nostrae
662 2058 824 2138 primordia
846 2059 961 2138 gentis:

124 2139 215 2222 llagna
237 2144 318 2205 leres
342 2147 445 2205 mutas
467 2145 575 2206 solacia
598 2149 704 2207 mortis
726 2146 763 2207 ad
785 2145 925 2227 umbras,

124 2230 144 2289 A
163 2240 240 2294 unte
263 2232 408 2294 occidisse
430 2229 506 2294 viro'
529 2267 572 2278 -
594 2253 665 2315 pars
687 2233 792 2295 ultima
812 2237 893 2296 vocis

124 2316 265 2382 lumedio
288 2339 449 2401 suppressa
471 2340 545 2383 sono
568 2332 615 2385 est
627 2371 637 2404 ,
659 2323 858 2403 adapertaque
881 2321 955 2384 velle

126 2404 175 2467 on
194 2408 277 2489 loqui
296 2410 402 2472 credas
414 2458 424 2492 ,
446 2428 503 2473 neo
525 2422 596 2472 sunt
618 2429 654 2472 ea
675 2414 777 2491 pervia
799 2410 916 2473 verbis.

80 2500 115 2551 tto
125 2492 250 2578 lncrepat
271 2497 327 2559 bos
352 2493 445 2560 ‘vitio'
469 2517 526 2579 que
551 2497 653 2561 ‘animi
665 2547 675 2581 ,
698 2518 759 2562 non
785 2494 910 2562 viribus'
937 2502 1035 2580 inquit

126 2577 290 2665 ‘Gorgoneis
312 2589 439 2667 torpetis
453 2582 473 2669 ς’
495 2587 575 2669 Eryx
599 2585 757 2651 ‘incurrite
780 2607 898 2651 meeum

125 2668 155 2732 u
165 2677 344 2753 prosternite
358 2676 441 2738 hunni
454 2680 592 2739 iuvenem
605 2679 718 2757 magica
738 2695 819 2739 arma
836 2673 1033 2740 moventeml'

32 2790 33 2793 ¹
125 2757 291 2825 incursurus
314 2773 401 2827 erat:
423 2767 520 2826 tenuit
541 2768 666 2846 vestigia
688 2766 795 2847 tellus,

126 2845 305 2933 lumetnsqne
328 2853 401 2914 silex
425 2863 594 2934 auramque
617 2857 726 2918 mansit
747 2858 861 2936 imago.

81 2932 156 2996 billi
175 2948 269 3002 tamen
288 2958 326 3002 ex
348 2943 455 3003 merito
479 2961 590 3023 poenas
612 2942 754 3006 subiere.
782 2945 835 3006 sed
858 2963 937 3006 unus

126 3021 195 3088 lliles
216 3038 282 3090 erat
303 3029 429 3112 Persei,
451 3049 506 3112 pro
533 3050 593 3112 quo
616 3032 688 3094 dum
710 3042 844 3115 pugnat,
867 3032 1033 3113 Aconteus,

127 3110 247 3195 Gorgone
271 3128 430 3199 conspecta
452 3138 523 3182 saxo
546 3124 698 3183 concrevit
720 3121 843 3183 oborto.

128 3198 206 3270 Quem
228 3215 312 3268 ratus
334 3207 475 3288 Astyages
498 3211 660 3272 etiamnum
682 3212 804 3292 rivere,
826 3210 914 3288 longo

32 3346 33 3367 ,
127 3284 303 3356 inserent.
331 3299 432 3358 sonuit
453 3297 612 3360 tinnitibus
635 3300 716 3360 ensis
739 3301 851 3360 acutu.

32 3372 33 3409 ¹
84 3373 188 3442 ”ilum
208 3392 309 3464 stupet
330 3383 493 3467 Astyages,
511 3396 648 3449 naturam
669 3390 760 3450 traxit
781 3386 922 3465 eandem,

128 3461 334 3553 Marmoreoque
358 3483 457 3536 manet
478 3475 577 3537 valam
601 3478 737 3538 mirantis
759 3478 791 3537 in
814 3493 883 3537 ore.

32 3546 33 3569 ¹
129 3549 233 3622 lomina
251 3561 339 3644 longa
361 3581 444 3624 mora
467 3574 514 3627 est
536 3564 632 3626 media
656 3565 693 3626 de
715 3561 802 3646 plebe
825 3566 958 3625 virorum
