2467 4042
143 208 207 275 132
551 209 737 262 nxnouao

229 374 263 438 ln
287 372 395 455 qulbus
417 373 571 452 ingenium
594 373 705 435 desiste
728 375 884 453 requirere
906 382 1068 452 nostrum,

273 461 398 524 Nescius
421 458 502 523 exilii
524 478 563 522 ne
585 460 704 522 videare
726 464 802 523 mei.

199 549 358 630 eCernls,
379 557 415 611 ut
436 551 574 629 ignavum
596 557 789 628 corrumpant
812 552 871 612 otia
893 568 1026 632 corpus,

275 637 313 701 Ut
335 645 455 699 careant
477 639 572 718 vitio,
595 639 622 698 si
644 646 819 700 moveantur
831 686 841 719 ‚
863 655 975 719 equae.

230 726 268 788 Et
289 727 363 788 milri
385 727 481 806 siquis
503 734 568 787 erat
590 724 719 787 ducendi
741 728 881 788 carminis
905 745 996 808 usus,

274 813 401 895 lledclt,
424 821 529 894 estque
551 815 652 874 minor
674 814 770 876 lactus
793 816 889 876 inerte
913 816 993 877 situ.

230 901 309 965 llaec
333 920 474 983 quoque,
499 919 573 983 quae
597 901 718 984 legitis,
746 904 843 983 siquid
867 900 962 984 mihi,
985 902 1139 987 llaxime,

778 990 893 1070 credis,

185 1090 218 1141 ιο
277 1077 442 1141 Scribimus
464 1079 556 1140 inulta
578 1081 687 1158 virque
709 1087 811 1140 coacta
833 1096 940 1140 manu.

230 1165 297 1230 Nou
319 1165 393 1229 libet
415 1169 447 1228 iu
471 1166 537 1227 talis
560 1168 691 1229 animum
715 1167 895 1228 contendere
917 1184 1025 1246 curas,

273 1254 335 1318 Nec
358 1257 439 1317 venit
460 1255 496 1316 ad
520 1255 612 1317 duros
635 1253 719 1317 Musa
742 1263 844 1316 vocata
867 1253 970 1317 Getas.

229 1342 269 1406 Ut
291 1351 389 1406 tamen
412 1345 477 1423 ipse
500 1341 582 1404 vides
594 1391 604 1425 ,
626 1341 724 1405 luctor
747 1343 895 1404 deducere
919 1361 1058 1408 versum:

276 1431 335 1494 Sed
359 1449 420 1493 non
441 1431 476 1493 fit
497 1430 557 1493 lato
580 1430 697 1494 mollior
719 1431 769 1493 ille
792 1450 876 1493 meo.

184 1519 305 1584 lteCum
328 1520 451 1602 relego,
474 1521 631 1599 scripsisse
653 1519 767 1600 pudet,
791 1522 860 1600 quia
882 1519 1010 1599 plurima
1035 1539 1133 1583 cerno

274 1608 320 1671 lle
344 1626 486 1688 quoque,
510 1607 562 1687 qul
584 1608 666 1690 leci,
688 1608 786 1669 iudice
809 1608 898 1688 digna
919 1607 991 1669 lini.

230 1696 292 1759 Nec
314 1705 413 1758 tamen
433 1696 580 1759 emendo.
612 1695 696 1756 labor
713 1696 763 1757 hic
782 1713 871 1777 quam
889 1694 1021 1758 scribere
1041 1701 1161 1781 maior,

274 1783 418 1865 Mensque
440 1786 502 1864 pati
525 1784 633 1846 durum
658 1785 786 1846 sustinet
807 1802 895 1863 aegre
918 1782 1007 1848 nihil.

232 1872 353 1935 Scilicet
374 1874 513 1952 incipiam
537 1872 605 1933 lima
628 1873 797 1934 mordacius
820 1875 883 1953 uti,

183 1972 217 2023 au
275 1959 313 2024 Et
335 1959 393 2023 sub
415 1960 558 2023 iudicium
581 1960 697 2040 singula
719 1959 809 2023 verba
832 1955 961 2023 vocem?

230 2048 365 2130 Torquet
393 2050 472 2110 enim
499 2049 618 2112 fortuna
645 2066 773 2131 pamm,
801 2051 860 2111 nisi
886 2048 990 2114 Lissus
1016 2049 1049 2109 in

779 2137 913 2200 Hebrum
1115 2153 1162 2202 (ror

276 2224 433 2307 Confluat,
455 2233 485 2287 et
509 2224 630 2287 frondes
653 2225 777 2288 saltibus
801 2226 888 2288 addat
910 2221 1010 2287 Atho?

232 2313 417 2376 Parcendum
440 2322 487 2375 est
509 2316 607 2376 animo
630 2313 798 2376 miserabile
821 2314 928 2376 vulnus
951 2312 1091 2376 habenti.

277 2401 455 2464 Subducunt
478 2404 563 2463 oneri
586 2400 660 2464 colla
682 2410 804 2481 perusta
827 2401 934 2464 boves.

185 2501 218 2551 aa
232 2491 271 2552 at
283 2537 292 2570 ,
315 2499 410 2572 puto,
432 2492 549 2553 fructus
572 2492 658 2553 adest
670 2538 679 2572 ,
705 2493 868 2553 iustissima
891 2508 979 2554 causa
1001 2488 1161 2572 laborum,

276 2577 315 2639 Et
337 2587 399 2640 sate
423 2597 491 2641 cum
514 2578 607 2640 multo
630 2579 733 2641 fenore
756 2579 855 2641 reddit
877 2574 973 2659 ager?

232 2667 363 2745 Tempus
386 2667 422 2728 ad
445 2666 502 2728 hoc
525 2666 634 2747 nohis,
656 2676 775 2750 repetas
797 2667 868 2730 licet
890 2669 1010 2746 omnia,
1037 2666 1162 2731 nullum

275 2754 449 2816 Proluit-
472 2763 560 2836 atque
583 2758 697 2818 utinam
720 2773 779 2817 non
803 2755 976 2818 nocuisset!
998 2788 1033 2800 ·-
1058 2773 1160 2837 opus.

233 2842 293 2905 Cur
314 2844 407 2923 igitur
430 2842 580 2925 scribam,
603 2840 752 2905 miraris?
774 2847 866 2906 miror
890 2854 919 2906 el
941 2846 1023 2926 ipsc,

184 2943 219 2993 30
277 2930 316 2994 Et
338 2940 438 2993 tecum
462 2949 572 3011 quaero
596 2950 707 3013 saepe,
730 2933 801 3013 quid
824 2932 894 2996 inde
916 2941 1031 3013 petam.

232 3020 277 3081 Aa
300 3020 429 3101 populus
451 3037 521 3082 vere
545 3037 633 3082 sanos
656 3029 744 3100 negat
766 3038 833 3082 esse
856 3016 984 3100 poetas?

278 3107 410 3190 Sumque
433 3108 506 3170 lidos
528 3108 618 3171 huius
641 3112 766 3171 menime
788 3112 870 3172 vocis
893 3105 975 3190 ego?
1006 3114 1012 3121 '

233 3196 314 3278 Oui,
336 3196 431 3258 sterili
454 3199 563 3260 totiens
586 3215 655 3259 cum
680 3199 735 3259 sim
759 3198 903 3278 deceptus
926 3196 962 3259 ab
984 3215 1073 3277 arvo,

276 3283 421 3347 Damnosa
444 3294 545 3366 persto
569 3285 698 3368 condere
722 3303 823 3347 semen
846 3286 954 3348 humo.

185 3383 219 3433 ao
235 3372 355 3436 Scilicet
378 3381 425 3435 est
447 3374 573 3455 cupidus
596 3374 764 3436 studiorum
787 3376 915 3454 quisquc
937 3392 1080 3455 suorum,

276 3460 407 3540 Tempus
430 3470 461 3524 et
482 3462 604 3525 adsueta
627 3479 739 3542 ponere
762 3465 794 3524 in
816 3472 881 3524 arte
903 3464 1000 3524 iuvat.

234 3546 358 3609 Saucius
382 3551 479 3610 eiurat
501 3568 629 3630 pugnam
652 3550 818 3634 gladiator,
841 3560 872 3612 et
894 3551 971 3612 idern
