2467 4042
436 223 492 292 IV,
512 228 670 281 itt-64⁷.
730 245 859 285 umerus.
877 247 959 284 aruo
1014 228 1055 296 83

132 390 270 473 Persea,
292 408 382 470 quem
404 388 503 471 pluvio
526 388 625 453 Danai
648 402 825 473 conceperat
847 412 937 457 auro.

129 479 202 540 biox
227 487 325 541 tamen
347 479 517 559 Acrisium,
540 487 621 541 tanta
644 489 691 542 est
711 484 878 560 praesentia
901 486 981 566 veri,

129 567 209 629 'iam
231 567 356 629 violasse
379 566 468 629 deum
491 585 578 647 quam
601 586 662 630 uon
684 586 809 649 agnosse
831 579 970 652 nepotem

128 656 293 719 Paenitet.
320 657 468 736 inpositus
490 658 549 717 iam
571 655 654 717 eaelo
677 667 723 719 est
745 657 840 720 aiter.
868 667 898 720 at
920 660 994 722 aiter

66 754 114 805 tto
128 743 254 824 Viperei
276 745 411 806 referens
434 744 561 825 spolium
583 744 774 807 memorabile
797 751 924 809 monstri

128 833 212 895 Aera
235 832 376 914 carpebat
398 841 535 895 tenerum
558 832 754 896 stridentibus
777 835 848 897 aiis.

130 921 272 1001 Cumque
295 938 386 1001 super
408 920 532 1002 Libycas
555 923 650 985 victor
671 921 816 1003 penderet
838 923 981 1007 harenas,

129 1008 285 1090 Gorgonei
307 1011 412 1090 capitis
434 1017 533 1090 guttae
557 1010 693 1072 cecidere
716 1019 874 1095 cruentae,
955 1026 978 1067 r.
991 1026 1054 1070 xm.

129 1097 215 1169 Quas
237 1098 348 1160 humus
372 1106 509 1179 exceptas
531 1100 628 1161 varios
651 1101 788 1162 animarit
810 1102 841 1162 in
864 1119 993 1180 angues:

67 1196 116 1248 tto
127 1185 218 1248 Unde
242 1187 385 1266 frequens
408 1186 457 1248 iila
479 1195 525 1249 est
547 1188 714 1267 infestaque
737 1196 817 1250 terra
840 1189 988 1252 colubris.

129 1274 205 1336 iude
228 1292 284 1355 per
306 1277 475 1337 inmensum
496 1277 593 1337 rentis
615 1274 803 1338 discordibus
826 1285 909 1340 actus

128 1362 219 1425 Nunc
243 1363 330 1446 huc,
352 1381 433 1425 nunc
454 1363 548 1446 illuc,
571 1364 705 1445 exemplo
728 1364 817 1427 uubis
840 1383 966 1446 aquosae

130 1451 267 1533 Fertur,
291 1460 321 1514 ot
343 1469 380 1513 ex
403 1451 460 1513 aito
484 1453 622 1514 seductas
646 1453 765 1514 aethere
788 1454 874 1534 longe

130 1539 294 1621 Despectat
315 1547 412 1603 terras
433 1547 589 1621 totumque
612 1541 781 1622 supervolat
803 1542 922 1605 orbem.

71 1637 119 1688 stt
134 1627 197 1690 'ier
220 1628 333 1709 gelidas
355 1629 461 1691 Arctos
473 1677 484 1713 ,
507 1639 553 1692 ter
577 1629 683 1691 tanen
705 1629 842 1692 bracchia
864 1631 954 1696 vidit:

131 1715 230 1798 Saepe
254 1716 310 1779 sub
333 1735 479 1800 occasus,
502 1736 590 1798 saepe
614 1727 661 1780 est
684 1718 797 1780 ablatus
819 1722 850 1782 iu
874 1727 975 1782 ortus.

131 1805 255 1885 lamque
278 1805 404 1867 cadente
425 1806 472 1867 die
495 1807 608 1868 ueritus
631 1824 665 1867 se
687 1807 810 1868 eredere
833 1811 931 1891 nocti,

132 1893 275 1956 Constitit
297 1892 464 1977 llesperio,
487 1896 587 1974 regnis
609 1894 757 1977 Atlantis,
779 1897 811 1957 in
834 1897 923 1960 orbe:
998 1909 1021 1952 t.
1034 1910 1055 1954 ι.

131 1980 338 2063 Exiguamque
360 1984 436 2063 petit
457 1986 617 2065 requiem,
640 1983 711 2045 dum
733 1983 852 2046 Lucifer
875 1987 958 2065 ignes

72 2078 119 2129 tao
132 2068 247 2132 livocet
267 2070 423 2153 Aurorae,
445 2089 553 2133 currus
575 2071 690 2133 Aurora
713 2072 853 2135 diurnos.

133 2157 189 2221 liic
212 2159 368 2221 hominum
392 2167 515 2222 cunctos
538 2161 652 2239 ingenti
675 2178 799 2241 corpore
822 2168 976 2241 praestans

133 2246 332 2327 Iapetionides
354 2247 435 2310 Atlas
459 2249 536 2311 luit.
564 2248 667 2310 ultima
689 2249 777 2311 tellus

133 2334 214 2416 Rege
238 2334 295 2398 suh
317 2334 375 2397 hoc
398 2344 429 2398 et
449 2334 559 2417 pontus
582 2345 668 2419 erat,
691 2340 743 2418 qui
766 2336 843 2399 Solis
867 2337 978 2401 anhelis

134 2425 271 2504 Aequora
293 2423 395 2486 subdit
416 2426 503 2504 equis
525 2433 556 2486 et
577 2424 673 2487 iessos
696 2427 805 2507 excipit
828 2444 913 2488 axes.

75 2519 122 2570 tat
135 2510 213 2573 liiiio
237 2529 343 2594 greges
366 2512 409 2575 illi
431 2514 614 2593 totidemque
638 2523 770 2575 armenta
792 2532 846 2593 per
869 2514 976 2577 herbas

134 2598 305 2683 Errabant3
333 2610 364 2663 et
384 2600 509 2663 humum
531 2603 638 2664 ricinia
660 2601 741 2664 nulla
762 2602 953 2683 premebant.

135 2689 285 2751 Arboreae
307 2688 429 2752 frondes
452 2708 525 2752 auro
548 2690 682 2752 radiante
704 2692 835 2754 virentes

136 2776 179 2839 iix
204 2795 278 2840 auro
300 2795 422 2861 ramos,
444 2796 482 2840 ex
505 2797 577 2840 auro
600 2796 688 2858 poma
710 2778 866 2859 tegebant.

136 2861 262 2947 ‘ilospes
275 2861 295 2948 ,’
318 2868 359 2930 ait
380 2866 509 2930 Perseus
531 2866 573 2929 ilii
597 2862 662 2929 ‘seu
685 2867 777 2947 gloria
800 2869 893 2948 tangit

79 2959 124 3013 tio
135 2952 176 3016 l'e
200 2957 319 3035 generis
342 2957 440 3036 magui
452 3003 462 3038 ,
485 2957 602 3034 generis
626 2955 699 3017 mihi
720 2955 853 3037 luppiter
877 2964 998 3039 auetor3

137 3041 203 3105 Sive
226 3060 259 3105 es
281 3045 405 3105 mirator
426 3058 551 3125 rerum,
574 3043 721 3106 mirabere
743 3053 878 3106 nostras.

136 3129 302 3211 Hospitium
325 3134 519 3212 requiemque
542 3141 611 3213 peto
626 3127 647 3193 .'
674 3150 788 3195 memor
810 3131 860 3195 ille
883 3139 1016 3194 vetustae

138 3218 232 3281 Sertis
251 3228 337 3303 erat3
360 3219 481 3282 Themis
503 3219 580 3282 hanc
603 3221 726 3283 dederat
742 3220 881 3283 Parnasia
904 3229 1034 3283 sortem:

137 3302 300 3391 ‘Tempus,
321 3308 409 3391 Atia,
431 3310 552 3391 veniet,
575 3317 627 3371 tua
649 3328 708 3390 quo
728 3308 908 3389 spoliabitur
931 3326 1003 3371 auro

81 3400 125 3453 tit
137 3395 252 3479 Arbor,
274 3406 306 3459 et
326 3396 408 3459 hune
430 3396 556 3477 praedae
579 3397 699 3461 titulum
712 3397 788 3459 love·
804 3405 893 3476 natus
906 3391 1055 3459 habebit.'

137 3483 167 3545 id
189 3495 326 3548 metuens
349 3484 451 3548 solidis
473 3487 606 3566 pomaria
629 3485 776 3549 clauserat
797 3486 879 3548 Atlas

139 3570 290 3637 lioenibus
313 3583 344 3637 et
365 3583 447 3637 vasto
471 3573 593 3637 dederat
616 3574 757 3638 servanda
781 3573 919 3657 draconi,

806 3676 842 3729 6*
