2467 4042
419 250 468 301 111.
487 261 559 301 vnn
575 253 666 302 lat-x
681 254 723 304 49.
1031 246 1077 313 53

150 416 206 477 Nix
230 417 330 494 iacet,
353 422 383 475 et
407 414 513 473 iactam
535 430 574 473 ne
597 412 642 473 sol
664 412 840 493 pluviaeque
862 413 1030 497 resolvant,

149 505 273 565 Indural
295 502 401 563 boreas
424 508 659 580 perpetuamque
682 501 772 562 facit.

103 605 136 654 15
150 592 229 672 Ergo
253 591 306 654 ubi
329 591 451 652 delicuit
474 588 606 649 nondum
629 590 733 670 prior,
757 590 849 651 altera
871 593 969 672 venit,

149 681 189 741 Et
211 679 288 741 solet
310 680 341 741 in
363 677 467 739 multis
489 676 568 737 bima
590 693 711 739 manere
734 678 825 739 locis.

149 769 303 847 Tantaque
327 767 468 827 commoti
489 767 534 825 ris
557 774 604 827 est
626 765 795 848 aquilonis,
820 774 855 828 ut
877 766 950 829 altas

150 857 266 935 nequet
288 855 378 917 humo
401 860 502 915 turres
525 861 770 933 tectaquerapta
793 855 886 917 ferat.

149 943 281 1007 Pellibus
305 952 335 1004 et
358 944 435 1004 sutis
458 950 561 1004 arcent
583 941 658 1002 mala
681 943 792 1022 frigora
814 943 930 1024 bracis,

101 1046 136 1095 20
150 1033 269 1111 Oraque
293 1031 330 1093 de
352 1038 417 1092 toto
440 1047 566 1110 corpore
590 1029 652 1090 sola
675 1039 793 1110 patent.

149 1122 244 1200 Saepe
268 1126 375 1181 sonant
396 1121 470 1179 moli
493 1118 585 1197 glacie
609 1117 760 1197 pendente
783 1119 899 1202 capilli,

148 1210 188 1272 Et
209 1212 286 1271 nitet
307 1208 430 1269 inducto
454 1206 578 1269 candida
600 1205 692 1268 barba
715 1207 801 1289 ge1u3
1016 1279 1018 1283 ¹

149 1298 294 1376 Nudaque
319 1298 487 1357 consistunt
499 1342 509 1375 ,
532 1297 657 1356 formam
681 1299 828 1358 serrantia
851 1305 962 1378 testae,

149 1386 224 1448 Vina
247 1402 303 1445 nec
326 1385 431 1445 hausta
452 1386 551 1463 meri,
574 1383 627 1444 sed
650 1383 716 1445 data
738 1385 834 1446 frusta
856 1384 979 1447 hibunt.

102 1486 136 1535 ao
152 1474 230 1546 Quid
253 1472 381 1553 loquar,
403 1479 438 1533 ut
460 1474 551 1533 vincti
574 1481 769 1533 concrescant
791 1474 902 1553 frigore
926 1475 1000 1555 riri,

150 1564 252 1643 Deque
274 1561 343 1621 lacu
365 1559 485 1638 fragiles
508 1560 687 1622 effodiantur
709 1557 829 1639 aquae?

151 1653 240 1731 lpse,
262 1651 431 1729 papyrifero
450 1651 503 1727 qui
526 1667 586 1710 non
608 1650 762 1728 angustior
785 1666 870 1712 amne

150 1740 293 1801 Miscetur
316 1746 398 1799 vasto
422 1737 515 1799 multa
537 1756 592 1817 per
614 1755 667 1797 ora
690 1738 785 1818 freto,

151 1826 311 1890 Caeruleos
332 1828 431 1887 ventis
452 1825 556 1887 latices
579 1824 778 1905 durantibus,
801 1825 903 1887 Hister

102 1929 137 1977 30
151 1915 293 1996 congelat
316 1922 346 1975 et
368 1917 457 1976 tectis
479 1917 510 1976 in
534 1932 616 1975 mare
640 1916 733 1994 serpit
755 1917 856 1994 aquis.

151 2006 275 2084 Quaque
298 2009 379 2065 retes
402 2006 520 2081 ierant,
543 2002 670 2083 pedibus
694 2021 774 2064 nunc
796 2005 880 2084 itur,
903 2011 935 2064 et
956 2001 1051 2065 undas

150 2094 275 2173 Frigore
298 2100 453 2154 concretas
477 2092 587 2171 ungula
609 2091 709 2171 pulsat
731 2093 819 2171 equi3

151 2182 269 2261 Perque
292 2198 385 2242 novos
408 2188 516 2260 pontes
539 2179 643 2242 subter
665 2179 833 2243 labentibus
857 2180 945 2242 undis

152 2270 271 2332 Dulcunt
295 2269 451 2330 Sarmatici
472 2268 598 2330 barbara
620 2267 752 2349 plaustra
775 2268 882 2331 bores.

103 2369 137 2418 35
151 2357 206 2419 Vix
228 2356 368 2437 equidem
391 2357 518 2437 credar,
541 2358 594 2419 sed
617 2375 687 2419 cum
709 2359 770 2418 sint
791 2360 920 2435 praemia
944 2356 1010 2419 falsi

151 2445 259 2527 Nulla,
281 2455 376 2507 ratam
398 2445 487 2507 dehet
509 2449 595 2507 testis
616 2444 727 2506 habere
751 2445 857 2508 fidem.

151 2534 285 2596 Vidimus
307 2537 458 2613 ingentem
481 2533 574 2613 glacie
598 2537 762 2596 consistere
785 2542 927 2617 pontum,

150 2622 338 2703 Lubricaque
360 2625 488 2685 inmotas
511 2632 587 2685 testa
609 2622 764 2704 premebat
787 2639 896 2705 aquas.

150 2712 212 2775 Nec
235 2713 345 2775 vidisse
369 2719 415 2773 sat
436 2720 505 2793 est3
529 2712 639 2774 durum
662 2712 838 2775 calcavimus
862 2729 991 2794 aequor,

101 2813 136 2861 40
150 2800 295 2881 Undaque
317 2819 378 2864 non
401 2801 460 2863 udo
484 2800 541 2863 sub
563 2803 639 2881 pede
663 2819 778 2863 summa
800 2802 873 2864 fuit.

151 2890 185 2951 si
206 2890 262 2952 tibi
284 2890 342 2952 tale
365 2890 476 2951 fretum
500 2890 671 2972 quondam,
693 2889 850 2971 Leandro,
872 2891 995 2969 fuisset,

151 2977 218 3038 Non
239 2977 319 3040 foret
341 2986 483 3057 angustae
505 2996 587 3038 mors
609 2986 660 3039 tua
684 2981 798 3040 crimen
820 2996 930 3059 aquae.

151 3065 228 3125 'lum
251 3082 348 3146 neque
372 3084 405 3127 sc
428 3065 516 3144 pandi
539 3073 667 3145 possunt
689 3065 844 3146 delphines
867 3068 899 3125 in
921 3082 1009 3126 auras

151 3152 291 3234 Tollere;
314 3160 455 3214 conantes
478 3152 553 3214 dura
576 3158 696 3214 coercet
717 3154 848 3220 hiems„

79 3253 137 3307 ,45
151 3241 191 3302 Et
214 3243 349 3320 quamvis
370 3241 477 3302 boreas
499 3243 615 3302 lactatis
638 3243 756 3301 insonet
779 3241 850 3322 alis,

151 3329 276 3392 Fluctus
298 3331 329 3391 ln
353 3329 476 3392 obsesso
499 3331 616 3409 gurgite
639 3328 738 3391 nullus
761 3332 837 3410 erit3

150 3418 363 3498 lnclusaequae
387 3418 455 3498 gelu
479 3417 600 3479 stabunt
623 3420 654 3478 in
676 3435 823 3479 marmore
846 3436 980 3501 puppes,

151 3507 213 3569 Nec
236 3510 348 3586 poterit
370 3506 479 3587 rigidas
502 3507 615 3569 findere
639 3523 740 3568 remus
762 3525 871 3586 aquas.

151 3594 285 3658 Vidimus
307 3599 339 3658 in
361 3596 454 3673 qlacie
477 3598 574 3659 uisces
597 3596 722 3657 haerere
745 3597 868 3670 ligatos.
