2467 4042
408 270 458 321 EX
474 267 594 320 PONTO
612 268 634 321 1.
653 271 776 320 11-32.

282 512 345 596 EX
371 512 520 596 Puuuu
548 512 687 595 UBER
714 510 901 596 PRIMUS.

580 713 608 787 Ι.

177 871 256 933 Naso
279 871 450 933 Tomitanae
472 873 531 932 iam
554 888 614 932 non
637 887 732 932 novus
754 869 851 931 incola
872 876 971 931 terrae
1041 891 1044 896 ¹
1068 884 1099 933 (ι)

222 958 286 1022 Hoc
308 959 363 1022 tibi
386 960 423 1021 de
447 958 549 1021 Getico
571 958 659 1021 litore
682 960 774 1020 mittit
796 976 887 1037 opus.

180 1049 212 1111 Si
235 1056 319 1110 vacat
330 1096 341 1129 ,
362 1047 492 1127 hospitio
515 1049 712 1128 peregrinoS,
735 1046 852 1126 Brute,
874 1045 989 1107 libellos

221 1136 356 1217 Excipe,
378 1137 508 1215 dumque
532 1136 653 1218 aliquo,
677 1133 810 1215 quolibet
832 1132 907 1195 ahda
929 1133 1012 1195 loco.

148 1224 300 1287 oPuhiica
323 1242 384 1285 non
407 1225 518 1286 audent
539 1227 618 1286 intra
640 1226 822 1285 monimenta
844 1224 946 1284 venire
957 1270 967 1303 ‚

221 1312 266 1374 Ne
290 1330 364 1374 suus
385 1311 443 1373 hoo
466 1312 524 1374 iilis
547 1311 689 1373 clauserit
711 1321 815 1373 auctor
838 1312 913 1371 iter.

178 1400 221 1462 A!
244 1402 383 1480 quotiens
406 1399 467 1460 dixi
491 1396 585 1461 ‘certa
607 1399 650 1460 nil
672 1408 760 1478 turpe
784 1399 915 1460 docetis:

223 1487 291 1570 lte,
312 1495 394 1567 patet
417 1490 507 1548 castis
529 1486 667 1548 versibus
689 1486 739 1547 ille
761 1482 879 1547 locusi'

179 1575 245 1637 Non
268 1585 368 1637 tamen
391 1575 559 1655 accedunt,
582 1575 635 1636 scd
647 1621 657 1653 ‚
681 1581 715 1636 ut
738 1576 845 1653 aspicis
867 1577 932 1654 ipse
944 1622 955 1655 ,
977 1573 1070 1636 latera

134 1675 167 1726 ιο
226 1663 289 1725 Sub
311 1662 374 1724 iare
396 1664 511 1741 privato
534 1664 630 1724 tutius
653 1680 719 1723 csse
741 1670 866 1742 putant.
1065 1731 1069 1739 ,

181 1752 329 1832 Quaeris,
352 1749 405 1812 uhi
427 1751 491 1812 hos
504 1753 602 1831 possis
625 1749 707 1812 nullo
730 1768 908 1830 componere
931 1748 1038 1813 laeso?

171 1849 175 1856 ’
225 1840 291 1912 Qua
312 1846 458 1901 steterant
478 1840 588 1921 Artes,
611 1857 681 1918 pars
704 1846 787 1901 vacat
809 1838 858 1900 illa
880 1839 953 1902 tibi.

183 1928 261 2000 Quid
284 1931 402 1990 veniant
414 1974 424 2008 ,
447 1930 577 1990 novitate
600 1945 688 2007 roges
711 1929 837 1990 sortasse
861 1928 916 1989 sub
939 1931 1015 2007 ipsa.

225 2017 352 2097 Accipe,
371 2016 579 2095 quodcumque
598 2025 663 2098 est3
685 2015 844 2078 dummodo
863 2034 923 2077 non
946 2020 986 2077 sit
1007 2034 1102 2077 amor.

134 2116 168 2169 15
181 2105 318 2167 invenies
330 2151 340 2185 ,
364 2107 497 2183 quamvis
520 2123 580 2166 non
604 2114 650 2166 est
672 2104 849 2167 miserabilis
871 2104 978 2183 index,

225 2193 291 2255 Non
313 2195 413 2254 miuus
436 2193 494 2253 hoc
515 2192 566 2253 iiio
589 2195 698 2273 triste,
721 2193 801 2272 quod
824 2201 891 2253 ante
915 2192 1001 2254 dedi.

181 2281 283 2343 Rebus
306 2280 408 2360 idem,
431 2279 518 2342 titulo
541 2281 663 2362 diiiert3
686 2290 716 2341 et
738 2281 885 2361 epistola,
908 2282 957 2342 cui
980 2282 1020 2342 sit

227 2368 292 2430 Non
316 2369 464 2431 occultato
486 2370 606 2430 nomine
630 2371 741 2450 missa,
766 2370 869 2430 docet.

181 2456 243 2519 Nec
267 2475 319 2518 vos
340 2457 399 2518 hoo
420 2456 532 2518 vultis:
565 2457 617 2518 sed
641 2475 696 2517 nec
718 2457 878 2538 prohibere
901 2460 1045 2538 potestiS,

135 2558 170 2608 20
228 2545 370 2623 Musaque
394 2546 430 2607 ad
452 2547 561 2606 invitos
583 2545 716 2606 officiosa
738 2547 836 2607 venit.
899 2548 903 2554 ’

183 2632 334 2711 Quidquid
351 2633 461 2713 idest,
480 2634 605 2712 adiunge
622 2636 712 2694 meis.
749 2633 822 2694 nihil
839 2633 963 2713 impedit
977 2641 1059 2695 ortos
1074 2647 1104 2695 (2)

227 2720 322 2782 Eride
345 2724 470 2783 servatis
492 2721 607 2801 legibus
631 2720 710 2783 Urbe
733 2715 810 2783 irui.
861 2800 864 2805 ⁸

184 2810 270 2883 Quod
289 2818 404 2872 metuas
421 2828 482 2871 non
501 2817 568 2871 est.
600 2810 711 2872 Antoni
730 2811 840 2888 scripta
862 2809 1020 2890 leguntur,

228 2899 340 2960 Doctus
363 2908 393 2959 ct
415 2900 447 2959 in
469 2906 610 2977 promptu
635 2899 744 2960 scrinia
766 2897 877 2960 Brutus
900 2898 1006 2961 habet.

137 2998 170 3052 25
184 2986 246 3049 Nec
270 3004 318 3047 me
340 2985 511 3048 nominibus
534 2986 666 3048 furiosus
689 2986 810 3048 coniero
833 2990 942 3049 motis:

230 3074 323 3134 Saeva
345 3074 417 3136 deos
441 3081 544 3135 contra
567 3081 750 3136 nontamen
773 3092 854 3135 arma
876 3074 949 3135 tuli.

103 3197 106 3203 ·
133 3207 138 3216 .
184 3161 319 3240 Denique
343 3161 510 3241 Caesareo,
533 3161 612 3239 quod
636 3179 697 3223 non
720 3162 869 3223 desiderat
891 3165 973 3242 ipse,

228 3248 296 3310 Non
319 3257 440 3310 carate
463 3252 575 3310 nostris
599 3249 676 3311 ullus
699 3250 813 3311 honore
836 3248 929 3310 liber.
1039 3275 1040 3279 ¹

186 3338 218 3399 Si
240 3337 359 3399 dubitas
382 3339 418 3399 de
441 3354 511 3419 me,
534 3336 637 3399 laudes
660 3337 781 3400 admitte
805 3338 948 3418 deorum,

136 3439 170 3489 30
229 3425 268 3487 Et
291 3444 411 3488 carmen
434 3425 554 3505 dempto
577 3428 697 3488 nomine
721 3444 806 3488 suma
829 3444 946 3488 meum.

184 3516 311 3577 Adiuvat
333 3517 364 3576 in
387 3514 464 3576 helio
487 3522 607 3595 pacatae
631 3532 732 3577 ramus
755 3514 867 3577 olivae:

227 3602 366 3665 Proderit
389 3612 541 3665 auctorem
563 3605 646 3683 pacis
669 3601 778 3665 habore
801 3599 902 3664 nihii?
