2467 4042
435 264 484 315 111.
504 275 525 314 v
539 266 644 316 tit—tu
658 265 700 315 44.
1012 257 1073 322 181

197 424 242 487 Ex
266 444 335 505 me,
359 428 384 487 si
408 428 529 507 neseis,
552 427 663 486 certior
687 443 753 487 esse
776 432 880 505 potes.

153 513 229 576 Huic
253 532 326 594 ego,
350 532 438 594 quam
460 517 577 594 patior,
600 513 643 574 nil
666 531 785 617 possem
804 514 923 575 demere
946 530 1075 594 poenae,

104 615 139 664 10
200 601 232 663 Si
255 602 344 663 iudex
368 604 468 663 meriti
490 619 615 681 cogerer
639 620 704 663 esse
728 604 804 662 mei.

152 689 219 751 Non
242 697 322 752 vetat
343 690 394 751 ille
417 692 465 751 sui
488 708 667 771 quemquam
689 691 859 750 meminisse
883 688 1000 771 sodalis,

197 778 260 840 Nee
281 778 421 859 prohihet
444 779 498 840 tibi
520 797 568 840 me
592 777 747 858 seribere,
771 786 860 857 teque
884 778 973 839 mihi.

153 866 216 928 Nee
239 866 337 928 scelus
361 868 519 948 admittas,
542 869 569 927 si
591 866 754 928 consoleris
778 868 922 947 amioum,

198 954 336 1016 Mollibus
360 964 390 1017 et
412 954 511 1016 verbis
534 973 640 1034 aspera
662 956 721 1015 sata
743 954 840 1016 leves.

105 1054 139 1104 15
155 1042 215 1105 Cur
227 1089 237 1124 ,
260 1043 332 1105 dum
355 1053 419 1105 tuta
442 1046 551 1125 times,
574 1043 648 1104 facis
671 1049 706 1105 ut
728 1044 894 1104 reverentia
921 1041 987 1103 talis

197 1131 263 1193 Fiat
284 1134 316 1192 in
338 1133 488 1212 Augustos
511 1131 655 1193 invidiosa
678 1128 780 1192 deos?

153 1219 298 1281 Fulminis
322 1220 444 1281 adllatos
467 1219 618 1281 interdum
642 1222 739 1281 vivere
764 1219 831 1280 telis

197 1307 332 1369 Vidimus
355 1317 385 1369 et
408 1309 514 1390 retici,
536 1326 596 1370 non
619 1308 797 1387 prohibente
820 1307 905 1383 love.

154 1394 239 1476 Nee,
262 1399 331 1474 quia
353 1395 510 1475 Neptunus
533 1414 638 1457 navem
660 1395 805 1457 lacerarat
827 1395 938 1477 Ulixis,

106 1494 141 1544 20
200 1481 370 1545 Leucothea
393 1487 476 1545 nanti
498 1485 719 1563 serre-negavit
741 1501 845 1563 opem.

155 1569 250 1632 Crede
272 1570 345 1632 milri
356 1619 366 1652 ,
389 1574 508 1633 miseris
531 1571 670 1633 eaelestia
691 1573 813 1633 numina
835 1577 980 1649 pareunt,

199 1658 261 1720 Nee
284 1677 402 1739 semper
425 1660 521 1721 laesos
544 1667 575 1720 et
597 1662 661 1721 sine
685 1660 743 1720 tine
767 1667 924 1739 premunt.

155 1747 294 1827 Principe
318 1766 373 1810 nee
397 1756 499 1809 nostro
523 1748 598 1808 deus
622 1757 668 1809 est
691 1747 871 1809 moderatior
895 1746 990 1808 ullus:

199 1834 316 1897 lustitia
338 1840 417 1899 vires
440 1842 587 1917 temperat
608 1837 658 1897 ille
682 1854 768 1898 suas.

107 1935 141 1985 25
156 1923 259 2002 Nuper
282 1942 345 1986 eam
369 1925 476 1986 Caesar
499 1927 576 1986 laeto
600 1924 637 1987 de
661 1943 809 1987 marmore
832 1923 961 2005 templo,

199 2012 377 2093 Iampridem
399 2015 500 2094 posuit
521 2016 630 2075 mentis
653 2016 684 2076 in
708 2013 780 2075 aede
804 2030 892 2075 suae.

156 2099 290 2180 luppiter
312 2104 344 2162 in
366 2103 476 2163 multos
500 2104 657 2165 temeraria
681 2101 803 2163 fulmina
825 2108 965 2181 torquet,
1032 2111 1076 2164 (⁹⁸)

201 2188 259 2259 uui
282 2207 408 2270 poenam
432 2189 518 2271 eulpa
540 2208 600 2251 non
624 2208 762 2252 meruere
785 2192 863 2270 pati.

157 2276 301 2338 Obruerit
324 2296 392 2339 eum
415 2287 460 2340 tot
483 2281 577 2340 saevis
600 2279 675 2340 deus
698 2281 836 2357 aequoris
860 2278 965 2358 undis,

108 2378 143 2427 30
201 2365 246 2425 Ex
268 2366 327 2426 illis
349 2369 444 2446 mergi
466 2384 536 2447 pars
559 2376 649 2446 quota
673 2367 760 2444 digna
784 2362 866 2427 fuit?

157 2452 232 2515 Cum
255 2464 380 2534 pereant
402 2458 465 2516 acie
488 2457 649 2517 fortissima
673 2473 830 2535 quaeque,
854 2454 900 2515 vel
922 2455 987 2533 ipso

201 2541 302 2603 ludiee
325 2542 459 2604 delectus
481 2543 584 2604 llartis
606 2546 727 2623 iniquus
751 2545 826 2603 erit.

156 2630 195 2691 At
216 2633 243 2691 si
265 2631 343 2691 sorte
365 2631 438 2693 velis
460 2634 492 2692 iu
515 2649 570 2693 nos
592 2634 769 2712 inquirere,
792 2648 879 2692 nemo
903 2638 966 2709 est,

202 2717 260 2790 Qui
283 2736 338 2800 se,
362 2720 441 2800 quod
463 2722 577 2801 patitur
589 2766 598 2800 ,
622 2721 834 2781 commeruisse
858 2727 966 2799 neget.

109 2817 142 2869 35
156 2806 262 2886 Adde,
285 2809 365 2887 quod
388 2810 536 2870 extinctos
559 2808 605 2870 vel
628 2827 726 2890 aqtra,
745 2809 791 2869 vel
808 2808 924 2889 Marte,
947 2805 993 2868 vel
1015 2807 1076 2887 igni

200 2895 286 2958 Nulla
307 2906 407 2978 potest
428 2900 539 2960 iterum
561 2900 730 2960 restituisse
754 2897 834 2958 dies.

156 2984 299 3047 Restituit
322 2984 453 3068 multos,
476 2995 528 3048 aut
550 3005 664 3065 poenae
687 2994 772 3065 parte
795 2985 900 3047 levavit

202 3072 331 3135 Caesar.
373 3075 457 3135 etin
481 3074 582 3148 multis
604 3093 675 3154 me,
698 3091 806 3154 preeor
818 3118 828 3153 ,
852 3090 918 3132 esse
941 3069 1027 3132 veliti

157 3160 196 3221 At
217 3169 274 3241 tu,
296 3178 364 3222 euru
386 3162 438 3222 tali
461 3160 588 3241 populus
611 3161 668 3222 sub
691 3163 826 3240 principe
850 3161 961 3241 simus,

111 3259 145 3309 40
202 3248 346 3327 Adloquio
368 3250 488 3329 prolugi
511 3249 609 3310 eredis
631 3252 730 3310 inesse
753 3244 892 3309 metum?

157 3335 294 3397 Forsitan
316 3335 390 3397 haee
412 3336 532 3398 domino
555 3336 692 3398 Busiride
715 3339 781 3398 iure
805 3338 945 3415 timeres,

202 3424 260 3486 dut
282 3423 370 3485 solito
393 3424 510 3486 clausos
533 3444 622 3487 urere
645 3428 676 3486 in
700 3441 768 3485 aere
791 3426 888 3486 viros.

158 3513 265 3575 Desine
288 3514 391 3574 mitem
413 3515 544 3575 animum
567 3531 642 3575 vano
664 3513 807 3574 infamare
830 3515 953 3574 timore.

203 3601 294 3663 Saeva
318 3602 389 3681 quid
413 3603 444 3663 ln
466 3601 591 3681 placidis
614 3620 683 3664 saxa
706 3604 819 3664 vereris
842 3598 953 3682 aquis?
