2467 4042
316 246 392 305 vm.
413 246 658 307 asamona
680 244 816 327 7-84,ἱ
859 335 864 344 .
1032 248 1075 312 aa

124 404 173 462 Tu
190 416 319 476 quoque
333 398 432 460 habes
447 415 598 475 proavum
609 399 756 475 Pelopem
765 399 952 477 Pelopisque
962 417 1072 477 paren·

171 484 208 544 Si
221 483 332 544 melius
347 499 507 558 numeres,
526 479 634 543 diove
650 483 773 559 quintus
788 485 859 544 erle.
993 487 1073 563 [tam.

125 568 194 629 Nee
207 569 324 629 virtute
338 583 437 628 cares.
465 568 563 628 Arma
575 567 730 629 invidiosa
744 567 854 628 tulistis

84 663 119 714 50
175 651 242 713 Sed
256 659 287 712 tu
303 652 380 726 quid
394 652 536 713 iaceres?
557 649 656 712 induit
669 652 720 712 illa
734 658 830 727 pater.

126 736 259 797 Materia
272 735 386 797 vellem
401 735 488 796 lortis
503 736 631 798 meliore
646 736 770 796 luisses.

169 819 238 880 Non
254 820 336 880 lectu
350 826 399 881 est
412 819 515 895 operi,
538 820 597 880 sed
611 820 683 880 data
699 836 795 880 causa
808 826 872 880 tuo.

128 904 218 964 Hanc
232 912 335 964 tamen
351 903 495 981 implesti.
517 904 685 979 iuguloque
698 903 867 979 Aegisthus
883 910 989 979 aperto

171 988 266 1049 Tecta
281 988 465 1062 cruentavit,
489 1003 571 1063 quae
584 992 674 1064 pater
687 994 758 1048 aute
770 994 851 1049 tuus.
1030 991 1034 997 '

85 1083 117 1133 55
129 1074 277 1149 lnorepat
287 1071 463 1145 Aeacides,
483 1072 669 1147 laudemque
685 1071 718 1131 in
732 1071 860 1132 crimina
874 1071 977 1132 vertite

168 1157 208 1216 Et
221 1164 326 1217 tamen
341 1162 486 1231 aspectus
501 1155 633 1216 sustinet
645 1154 697 1216 ille
711 1171 809 1217 meos.

126 1241 283 1315 Rumpor,
304 1247 336 1300 et
350 1254 406 1301 ora
419 1237 495 1300 mihi
508 1240 624 1315 pariter
638 1255 709 1301 cum
722 1247 824 1301 mente
837 1243 1018 1313 tumescunt,

170 1323 367 1401 Pectoraque
380 1323 509 1386 inclusis
524 1323 648 1399 ignibus
663 1329 734 1385 usta
748 1324 862 1385 dolent

125 1407 295 1469 Hermione
310 1423 416 1467 eoram
431 1408 638 1484 quisquamne
653 1405 766 1469 obiecit
780 1406 889 1482 Oresti,

85 1502 119 1555 60
172 1492 237 1552 Nee
252 1491 327 1551 mihi
342 1499 414 1552 sunt
426 1492 528 1565 vires,
551 1507 610 1552 nec
625 1491 710 1552 ierus
726 1493 811 1553 ensis
825 1493 934 1554 adeste

125 1576 215 1637 Flere
229 1574 302 1635 licet
316 1581 408 1635 certe.
430 1574 535 1636 flendo
552 1573 755 1636 diffundimus
771 1576 856 1650 iram,

166 1659 290 1736 Perque
306 1659 408 1719 sinum
421 1660 566 1721 lacrimae
581 1659 717 1720 fluminis
733 1659 831 1721 instar
844 1666 925 1720 eunt.

126 1745 191 1805 Has
207 1743 295 1805 sulas
311 1741 413 1804 habeo
428 1759 567 1819 semper,
590 1758 777 1819 semperque
790 1744 956 1820 profundo.

166 1827 282 1887 Ument
295 1827 428 1886 incultae
445 1828 530 1888 lente
546 1842 682 1903 perenna
694 1842 806 1903 genae.

85 1920 117 1973 65
128 1910 207 1972 Num
222 1910 349 1986 generis
363 1910 441 1982 lato,
465 1911 552 1986 quod
565 1918 691 1972 nostros
706 1919 787 1972 errat
800 1912 831 1971 in
847 1927 955 1986 annos,

167 1993 347 2055 Tantalides
362 2001 475 2055 matres
490 2002 563 2071 apta
575 1995 686 2071 rapina
699 2003 829 2057 sumust

124 2080 193 2138 Non
207 2095 268 2155 ego
284 2076 422 2139 fluminei
436 2079 569 2140 referam
583 2079 746 2140 mendacia
760 2079 863 2159 cygni,

167 2164 233 2223 Nec
249 2177 364 2238 querar
377 2160 409 2222 in
424 2164 537 2238 plumis
552 2163 714 2224 delituisse
726 2164 843 2225 lovem.

127 2247 194 2321 Qua
207 2247 271 2308 duo
288 2252 451 2321 porrectus
466 2248 560 2323 longe
574 2247 653 2307 ireta
664 2247 790 2308 distinet
803 2247 945 2322 Isthmos,

86 2338 118 2392 70
169 2332 270 2391 Vecta
283 2329 455 2405 peregrinis
469 2330 678 2407 Hippodamia
690 2331 777 2392 rotis.

127 2414 245 2476 Castori
260 2414 432 2492 Amyclaeo
449 2421 480 2474 et
493 2414 663 2493 Amyclaeo
677 2414 793 2476 Polluci

167 2498 303 2559 Reddita
316 2496 484 2575 Mopsopia
496 2499 644 2560 Taenaris
659 2498 736 2559 urbe
750 2515 855 2561 sorore

126 2580 273 2643 Taenaris
288 2581 384 2642 Idaeo
399 2588 484 2643 bans
499 2599 638 2657 aequora
652 2582 690 2642 ab
705 2582 830 2659 hospite
843 2590 931 2658 rapta

168 2666 333 2741 Argolicas
346 2681 404 2741 pro
422 2683 457 2728 se
471 2667 563 2728 vertit
575 2667 607 2725 ln
622 2682 707 2727 arma
721 2682 840 2728 manus.
971 2716 977 2726 .

87 2758 117 2813 75
127 2751 188 2811 Vix
204 2748 353 2824 equidem
366 2749 504 2823 memini,
527 2749 650 2810 memini
664 2757 776 2812 tamen.
799 2751 902 2812 omnia
917 2751 1025 2823 luctus,

167 2832 277 2894 Omnia
292 2833 415 2894 solliciti
429 2836 522 2910 plena
535 2834 654 2896 timoris
669 2843 765 2896 erant.

124 2917 231 2977 Flebat
243 2933 322 2978 avus
336 2915 523 2994 Phoebeque
537 2933 629 2980 soror
642 2920 817 2995 fratresque
831 2919 961 2996 gemelli,

168 3000 285 3062 Orabat
297 3016 432 3076 superos
445 3002 531 3064 Leda
545 3019 698 3080 suumque
709 3004 824 3065 lovem.

125 3086 198 3161 lpsa
212 3100 290 3160 ego,
312 3100 376 3145 non
390 3085 608 3162 longosetiam
623 3094 686 3149 turn
702 3087 803 3150 scissa
819 3087 958 3164 capillos,

86 3177 119 3231 tu
170 3167 346 3229 clamabam
362 3170 443 3231 ‘sine
458 3187 522 3244 me,
545 3187 594 3232 me
609 3172 692 3244 sina,
714 3178 823 3247 mater,
846 3169 947 3233 abisl'

126 3253 201 3313 Nam
216 3254 352 3315 coniunx
367 3252 481 3315 aberat.
513 3255 558 3317 Ne
572 3271 635 3316 non
650 3255 797 3332 Pelopeia
811 3255 930 3331 oredar,

164 3337 248 3398 Ecce
261 3337 464 3413 Neoptolemo
479 3340 597 3416 praeda
610 3345 718 3417 parata
732 3341 785 3401 lui.

125 3420 245 3482 Pelides
261 3417 377 3483 utinam
392 3422 523 3484 vitasset
537 3424 692 3500 Apollinis
709 3433 816 3486 arcus!

166 3505 333 3567 Damnaret
346 3506 409 3569 nati
424 3507 504 3569 lacta
518 3516 663 3587 proterva
678 3516 774 3583 pater.

861 3592 899 3656 7*
