<?xml version="1.0" encoding="UTF-8"?>
<!DOCTYPE html PUBLIC "-//W3C//DTD XHTML 1.0 Transitional//EN"
    "http://www.w3.org/TR/xhtml1/DTD/xhtml1-transitional.dtd">
<html xmlns="http://www.w3.org/1999/xhtml" xml:lang="en" lang="en">
 <head>
  <title>
</title>
<meta http-equiv="Content-Type" content="text/html;charset=utf-8" />
  <meta name='ocr-system' content='tesseract 3.04.00' />
  <meta name='ocr-capabilities' content='ocr_page ocr_carea ocr_par ocr_line ocrx_word'/>
</head>
<body>
  <div class='ocr_page' id='page_1' title='image "./povidiusnaso00ehwagoog_1086.png"; bbox 0 0 2467 4042; ppageno 0'>
   <div class='ocr_carea' id='block_1_1' title="bbox 185 217 789 282">
    <p class='ocr_par' dir='ltr' id='par_1_1' title="bbox 185 217 789 282">
     <span class='ocr_line' id='line_1_1' title="bbox 185 217 789 282; baseline 0.003 -15"><span class='ocrx_word' id='word_1_1' title='bbox 185 217 251 282; x_wconf 74' lang='lat'>‘250</span> <span class='ocrx_word' id='word_1_2' title='bbox 594 217 789 269; x_wconf 77' lang='lat' dir='ltr'><strong>aaarouuu</strong></span> 
     </span>
    </p>
   </div>
   <div class='ocr_carea' id='block_1_2' title="bbox 208 381 1200 3649">
    <p class='ocr_par' dir='ltr' id='par_1_2' title="bbox 208 381 1200 3649">
     <span class='ocr_line' id='line_1_2' title="bbox 318 381 1080 464; baseline 0.003 -21"><span class='ocrx_word' id='word_1_3' title='bbox 318 381 449 464; x_wconf 81' lang='lat' dir='ltr'>Errant,</span> <span class='ocrx_word' id='word_1_4' title='bbox 473 398 553 443; x_wconf 91' lang='lat' dir='ltr'><strong>nunc</strong></span> <span class='ocrx_word' id='word_1_5' title='bbox 575 383 675 461; x_wconf 84' lang='lat' dir='ltr'><strong>positu</strong></span> <span class='ocrx_word' id='word_1_6' title='bbox 697 383 833 462; x_wconf 85' lang='lat' dir='ltr'><strong>pascitur</strong></span> <span class='ocrx_word' id='word_1_7' title='bbox 855 381 962 443; x_wconf 86' lang='lat' dir='ltr'><strong>umbra</strong></span> <span class='ocrx_word' id='word_1_8' title='bbox 985 383 1080 445; x_wconf 87' lang='lat' dir='ltr'><strong>cibo.</strong></span> 
     </span>
     <span class='ocr_line' id='line_1_3' title="bbox 273 470 1200 553; baseline -0.001 -21"><span class='ocrx_word' id='word_1_9' title='bbox 273 470 334 532; x_wconf 89' lang='lat' dir='ltr'><strong>Nec</strong></span> <span class='ocrx_word' id='word_1_10' title='bbox 352 480 450 532; x_wconf 90' lang='lat' dir='ltr'><strong>tamen</strong></span> <span class='ocrx_word' id='word_1_11' title='bbox 469 470 542 530; x_wconf 90' lang='lat' dir='ltr'><strong>baec</strong></span> <span class='ocrx_word' id='word_1_12' title='bbox 561 470 662 549; x_wconf 84' lang='lat' dir='ltr'><strong>ultra,</strong></span> <span class='ocrx_word' id='word_1_13' title='bbox 685 489 774 549; x_wconf 83' lang='lat' dir='ltr'><strong>quarn</strong></span> <span class='ocrx_word' id='word_1_14' title='bbox 798 478 842 532; x_wconf 92' lang='lat' dir='ltr'><strong>tot</strong></span> <span class='ocrx_word' id='word_1_15' title='bbox 862 470 900 531; x_wconf 92' lang='lat' dir='ltr'><strong>de</strong></span> <span class='ocrx_word' id='word_1_16' title='bbox 919 488 1027 532; x_wconf 90' lang='lat' dir='ltr'><strong>mense</strong></span> <span class='ocrx_word' id='word_1_17' title='bbox 1053 475 1200 553; x_wconf 80' lang='lat' dir='ltr'><strong>supersint</strong></span> 
     </span>
     <span class='ocr_line' id='line_1_4' title="bbox 318 558 1129 640; baseline 0.004 -20"><span class='ocrx_word' id='word_1_18' title='bbox 318 558 470 640; x_wconf 78' lang='lat' dir='ltr'><strong>Luciferi,</strong></span> <span class='ocrx_word' id='word_1_19' title='bbox 494 566 567 638; x_wconf 90' lang='lat' dir='ltr'><strong>quot</strong></span> <span class='ocrx_word' id='word_1_20' title='bbox 589 558 701 620; x_wconf 90' lang='lat' dir='ltr'><strong>habent</strong></span> <span class='ocrx_word' id='word_1_21' title='bbox 724 561 856 620; x_wconf 92' lang='lat' dir='ltr'><strong>carmina</strong></span> <span class='ocrx_word' id='word_1_22' title='bbox 879 568 982 620; x_wconf 84' lang='lat' dir='ltr'><strong>nostra</strong></span> <span class='ocrx_word' id='word_1_23' title='bbox 1006 562 1129 639; x_wconf 85' lang='lat' dir='ltr'><strong>pedes.</strong></span> 
     </span>
     <span class='ocr_line' id='line_1_5' title="bbox 275 646 1138 732; baseline 0.003 -24"><span class='ocrx_word' id='word_1_24' title='bbox 275 646 379 727; x_wconf 85' lang='lat' dir='ltr'><strong>lianc,</strong></span> <span class='ocrx_word' id='word_1_25' title='bbox 402 649 471 726; x_wconf 87' lang='lat' dir='ltr'><strong>quia</strong></span> <span class='ocrx_word' id='word_1_26' title='bbox 494 649 572 708; x_wconf 90' lang='lat' dir='ltr'><strong>iusta</strong></span> <span class='ocrx_word' id='word_1_27' title='bbox 595 647 698 707; x_wconf 87' lang='lat' dir='ltr'><strong>ierunt</strong></span> <span class='ocrx_word' id='word_1_28' title='bbox 710 695 719 726; x_wconf 88' lang='lat'><em>‚</em></span> <span class='ocrx_word' id='word_1_29' title='bbox 743 648 845 708; x_wconf 83' lang='lat' dir='ltr'>dixere</span> <span class='ocrx_word' id='word_1_30' title='bbox 870 646 985 708; x_wconf 78' lang='lat' dir='ltr'><strong>Feralia</strong></span> <span class='ocrx_word' id='word_1_31' title='bbox 1010 648 1138 732; x_wconf 86' lang='lat' dir='ltr'><strong>lucem,</strong></span> 
     </span>
     <span class='ocr_line' id='line_1_6' title="bbox 208 734 941 814; baseline 0 -17"><span class='ocrx_word' id='word_1_32' title='bbox 208 748 260 798; x_wconf 76' lang='lat' dir='ltr'><strong>otu</strong></span> <span class='ocrx_word' id='word_1_33' title='bbox 319 735 427 797; x_wconf 86' lang='lat' dir='ltr'><strong>Ultima</strong></span> <span class='ocrx_word' id='word_1_34' title='bbox 449 734 600 814; x_wconf 80' lang='lat' dir='ltr'><strong>placandis</strong></span> <span class='ocrx_word' id='word_1_35' title='bbox 623 735 761 796; x_wconf 89' lang='lat' dir='ltr'><strong>manibus</strong></span> <span class='ocrx_word' id='word_1_36' title='bbox 783 735 833 797; x_wconf 88' lang='lat' dir='ltr'><strong>illa</strong></span> <span class='ocrx_word' id='word_1_37' title='bbox 856 737 941 797; x_wconf 86' lang='lat' dir='ltr'><strong>dies.</strong></span> 
     </span>
     <span class='ocr_line' id='line_1_7' title="bbox 274 823 1088 904; baseline 0.001 -18"><span class='ocrx_word' id='word_1_38' title='bbox 274 823 351 886; x_wconf 83' lang='lat' dir='ltr'><strong>Ecce</strong></span> <span class='ocrx_word' id='word_1_39' title='bbox 375 841 470 885; x_wconf 88' lang='lat' dir='ltr'><strong>annus</strong></span> <span class='ocrx_word' id='word_1_40' title='bbox 492 825 524 884; x_wconf 92' lang='lat' dir='ltr'><strong>iu</strong></span> <span class='ocrx_word' id='word_1_41' title='bbox 548 824 654 884; x_wconf 90' lang='lat' dir='ltr'><strong>mediis</strong></span> <span class='ocrx_word' id='word_1_42' title='bbox 677 825 813 885; x_wconf 87' lang='lat' dir='ltr'><strong>residens</strong></span> <span class='ocrx_word' id='word_1_43' title='bbox 836 841 948 885; x_wconf 86' lang='lat' dir='ltr'><strong>annosa</strong></span> <span class='ocrx_word' id='word_1_44' title='bbox 971 825 1088 904; x_wconf 83' lang='lat' dir='ltr'>puellis</span> 
     </span>
     <span class='ocr_line' id='line_1_8' title="bbox 322 910 1090 993; baseline 0.003 -18"><span class='ocrx_word' id='word_1_45' title='bbox 322 912 410 975; x_wconf 87' lang='lat' dir='ltr'><strong>Sacra</strong></span> <span class='ocrx_word' id='word_1_46' title='bbox 434 913 505 974; x_wconf 88' lang='lat' dir='ltr'><strong>iacit</strong></span> <span class='ocrx_word' id='word_1_47' title='bbox 527 910 670 974; x_wconf 83' lang='lat' dir='ltr'><strong>Tacitae:</strong></span> <span class='ocrx_word' id='word_1_48' title='bbox 702 916 750 973; x_wconf 82' lang='lat' dir='ltr'><strong>vix</strong></span> <span class='ocrx_word' id='word_1_49' title='bbox 774 922 873 974; x_wconf 90' lang='lat' dir='ltr'><strong>tamen</strong></span> <span class='ocrx_word' id='word_1_50' title='bbox 896 915 961 993; x_wconf 90' lang='lat' dir='ltr'><strong>ipsa</strong></span> <span class='ocrx_word' id='word_1_51' title='bbox 984 921 1090 977; x_wconf 85' lang='lat' dir='ltr'><strong>tacet:</strong></span> 
     </span>
     <span class='ocr_line' id='line_1_9' title="bbox 275 1000 1066 1083; baseline 0.001 -21"><span class='ocrx_word' id='word_1_52' title='bbox 275 1001 314 1062; x_wconf 86' lang='lat' dir='ltr'><strong>Et</strong></span> <span class='ocrx_word' id='word_1_53' title='bbox 336 1001 436 1078; x_wconf 76' lang='lat' dir='ltr'><strong>digitis</strong></span> <span class='ocrx_word' id='word_1_54' title='bbox 459 1003 515 1061; x_wconf 91' lang='lat' dir='ltr'><strong>tria</strong></span> <span class='ocrx_word' id='word_1_55' title='bbox 539 1009 606 1062; x_wconf 89' lang='lat' dir='ltr'><strong>tura</strong></span> <span class='ocrx_word' id='word_1_56' title='bbox 630 1000 727 1062; x_wconf 90' lang='lat' dir='ltr'><strong>tribus</strong></span> <span class='ocrx_word' id='word_1_57' title='bbox 751 1001 807 1062; x_wconf 92' lang='lat' dir='ltr'><strong>sub</strong></span> <span class='ocrx_word' id='word_1_58' title='bbox 831 1001 932 1061; x_wconf 91' lang='lat' dir='ltr'><strong>limine</strong></span> <span class='ocrx_word' id='word_1_59' title='bbox 956 1005 1066 1083; x_wconf 83' lang='lat' dir='ltr'><strong>ponit,</strong></span> 
     </span>
     <span class='ocr_line' id='line_1_10' title="bbox 320 1088 1053 1160; baseline 0.007 -11"><span class='ocrx_word' id='word_1_60' title='bbox 320 1089 383 1160; x_wconf 83' lang='lat' dir='ltr'><strong>Qua</strong></span> <span class='ocrx_word' id='word_1_61' title='bbox 408 1088 506 1150; x_wconf 88' lang='lat' dir='ltr'><strong>brevis</strong></span> <span class='ocrx_word' id='word_1_62' title='bbox 529 1089 680 1150; x_wconf 90' lang='lat' dir='ltr'><strong>occultum</strong></span> <span class='ocrx_word' id='word_1_63' title='bbox 703 1108 771 1151; x_wconf 89' lang='lat' dir='ltr'><strong>mus</strong></span> <span class='ocrx_word' id='word_1_64' title='bbox 794 1089 852 1150; x_wconf 90' lang='lat' dir='ltr'><strong>sibi</strong></span> <span class='ocrx_word' id='word_1_65' title='bbox 875 1091 947 1150; x_wconf 86' lang='lat' dir='ltr'><strong>lecit</strong></span> <span class='ocrx_word' id='word_1_66' title='bbox 970 1093 1053 1154; x_wconf 83' lang='lat' dir='ltr'><strong>iter.</strong></span> 
     </span>
     <span class='ocr_line' id='line_1_11' title="bbox 210 1177 1062 1261; baseline 0 -21"><span class='ocrx_word' id='word_1_67' title='bbox 210 1190 261 1242; x_wconf 76' lang='lat' dir='ltr'><strong>otu</strong></span> <span class='ocrx_word' id='word_1_68' title='bbox 275 1178 360 1239; x_wconf 82' lang='lat' dir='ltr'><strong>Tunc</strong></span> <span class='ocrx_word' id='word_1_69' title='bbox 383 1185 500 1239; x_wconf 84' lang='lat' dir='ltr'><strong>cantata</strong></span> <span class='ocrx_word' id='word_1_70' title='bbox 522 1177 594 1256; x_wconf 91' lang='lat' dir='ltr'><strong>ligat</strong></span> <span class='ocrx_word' id='word_1_71' title='bbox 616 1196 686 1239; x_wconf 92' lang='lat' dir='ltr'><strong>cum</strong></span> <span class='ocrx_word' id='word_1_72' title='bbox 708 1179 793 1239; x_wconf 84' lang='lat' dir='ltr'><strong>lusco</strong></span> <span class='ocrx_word' id='word_1_73' title='bbox 816 1178 884 1239; x_wconf 87' lang='lat' dir='ltr'><strong>licia</strong></span> <span class='ocrx_word' id='word_1_74' title='bbox 907 1177 1062 1261; x_wconf 85' lang='lat' dir='ltr'><strong>rhombo,</strong></span> 
     </span>
     <span class='ocr_line' id='line_1_12' title="bbox 322 1266 997 1346; baseline 0.001 -19"><span class='ocrx_word' id='word_1_75' title='bbox 322 1266 360 1328; x_wconf 84' lang='lat' dir='ltr'><strong>Et</strong></span> <span class='ocrx_word' id='word_1_76' title='bbox 382 1274 497 1346; x_wconf 84' lang='lat' dir='ltr'><strong>septem</strong></span> <span class='ocrx_word' id='word_1_77' title='bbox 520 1267 621 1346; x_wconf 86' lang='lat' dir='ltr'><strong>nigras</strong></span> <span class='ocrx_word' id='word_1_78' title='bbox 644 1275 743 1328; x_wconf 85' lang='lat' dir='ltr'><strong>versat</strong></span> <span class='ocrx_word' id='word_1_79' title='bbox 764 1270 796 1327; x_wconf 91' lang='lat' dir='ltr'><strong>in</strong></span> <span class='ocrx_word' id='word_1_80' title='bbox 820 1284 873 1327; x_wconf 88' lang='lat' dir='ltr'><strong>ore</strong></span> <span class='ocrx_word' id='word_1_81' title='bbox 896 1266 997 1328; x_wconf 84' lang='lat' dir='ltr'><strong>fabas.</strong></span> 
     </span>
     <span class='ocr_line' id='line_1_13' title="bbox 278 1353 1167 1438; baseline 0.006 -22"><span class='ocrx_word' id='word_1_82' title='bbox 278 1354 422 1434; x_wconf 82' lang='lat' dir='ltr'>Quodque</span> <span class='ocrx_word' id='word_1_83' title='bbox 445 1357 512 1434; x_wconf 88' lang='lat' dir='ltr'><strong>pice</strong></span> <span class='ocrx_word' id='word_1_84' title='bbox 535 1353 715 1434; x_wconf 85' lang='lat' dir='ltr'><strong>adstrinxit,</strong></span> <span class='ocrx_word' id='word_1_85' title='bbox 743 1356 822 1434; x_wconf 88' lang='lat' dir='ltr'><strong>quod</strong></span> <span class='ocrx_word' id='word_1_86' title='bbox 845 1373 901 1417; x_wconf 92' lang='lat' dir='ltr'><strong>acu</strong></span> <span class='ocrx_word' id='word_1_87' title='bbox 924 1358 1051 1418; x_wconf 86' lang='lat' dir='ltr'><strong>traiecit</strong></span> <span class='ocrx_word' id='word_1_88' title='bbox 1075 1364 1167 1438; x_wconf 78' lang='lat' dir='ltr'><strong>aena,</strong></span> 
     </span>
     <span class='ocr_line' id='line_1_14' title="bbox 323 1443 1011 1526; baseline 0 -21"><span class='ocrx_word' id='word_1_89' title='bbox 323 1443 470 1505; x_wconf 84' lang='lat' dir='ltr'><strong>Obsutum</strong></span> <span class='ocrx_word' id='word_1_90' title='bbox 493 1461 614 1504; x_wconf 86' lang='lat' dir='ltr'><strong>maenae</strong></span> <span class='ocrx_word' id='word_1_91' title='bbox 637 1451 734 1505; x_wconf 89' lang='lat' dir='ltr'><strong>torret</strong></span> <span class='ocrx_word' id='word_1_92' title='bbox 755 1447 787 1505; x_wconf 92' lang='lat' dir='ltr'><strong>in</strong></span> <span class='ocrx_word' id='word_1_93' title='bbox 810 1447 878 1522; x_wconf 89' lang='lat' dir='ltr'><strong>igne</strong></span> <span class='ocrx_word' id='word_1_94' title='bbox 902 1453 1011 1526; x_wconf 82' lang='lat' dir='ltr'><strong>caput3</strong></span> 
     </span>
     <span class='ocr_line' id='line_1_15' title="bbox 277 1530 1167 1612; baseline 0.008 -20"><span class='ocrx_word' id='word_1_95' title='bbox 277 1532 349 1594; x_wconf 86' lang='lat' dir='ltr'><strong>Vina</strong></span> <span class='ocrx_word' id='word_1_96' title='bbox 373 1549 492 1611; x_wconf 87' lang='lat' dir='ltr'><strong>quoque</strong></span> <span class='ocrx_word' id='word_1_97' title='bbox 515 1530 659 1593; x_wconf 87' lang='lat' dir='ltr'><strong>instillat.</strong></span> <span class='ocrx_word' id='word_1_98' title='bbox 702 1535 763 1594; x_wconf 89' lang='lat' dir='ltr'><strong>vini</strong></span> <span class='ocrx_word' id='word_1_99' title='bbox 786 1531 996 1612; x_wconf 90' lang='lat' dir='ltr'><strong>quodcumque</strong></span> <span class='ocrx_word' id='word_1_100' title='bbox 1020 1534 1167 1598; x_wconf 89' lang='lat' dir='ltr'><strong>relictum</strong></span> 
     </span>
     <span class='ocr_line' id='line_1_16' title="bbox 829 1631 892 1701; baseline -0.016 -19"><span class='ocrx_word' id='word_1_101' title='bbox 829 1631 892 1701; x_wconf 82' lang='lat' dir='ltr'><strong>est,</strong></span> 
     </span>
     <span class='ocr_line' id='line_1_17' title="bbox 213 1709 1179 1794; baseline -0.001 -21"><span class='ocrx_word' id='word_1_102' title='bbox 213 1722 265 1775; x_wconf 77' lang='lat'><strong>580</strong></span> <span class='ocrx_word' id='word_1_103' title='bbox 324 1709 383 1771; x_wconf 88' lang='lat' dir='ltr'><strong>llut</strong></span> <span class='ocrx_word' id='word_1_104' title='bbox 405 1712 491 1791; x_wconf 86' lang='lat' dir='ltr'><strong>ipsa,</strong></span> <span class='ocrx_word' id='word_1_105' title='bbox 514 1718 565 1772; x_wconf 90' lang='lat' dir='ltr'><strong>aut</strong></span> <span class='ocrx_word' id='word_1_106' title='bbox 588 1711 735 1790; x_wconf 82' lang='lat' dir='ltr'><strong>comites,</strong></span> <span class='ocrx_word' id='word_1_107' title='bbox 757 1709 826 1790; x_wconf 88' lang='lat' dir='ltr'><strong>plus</strong></span> <span class='ocrx_word' id='word_1_108' title='bbox 850 1718 948 1770; x_wconf 88' lang='lat' dir='ltr'><strong>tamen</strong></span> <span class='ocrx_word' id='word_1_109' title='bbox 970 1711 1065 1794; x_wconf 86' lang='lat' dir='ltr'><strong>ipsa,</strong></span> <span class='ocrx_word' id='word_1_110' title='bbox 1090 1713 1179 1776; x_wconf 83' lang='lat' dir='ltr'><strong>bibit.</strong></span> 
     </span>
     <span class='ocr_line' id='line_1_18' title="bbox 280 1793 1029 1877; baseline 0 -18"><span class='ocrx_word' id='word_1_111' title='bbox 280 1794 426 1861; x_wconf 75' lang='lat' dir='ltr'><strong>‘Hostiles</strong></span> <span class='ocrx_word' id='word_1_112' title='bbox 448 1799 563 1877; x_wconf 80' lang='lat' dir='ltr'><strong>linguas</strong></span> <span class='ocrx_word' id='word_1_113' title='bbox 586 1801 765 1877; x_wconf 88' lang='lat' dir='ltr'><strong>inimicaque</strong></span> <span class='ocrx_word' id='word_1_114' title='bbox 788 1799 936 1859; x_wconf 80' lang='lat' dir='ltr'><strong>vinximus</strong></span> <span class='ocrx_word' id='word_1_115' title='bbox 958 1793 1029 1859; x_wconf 91' lang='lat' dir='ltr'><strong>ora&#39;</strong></span> 
     </span>
     <span class='ocr_line' id='line_1_19' title="bbox 324 1886 965 1969; baseline 0.003 -22"><span class='ocrx_word' id='word_1_116' title='bbox 324 1887 401 1949; x_wconf 83' lang='lat' dir='ltr'><strong>uicit</strong></span> <span class='ocrx_word' id='word_1_117' title='bbox 423 1887 602 1969; x_wconf 87' lang='lat' dir='ltr'><strong>discedens,</strong></span> <span class='ocrx_word' id='word_1_118' title='bbox 626 1886 766 1965; x_wconf 86' lang='lat' dir='ltr'><strong>ebriaque</strong></span> <span class='ocrx_word' id='word_1_119' title='bbox 790 1889 851 1947; x_wconf 86' lang='lat' dir='ltr'><strong>exit</strong></span> <span class='ocrx_word' id='word_1_120' title='bbox 874 1904 965 1949; x_wconf 85' lang='lat' dir='ltr'><strong>anus.</strong></span> 
     </span>
     <span class='ocr_line' id='line_1_20' title="bbox 280 1974 1143 2056; baseline 0.001 -17"><span class='ocrx_word' id='word_1_121' title='bbox 280 1977 420 2039; x_wconf 84' lang='lat' dir='ltr'><strong>Protinus</strong></span> <span class='ocrx_word' id='word_1_122' title='bbox 443 1993 459 2036; x_wconf 92' lang='lat' dir='ltr'><strong>a</strong></span> <span class='ocrx_word' id='word_1_123' title='bbox 482 1975 568 2037; x_wconf 90' lang='lat' dir='ltr'><strong>nobis</strong></span> <span class='ocrx_word' id='word_1_124' title='bbox 581 2022 590 2056; x_wconf 86' lang='lat'><strong><em>,</em></strong></span> <span class='ocrx_word' id='word_1_125' title='bbox 614 1993 689 2055; x_wconf 90' lang='lat' dir='ltr'><strong>quae</strong></span> <span class='ocrx_word' id='word_1_126' title='bbox 713 1977 753 2036; x_wconf 89' lang='lat' dir='ltr'><strong>sit</strong></span> <span class='ocrx_word' id='word_1_127' title='bbox 775 1974 829 2035; x_wconf 88' lang='lat' dir='ltr'><strong>dea</strong></span> <span class='ocrx_word' id='word_1_128' title='bbox 852 1974 932 2035; x_wconf 86' lang='lat' dir='ltr'><strong>liuta</strong></span> <span class='ocrx_word' id='word_1_129' title='bbox 944 2020 954 2053; x_wconf 91' lang='lat'>‚</span> <span class='ocrx_word' id='word_1_130' title='bbox 978 1977 1143 2055; x_wconf 87' lang='lat' dir='ltr'><strong>requires.</strong></span> 
     </span>
     <span class='ocr_line' id='line_1_21' title="bbox 324 2063 1098 2146; baseline 0.001 -20"><span class='ocrx_word' id='word_1_131' title='bbox 324 2065 432 2146; x_wconf 81' lang='lat' dir='ltr'><strong>bisce,</strong></span> <span class='ocrx_word' id='word_1_132' title='bbox 455 2082 509 2145; x_wconf 91' lang='lat' dir='ltr'><strong>per</strong></span> <span class='ocrx_word' id='word_1_133' title='bbox 532 2067 670 2142; x_wconf 88' lang='lat' dir='ltr'><strong>antiquos</strong></span> <span class='ocrx_word' id='word_1_134' title='bbox 694 2081 770 2143; x_wconf 89' lang='lat' dir='ltr'><strong>quae</strong></span> <span class='ocrx_word' id='word_1_135' title='bbox 793 2063 866 2123; x_wconf 91' lang='lat' dir='ltr'><strong>mihi</strong></span> <span class='ocrx_word' id='word_1_136' title='bbox 888 2070 957 2123; x_wconf 90' lang='lat' dir='ltr'><strong>uota</strong></span> <span class='ocrx_word' id='word_1_137' title='bbox 981 2081 1098 2127; x_wconf 86' lang='lat' dir='ltr'><strong>senes.</strong></span> 
     </span>
     <span class='ocr_line' id='line_1_22' title="bbox 214 2151 1040 2235; baseline -0.005 -18"><span class='ocrx_word' id='word_1_138' title='bbox 214 2167 266 2219; x_wconf 74' lang='lat' dir='ltr'><strong>oua</strong></span> <span class='ocrx_word' id='word_1_139' title='bbox 281 2153 414 2234; x_wconf 83' lang='lat' dir='ltr'><strong>luppiter</strong></span> <span class='ocrx_word' id='word_1_140' title='bbox 426 2201 435 2235; x_wconf 90' lang='lat'>,</span> <span class='ocrx_word' id='word_1_141' title='bbox 458 2153 602 2214; x_wconf 90' lang='lat' dir='ltr'><strong>indomito</strong></span> <span class='ocrx_word' id='word_1_142' title='bbox 626 2151 767 2214; x_wconf 88' lang='lat' dir='ltr'><strong>luturuae</strong></span> <span class='ocrx_word' id='word_1_143' title='bbox 791 2160 895 2231; x_wconf 87' lang='lat' dir='ltr'><strong>captus</strong></span> <span class='ocrx_word' id='word_1_144' title='bbox 918 2169 1040 2234; x_wconf 87' lang='lat' dir='ltr'><strong>amore,</strong></span> 
     </span>
     <span class='ocr_line' id='line_1_23' title="bbox 324 2240 952 2319; baseline -0.003 -16"><span class='ocrx_word' id='word_1_145' title='bbox 324 2240 414 2303; x_wconf 89' lang='lat' dir='ltr'><strong>llulta</strong></span> <span class='ocrx_word' id='word_1_146' title='bbox 438 2241 506 2303; x_wconf 91' lang='lat' dir='ltr'><strong>tulit</strong></span> <span class='ocrx_word' id='word_1_147' title='bbox 527 2249 611 2302; x_wconf 87' lang='lat' dir='ltr'><strong>tanto</strong></span> <span class='ocrx_word' id='word_1_148' title='bbox 635 2258 695 2301; x_wconf 90' lang='lat' dir='ltr'><strong>non</strong></span> <span class='ocrx_word' id='word_1_149' title='bbox 718 2240 856 2319; x_wconf 85' lang='lat' dir='ltr'><strong>patienda</strong></span> <span class='ocrx_word' id='word_1_150' title='bbox 879 2240 952 2301; x_wconf 92' lang='lat' dir='ltr'><strong>deo.</strong></span> 
     </span>
     <span class='ocr_line' id='line_1_24' title="bbox 281 2326 1005 2410; baseline -0.006 -17"><span class='ocrx_word' id='word_1_151' title='bbox 281 2331 332 2394; x_wconf 88' lang='lat' dir='ltr'><strong>llla</strong></span> <span class='ocrx_word' id='word_1_152' title='bbox 355 2330 442 2391; x_wconf 88' lang='lat' dir='ltr'><strong>modo</strong></span> <span class='ocrx_word' id='word_1_153' title='bbox 465 2333 496 2391; x_wconf 92' lang='lat' dir='ltr'><strong>in</strong></span> <span class='ocrx_word' id='word_1_154' title='bbox 520 2330 601 2391; x_wconf 88' lang='lat' dir='ltr'><strong>silvis</strong></span> <span class='ocrx_word' id='word_1_155' title='bbox 624 2331 704 2390; x_wconf 89' lang='lat' dir='ltr'><strong>inter</strong></span> <span class='ocrx_word' id='word_1_156' title='bbox 726 2328 856 2408; x_wconf 79' lang='lat' dir='ltr'><strong>coryleta</strong></span> <span class='ocrx_word' id='word_1_157' title='bbox 878 2326 1005 2410; x_wconf 83' lang='lat' dir='ltr'><strong>latebat,</strong></span> 
     </span>
     <span class='ocr_line' id='line_1_25' title="bbox 325 2416 937 2498; baseline -0.007 -17"><span class='ocrx_word' id='word_1_158' title='bbox 325 2420 411 2481; x_wconf 88' lang='lat' dir='ltr'><strong>Nunc</strong></span> <span class='ocrx_word' id='word_1_159' title='bbox 434 2422 464 2481; x_wconf 93' lang='lat' dir='ltr'><strong>ln</strong></span> <span class='ocrx_word' id='word_1_160' title='bbox 488 2427 627 2498; x_wconf 87' lang='lat' dir='ltr'><strong>cognatas</strong></span> <span class='ocrx_word' id='word_1_161' title='bbox 650 2416 805 2479; x_wconf 87' lang='lat' dir='ltr'><strong>desiliebat</strong></span> <span class='ocrx_word' id='word_1_162' title='bbox 827 2434 937 2496; x_wconf 87' lang='lat' dir='ltr'><strong>aquas.</strong></span> 
     </span>
     <span class='ocr_line' id='line_1_26' title="bbox 281 2505 1084 2587; baseline -0.005 -15"><span class='ocrx_word' id='word_1_163' title='bbox 281 2509 431 2573; x_wconf 84' lang='lat' dir='ltr'><strong>Convocat</strong></span> <span class='ocrx_word' id='word_1_164' title='bbox 457 2507 505 2569; x_wconf 90' lang='lat' dir='ltr'><strong>hio</strong></span> <span class='ocrx_word' id='word_1_165' title='bbox 534 2507 699 2587; x_wconf 83' lang='lat' dir='ltr'><strong>nymphas,</strong></span> <span class='ocrx_word' id='word_1_166' title='bbox 728 2505 846 2568; x_wconf 88' lang='lat' dir='ltr'><strong>Latium</strong></span> <span class='ocrx_word' id='word_1_167' title='bbox 872 2523 1084 2585; x_wconf 80' lang='lat' dir='ltr'><strong>qrraecumque</strong></span> 
     </span>
     <span class='ocr_line' id='line_1_27' title="bbox 831 2593 991 2675; baseline -0.006 -20"><span class='ocrx_word' id='word_1_168' title='bbox 831 2593 991 2675; x_wconf 86' lang='lat' dir='ltr'><strong>tenebant,</strong></span> 
     </span>
     <span class='ocr_line' id='line_1_28' title="bbox 216 2682 968 2752; baseline -0.013 0"><span class='ocrx_word' id='word_1_169' title='bbox 216 2701 277 2752; x_wconf 77' lang='lat' dir='ltr'><strong>auu·</strong></span> <span class='ocrx_word' id='word_1_170' title='bbox 327 2686 366 2747; x_wconf 82' lang='lat' dir='ltr'><strong>lit</strong></span> <span class='ocrx_word' id='word_1_171' title='bbox 387 2688 458 2748; x_wconf 91' lang='lat' dir='ltr'><strong>iacit</strong></span> <span class='ocrx_word' id='word_1_172' title='bbox 480 2689 511 2748; x_wconf 90' lang='lat' dir='ltr'><strong>in</strong></span> <span class='ocrx_word' id='word_1_173' title='bbox 534 2685 632 2747; x_wconf 89' lang='lat' dir='ltr'><strong>medio</strong></span> <span class='ocrx_word' id='word_1_174' title='bbox 655 2683 723 2745; x_wconf 89' lang='lat' dir='ltr'><strong>talia</strong></span> <span class='ocrx_word' id='word_1_175' title='bbox 745 2683 836 2745; x_wconf 79' lang='lat' dir='ltr'><strong>verba</strong></span> <span class='ocrx_word' id='word_1_176' title='bbox 858 2682 968 2744; x_wconf 78' lang='lat' dir='ltr'><strong>eboror</strong></span> 
     </span>
     <span class='ocr_line' id='line_1_29' title="bbox 284 2770 1092 2856; baseline -0.006 -20"><span class='ocrx_word' id='word_1_177' title='bbox 284 2771 415 2837; x_wconf 77' lang='lat' dir='ltr'><strong>‘invidet</strong></span> <span class='ocrx_word' id='word_1_178' title='bbox 437 2778 501 2856; x_wconf 89' lang='lat' dir='ltr'><strong>ipsa</strong></span> <span class='ocrx_word' id='word_1_179' title='bbox 524 2774 582 2835; x_wconf 89' lang='lat' dir='ltr'><strong>sibi</strong></span> <span class='ocrx_word' id='word_1_180' title='bbox 594 2821 603 2855; x_wconf 83' lang='lat'><em>,</em></span> <span class='ocrx_word' id='word_1_181' title='bbox 627 2775 757 2852; x_wconf 85' lang='lat' dir='ltr'><strong>vitatque</strong></span> <span class='ocrx_word' id='word_1_182' title='bbox 781 2772 860 2851; x_wconf 89' lang='lat' dir='ltr'><strong>quod</strong></span> <span class='ocrx_word' id='word_1_183' title='bbox 884 2771 1003 2851; x_wconf 82' lang='lat' dir='ltr'><strong>expedit</strong></span> <span class='ocrx_word' id='word_1_184' title='bbox 1026 2770 1070 2832; x_wconf 89' lang='lat' dir='ltr'><strong>illi</strong></span> <span class='ocrx_word' id='word_1_185' title='bbox 1082 2820 1092 2853; x_wconf 84' lang='lat'><strong>,</strong></span> 
     </span>
     <span class='ocr_line' id='line_1_30' title="bbox 327 2859 1108 2943; baseline -0.003 -19"><span class='ocrx_word' id='word_1_186' title='bbox 327 2864 432 2926; x_wconf 85' lang='lat' dir='ltr'><strong>Vestra</strong></span> <span class='ocrx_word' id='word_1_187' title='bbox 455 2880 563 2943; x_wconf 82' lang='lat' dir='ltr'><strong>soror,</strong></span> <span class='ocrx_word' id='word_1_188' title='bbox 586 2880 702 2924; x_wconf 90' lang='lat' dir='ltr'><strong>summo</strong></span> <span class='ocrx_word' id='word_1_189' title='bbox 725 2863 849 2940; x_wconf 91' lang='lat' dir='ltr'><strong>iungere</strong></span> <span class='ocrx_word' id='word_1_190' title='bbox 873 2859 1005 2921; x_wconf 86' lang='lat' dir='ltr'><strong>membra</strong></span> <span class='ocrx_word' id='word_1_191' title='bbox 1029 2860 1108 2922; x_wconf 86' lang='lat' dir='ltr'><strong>deo.</strong></span> 
     </span>
     <span class='ocr_line' id='line_1_31' title="bbox 284 2950 1199 3033; baseline -0.002 -17"><span class='ocrx_word' id='word_1_192' title='bbox 284 2953 435 3016; x_wconf 86' lang='lat' dir='ltr'><strong>Consulite</strong></span> <span class='ocrx_word' id='word_1_193' title='bbox 459 2951 625 3013; x_wconf 82' lang='lat' dir='ltr'><strong>ambobus!</strong></span> <span class='ocrx_word' id='word_1_194' title='bbox 657 2968 726 3012; x_wconf 92' lang='lat' dir='ltr'><strong>nam</strong></span> <span class='ocrx_word' id='word_1_195' title='bbox 748 2967 824 3028; x_wconf 88' lang='lat' dir='ltr'><strong>quae</strong></span> <span class='ocrx_word' id='word_1_196' title='bbox 842 2967 908 3011; x_wconf 88' lang='lat' dir='ltr'><strong>mea</strong></span> <span class='ocrx_word' id='word_1_197' title='bbox 925 2966 1032 3028; x_wconf 88' lang='lat' dir='ltr'><strong>magna</strong></span> <span class='ocrx_word' id='word_1_198' title='bbox 1055 2950 1199 3033; x_wconf 81' lang='lat' dir='ltr'><strong>voluptas,</strong></span> 
     </span>
     <span class='ocr_line' id='line_1_32' title="bbox 328 3040 933 3119; baseline -0.007 -15"><span class='ocrx_word' id='word_1_199' title='bbox 328 3042 444 3104; x_wconf 86' lang='lat' dir='ltr'><strong>Utilitas</strong></span> <span class='ocrx_word' id='word_1_200' title='bbox 467 3049 582 3101; x_wconf 89' lang='lat' dir='ltr'><strong>restrae</strong></span> <span class='ocrx_word' id='word_1_201' title='bbox 606 3042 700 3119; x_wconf 85' lang='lat' dir='ltr'><strong>prima</strong></span> <span class='ocrx_word' id='word_1_202' title='bbox 724 3040 835 3100; x_wconf 93' lang='lat' dir='ltr'><strong>sororis</strong></span> <span class='ocrx_word' id='word_1_203' title='bbox 859 3040 933 3100; x_wconf 88' lang='lat' dir='ltr'><strong>erit.</strong></span> 
     </span>
     <span class='ocr_line' id='line_1_33' title="bbox 217 3127 991 3209; baseline -0.012 -14"><span class='ocrx_word' id='word_1_204' title='bbox 217 3145 270 3196; x_wconf 74' lang='lat' dir='ltr'><strong>aaa</strong></span> <span class='ocrx_word' id='word_1_205' title='bbox 284 3132 342 3194; x_wconf 86' lang='lat' dir='ltr'><strong>Vos</strong></span> <span class='ocrx_word' id='word_1_206' title='bbox 366 3131 408 3192; x_wconf 93' lang='lat' dir='ltr'><strong>illi</strong></span> <span class='ocrx_word' id='word_1_207' title='bbox 431 3132 462 3191; x_wconf 89' lang='lat' dir='ltr'><strong>in</strong></span> <span class='ocrx_word' id='word_1_208' title='bbox 486 3131 579 3209; x_wconf 83' lang='lat' dir='ltr'><strong>prima</strong></span> <span class='ocrx_word' id='word_1_209' title='bbox 603 3129 729 3208; x_wconf 80' lang='lat' dir='ltr'><strong>fugienti</strong></span> <span class='ocrx_word' id='word_1_210' title='bbox 752 3127 887 3189; x_wconf 89' lang='lat' dir='ltr'><strong>obsistite</strong></span> <span class='ocrx_word' id='word_1_211' title='bbox 910 3128 991 3206; x_wconf 90' lang='lat' dir='ltr'><strong>ripa,</strong></span> 
     </span>
     <span class='ocr_line' id='line_1_34' title="bbox 328 3207 1027 3295; baseline -0.011 -13"><span class='ocrx_word' id='word_1_212' title='bbox 328 3220 371 3282; x_wconf 90' lang='lat' dir='ltr'><strong>Ne</strong></span> <span class='ocrx_word' id='word_1_213' title='bbox 394 3238 448 3282; x_wconf 89' lang='lat' dir='ltr'><strong>sua</strong></span> <span class='ocrx_word' id='word_1_214' title='bbox 470 3219 609 3279; x_wconf 89' lang='lat' dir='ltr'><strong>lluminea</strong></span> <span class='ocrx_word' id='word_1_215' title='bbox 633 3233 758 3295; x_wconf 86' lang='lat' dir='ltr'><strong>corpora</strong></span> <span class='ocrx_word' id='word_1_216' title='bbox 781 3223 897 3293; x_wconf 78' lang='lat' dir='ltr'><strong>mergat</strong></span> <span class='ocrx_word' id='word_1_217' title='bbox 918 3207 1027 3294; x_wconf 85' lang='lat' dir='ltr'><strong>aqua.’</strong></span> 
     </span>
     <span class='ocr_line' id='line_1_35' title="bbox 285 3302 1074 3385; baseline -0.011 -13"><span class='ocrx_word' id='word_1_218' title='bbox 285 3310 421 3372; x_wconf 80' lang='lat' dir='ltr'><strong>Dixerat:</strong></span> <span class='ocrx_word' id='word_1_219' title='bbox 456 3308 621 3369; x_wconf 84' lang='lat' dir='ltr'><strong>adnuerant</strong></span> <span class='ocrx_word' id='word_1_220' title='bbox 643 3322 746 3366; x_wconf 90' lang='lat' dir='ltr'><strong>omnes</strong></span> <span class='ocrx_word' id='word_1_221' title='bbox 769 3303 956 3365; x_wconf 86' lang='lat' dir='ltr'><strong>Tiberinides</strong></span> <span class='ocrx_word' id='word_1_222' title='bbox 978 3302 1074 3385; x_wconf 87' lang='lat' dir='ltr'><strong>udae,</strong></span> 
     </span>
     <span class='ocr_line' id='line_1_36' title="bbox 330 3391 1083 3478; baseline -0.009 -18"><span class='ocrx_word' id='word_1_223' title='bbox 330 3399 471 3478; x_wconf 85' lang='lat' dir='ltr'><strong>Quaeque</strong></span> <span class='ocrx_word' id='word_1_224' title='bbox 496 3396 597 3457; x_wconf 86' lang='lat' dir='ltr'><strong>colunt</strong></span> <span class='ocrx_word' id='word_1_225' title='bbox 621 3393 787 3473; x_wconf 88' lang='lat' dir='ltr'><strong>thalamos,</strong></span> <span class='ocrx_word' id='word_1_226' title='bbox 810 3392 861 3454; x_wconf 92' lang='lat' dir='ltr'><strong>llia</strong></span> <span class='ocrx_word' id='word_1_227' title='bbox 884 3391 971 3473; x_wconf 82' lang='lat' dir='ltr'><strong>diva,</strong></span> <span class='ocrx_word' id='word_1_228' title='bbox 994 3400 1083 3453; x_wconf 87' lang='lat' dir='ltr'><strong>tuos.</strong></span> 
     </span>
     <span class='ocr_line' id='line_1_37' title="bbox 285 3479 1110 3564; baseline -0.002 -17"><span class='ocrx_word' id='word_1_229' title='bbox 285 3486 375 3547; x_wconf 79' lang='lat' dir='ltr'><strong>Forte</strong></span> <span class='ocrx_word' id='word_1_230' title='bbox 398 3487 455 3546; x_wconf 87' lang='lat' dir='ltr'><strong>luit</strong></span> <span class='ocrx_word' id='word_1_231' title='bbox 478 3487 563 3564; x_wconf 86' lang='lat' dir='ltr'><strong>nais,</strong></span> <span class='ocrx_word' id='word_1_232' title='bbox 586 3483 662 3543; x_wconf 92' lang='lat' dir='ltr'><strong>Lara</strong></span> <span class='ocrx_word' id='word_1_233' title='bbox 684 3484 826 3542; x_wconf 90' lang='lat' dir='ltr'><strong>nomine.</strong></span> <span class='ocrx_word' id='word_1_234' title='bbox 867 3482 963 3560; x_wconf 90' lang='lat' dir='ltr'><strong>prima</strong></span> <span class='ocrx_word' id='word_1_235' title='bbox 985 3479 1038 3541; x_wconf 90' lang='lat' dir='ltr'><strong>sed</strong></span> <span class='ocrx_word' id='word_1_236' title='bbox 1063 3480 1110 3545; x_wconf 90' lang='lat' dir='ltr'><strong>illi</strong></span> 
     </span>
     <span class='ocr_line' id='line_1_38' title="bbox 218 3568 1027 3649; baseline -0.009 -14"><span class='ocrx_word' id='word_1_237' title='bbox 218 3585 271 3635; x_wconf 77' lang='lat'><strong>600</strong></span> <span class='ocrx_word' id='word_1_238' title='bbox 331 3572 413 3633; x_wconf 81' lang='lat' dir='ltr'><strong>liiota</strong></span> <span class='ocrx_word' id='word_1_239' title='bbox 435 3570 482 3631; x_wconf 87' lang='lat' dir='ltr'><strong>bis</strong></span> <span class='ocrx_word' id='word_1_240' title='bbox 505 3573 660 3649; x_wconf 88' lang='lat' dir='ltr'><strong>antiquum</strong></span> <span class='ocrx_word' id='word_1_241' title='bbox 683 3568 792 3648; x_wconf 77' lang='lat' dir='ltr'><strong>syllaba</strong></span> <span class='ocrx_word' id='word_1_242' title='bbox 815 3586 925 3630; x_wconf 90' lang='lat' dir='ltr'><strong>nomen</strong></span> <span class='ocrx_word' id='word_1_243' title='bbox 947 3575 1027 3649; x_wconf 86' lang='lat' dir='ltr'><strong>erat,</strong></span> 
     </span>
    </p>
   </div>
   <div class='ocr_carea' id='block_1_3' title="bbox 0 0 1252 4042">
    <p class='ocr_par' dir='ltr' id='par_1_3' title="bbox 0 0 1252 4042">
     <span class='ocr_line' id='line_1_39' title="bbox 0 0 1252 4042; baseline 0 0"><span class='ocrx_word' id='word_1_244' title='bbox 0 0 1252 4042; x_wconf 95' lang='lat' dir='ltr'><strong> </strong></span> 
     </span>
    </p>
   </div>
  </div>
 </body>
</html>
