2467 4042
381 223 505 288 118
759 243 948 281 ennoea
1200 224 1526 282 affirm
1543 267 1557 282 .

553 392 669 463 Qui
712 390 880 453 locus
924 400 1018 452 est
1060 391 1250 472 iuguli
1294 393 1526 456 medius
1570 395 1905 475 summique
1948 395 2139 458 lacerti
2152 443 2170 477 ,

419 491 522 541 410
555 480 752 541 Defuit
777 526 792 540 .
845 482 1171 560 inpositum
1215 491 1309 543 est
1352 500 1472 543 non
1518 485 1916 562 comparentis
1957 486 2020 545 in
2061 501 2215 546 usum

551 569 745 630 Partis
791 567 985 649 ebur3
1030 569 1306 650 factoque
1350 569 1565 651 Pelops
1611 571 1725 632 fuit
1767 573 1999 652 integer
2040 572 2164 634 illo.

636 656 903 718 Finitimi
945 675 1230 737 proceres
1277 664 1496 720 coeunt
1520 707 1540 742 ,
1583 658 1884 740 urbesque
1928 663 2259 742 propinquae

549 745 808 808 oravere
853 763 996 807 suos
1039 748 1129 808 ire
1174 747 1250 809 ad
1293 747 1509 809 solacia
1551 766 1725 828 reges
1739 795 1759 830 ,

549 833 856 914 Argosque
902 841 965 895 et
1010 834 1222 915 Sparte
1267 835 1768 916 Pelopeiadesque
1813 837 2089 918 Mycenae
2102 885 2121 918 ,

416 933 520 983 415
548 921 626 985 Et
669 922 935 984 nondum
979 930 1181 985 torvae
1227 922 1485 1004 Calydon
1530 926 1716 986 invisa
1760 924 1978 987 Dianae
1994 975 2013 1006 ,

549 1011 1073 1091 Orchomenosque
1120 1012 1287 1074 ferax
1332 1021 1393 1074 et
1437 1012 1650 1075 nobilis
1694 1031 1833 1075 aere
1879 1013 2216 1094 Corinthus,

547 1100 936 1180 Messeneque
981 1100 1149 1162 ferox
1192 1101 1525 1181 Patraeque
1569 1101 1942 1182 humilesque
1988 1101 2222 1164 Cleonae

547 1187 625 1249 Et
667 1187 849 1250 Nelea
891 1188 1110 1272 Pylos,
1154 1208 1352 1270 neque
1397 1189 1588 1252 adhuc
1633 1190 1887 1252 Pittheia
1931 1190 2218 1270 Troezen,

549 1266 833 1357 Quae'que
877 1275 1060 1339 urbes
1095 1277 1244 1340 aliae
1288 1278 1501 1340 bimari
1545 1278 1899 1341 clauduntur
1944 1279 2017 1340 ab
2061 1278 2283 1359 Isthmo,

415 1376 519 1426 420
545 1364 945 1445 Exteriusque
990 1369 1137 1429 sitae
1183 1366 1397 1428 bimari
1440 1375 1786 1448 spectantur
1830 1366 1903 1430 ab
1947 1366 2193 1429 Isthmo.

548 1453 808 1516 Credere
854 1457 990 1534 quis
1032 1465 1239 1535 posset
1263 1451 1298 1517 ?
1343 1455 1503 1517 solae
1547 1458 1824 1518 cessastis
1869 1455 2129 1518 Athenae
2145 1499 2162 1517 .

547 1541 795 1604 Obstitit
836 1543 1031 1604 officio
1077 1542 1301 1606 bellum
1326 1593 1346 1626 ,
1391 1542 1790 1623 subvectaque
1833 1551 2017 1625 ponto

546 1630 802 1693 Barbara
845 1630 1183 1711 Mopsopios
1226 1631 1536 1694 terrebant
1577 1635 1808 1713 agmina
1851 1650 2054 1694 muros
2070 1677 2086 1693 .

545 1720 858 1782 Threicius
902 1718 1132 1781 Tereus
1176 1719 1325 1783 haec
1368 1720 1751 1783 auxiliaribus
1795 1723 1975 1784 armis

412 1819 515 1868 425
545 1808 805 1870 Fuderat
829 1855 849 1890 ,
893 1816 956 1870 et
1000 1808 1227 1871 clarum
1271 1809 1562 1872 vincendo
1606 1826 1823 1872 nomen
1865 1808 2146 1871 habehat:

546 1897 737 1969 Quem
782 1896 897 1958 sibi
941 1890 1208 1959 Pandion
1254 1897 1585 1978 opibusque
1630 1901 1891 1978 virisque
1935 1905 2221 1978 potentem

543 1984 621 2047 Et
663 2003 852 2065 genus
897 2003 931 2045 a
975 2003 1187 2065 magno
1234 1986 1552 2048 ducentem
1595 1986 1749 2048 forte
1795 1985 2043 2048 Gradivo

545 2072 813 2136 Conubio
858 2072 1125 2153 Prognes
1169 2077 1366 2137 iunxit
1391 2122 1406 2136 .
1460 2092 1581 2137 non
1624 2073 1896 2155 pronuba
1937 2074 2084 2136 luno
2099 2121 2119 2155 ,

542 2161 675 2223 Non
719 2160 1092 2244 Hymenaeus
1138 2162 1308 2224 adest
1331 2210 1351 2245 ,
1396 2181 1514 2225 non
1560 2162 1646 2224 illi
1689 2162 1888 2225 Gratia
1931 2163 2116 2225 lecto.

413 2265 513 2312 ssu
546 2252 898 2312 Eumenides
954 2264 1193 2312 tenuere
1241 2252 1401 2313 faces
1446 2251 1520 2312 de
1566 2252 1776 2314 funere
1821 2259 2053 2331 raptas;

548 2340 902 2400 Eumenides
950 2352 1208 2402 stravere
1257 2349 1455 2401 torum
1481 2387 1501 2422 ,
1545 2348 1822 2420 tectoque
1865 2339 2144 2419 profanus

550 2428 818 2488 insubuli
866 2428 1022 2488 hubo
1064 2427 1423 2507 thalamique
1467 2431 1530 2490 in
1575 2427 1830 2490 culntine
1874 2428 2060 2489 sedit.

550 2516 666 2576 llas
714 2536 814 2576 are
862 2519 1163 2578 semiuncti
1207 2517 1444 2596 Progne
1490 2515 1838 2596 Tereusque
1862 2563 1882 2595 ,
1925 2522 2191 2598 parentes

546 2604 662 2664 Har.
714 2624 814 2664 ase
862 2616 1002 2664 sum
1047 2604 1187 2666 facti
1216 2652 1229 2667 .
1285 2612 1511 2684 gratata
1556 2613 1649 2665 est
1691 2604 1919 2666 scilicet
1962 2603 2078 2664 illis

413 2708 509 2752 aas
546 2696 834 2772 Thracia,
886 2696 1092 2772 [lisque
1137 2695 1252 2772 ipsi
1297 2701 1494 2773 grates
1539 2709 1716 2773 egere
1744 2739 1759 2754 .
1814 2691 2122 2774 diemque,

546 2784 790 2860 Quaque
838 2780 970 2840 {lata
1014 2790 1107 2843 est
1152 2781 1310 2842 claro
1354 2781 1656 2843 Pandione
1701 2787 1838 2842 nata
1881 2789 2161 2861 tyranno,

546 2872 790 2948 Quaque
840 2880 966 2928 erat
1010 2877 1177 2931 ortus
1222 2869 1343 2948 Itys
1367 2917 1387 2950 ,
1432 2870 1651 2931 festum
1695 2871 1926 2930 iussere
1968 2870 2190 2930 vocari.

546 2960 742 3036 Usque
790 2960 934 3016 adeo
982 2960 1121 3020 latet
1164 2957 1388 3018 utilitas
1417 3004 1432 3019 .
1484 2959 1602 3018 iam
1648 2964 1913 3037 tempora
1957 2956 2128 3018 Titan

546 3048 814 3124 Quinque
866 3068 970 3124 per
1018 3054 1332 3108 autumnos
1375 3047 1615 3126 repetiti
1659 3045 1909 3107 duxerat
1952 3047 2122 3107 anni:

409 3148 513 3196 με]
546 3136 690 3196 Cum
738 3136 994 3196 blandita
1037 3136 1165 3196 viro
1208 3133 1445 3212 Progne
1492 3129 1568 3194 ‘si
1610 3129 1820 3212 gratia’
1865 3133 2012 3195 dixit

542 3220 690 3284 *Ulla
742 3244 862 3284 mea
924 3232 1057 3305 est,
1100 3221 1193 3284 vel
1239 3239 1334 3284 me
1380 3220 1681 3283 visendam
1727 3223 1895 3283 mitte
1940 3223 2162 3301 sorori,

546 3312 642 3368 Vel
694 3332 862 3372 soror
910 3312 1026 3372 hue
1071 3312 1312 3372 veniat:
1357 3309 1682 3371 redituram
1728 3317 1995 3390 tempore
2037 3324 2206 3389 parvo

546 3400 862 3460 Promittes
910 3416 1156 3460 sensero:
1201 3399 1399 3477 magni
1443 3397 1589 3459 mihi
1633 3399 1898 3460 muneris
1942 3398 2127 3459 instar

542 3488 890 3548 flua-ananam
942 3487 1154 3548 uidisse
1203 3481 1430 3547 dahis?
1475 3483 1645 3547 iubet
1687 3484 1787 3547 ille
1832 3487 2061 3547 carinas

409 3584 509 3632 445
546 3576 606 3632 ln
658 3576 806 3632 fre-ta
854 3576 1111 3654 deduci,
1154 3572 1405 3655 veloque
1453 3580 1516 3634 et
1557 3575 1782 3655 remige
1824 3581 2035 3656 portus
