2467 4042
581 218 752 270 TRISTIUM

636 416 697 492 Vl

251 559 298 621 'lu
322 578 464 642 quoque,
485 566 656 620 nostrarum
680 559 828 639 quondam
850 558 957 623 fiducia
980 579 1105 644 rerum,

254 648 312 720 Qui
335 649 408 710 milri
430 647 624 730 coniugium,
646 650 698 727 qni
720 648 794 710 mihi
815 656 920 728 portus
942 667 1026 732 eras,

253 736 299 798 'l'u
322 754 446 817 quoque.
464 737 596 815 suseepti
618 752 720 796 curam
743 736 868 797 dimittis
890 739 994 818 amici,

254 824 410 905 Oldciique
433 825 516 904 pium
538 832 598 884 tam
622 826 682 885 cito
704 826 791 903 ponis
814 820 916 885 onus?

223 912 376 974 cSorcina
399 930 493 994 sum,
515 912 632 992 fateor,
656 930 744 991 quam
767 914 792 973 si
814 921 848 973 tn
870 920 1005 993 tempore
1028 913 1109 975 duro

252 1001 449 1081 Depositams
472 1017 560 1080 eras,
583 1017 644 1060 non
667 999 823 1062 subeunda
845 999 919 1062 fuit.

252 1087 408 1151 Fluctibus
429 1091 461 1149 in
484 1088 590 1148 mediis
612 1106 738 1169 navem,
761 1087 922 1168 Palinure,
944 1087 1123 1169 relinquis?

255 1176 298 1239 Ne
322 1178 414 1257 iuge,
436 1195 510 1237 nere
533 1184 584 1237 tua
607 1179 647 1236 sit
669 1178 767 1237 minor
789 1186 853 1237 arte
875 1176 967 1237 fides!

253 1263 403 1345 Numquid
426 1263 574 1325 Achilleos
596 1266 676 1325 iuter
698 1265 762 1325 iera
784 1263 895 1344 proelia
918 1264 970 1326 ddi

206 1365 240 1415 10
262 1353 401 1416 Deseruit
422 1352 526 1414 levitas
548 1353 775 1414 Automedontis
797 1349 917 1432 equos?

253 1441 349 1513 Quem
371 1440 464 1502 semel
486 1442 626 1521 excepit,
647 1458 809 1520 numquam
831 1439 998 1502 Podalirius
1019 1459 1114 1522 aegro

253 1529 432 1590 Promissam
455 1529 587 1590 medicae
610 1547 671 1590 non
693 1528 762 1590 tulit
785 1530 857 1590 artis
880 1546 985 1607 opem.

254 1618 385 1698 Turpius
408 1620 534 1699 eicitur,
558 1635 646 1697 quam
668 1635 729 1678 non
752 1617 916 1679 admittitur
938 1617 1065 1698 hospes3

255 1705 336 1777 Quae
359 1708 476 1786 patuit,
498 1704 621 1766 dextrae
644 1706 728 1766 firma
751 1707 791 1766 sit
812 1723 863 1765 ara
884 1722 985 1766 meae.

207 1805 240 1856 15
254 1794 301 1855 Nil
324 1796 451 1855 nisime
475 1793 572 1855 solum
594 1795 692 1873 primo
714 1801 828 1855 tutatus
851 1811 906 1875 es3
929 1800 960 1853 at
981 1810 1062 1854 nnnc

253 1882 300 1943 dle
322 1885 434 1962 pariter
457 1900 542 1943 serra
564 1882 767 1961 iudiciumque
790 1890 893 1964 tuum,

256 1970 287 2030 Si
310 1971 397 2031 modo
420 1988 480 2031 non
504 1970 601 2051 aliqua
625 1979 671 2031 est
692 1972 724 2031 iu
741 1987 789 2030 me
808 1987 882 2031 nera
905 1969 1008 2050 culpa,
1031 1977 1181 2051 tuamque

253 2058 407 2120 linierunt
430 2058 528 2120 subito
552 2060 676 2120 erimina
699 2067 801 2119 nostra
823 2058 928 2119 iidem.

255 2146 386 2226 Spiritus
403 2146 470 2229 bic,
493 2146 630 2226 Scythica
649 2164 737 2226 quem
755 2164 816 2207 non
833 2145 910 2207 bene
929 2145 1066 2206 ducimus
1085 2164 1165 2209 aura
1175 2197 1183 2229 ,

206 2247 240 2296 ao
255 2233 339 2305 erod
363 2237 473 2314 cupio,
496 2234 637 2296 membris
661 2242 746 2296 exeat
768 2242 836 2295 ante
860 2235 951 2311 meis,

255 2322 349 2395 Quam
368 2332 423 2384 tua
445 2321 553 2384 delicto
577 2326 763 2401 stringantur
784 2330 906 2401 pectora
928 2327 1048 2400 nostro,

254 2410 293 2472 Et
314 2411 415 2473 videar
438 2414 545 2474 merito
567 2411 654 2472 vilior
677 2428 743 2472 esse
765 2410 837 2472 tibi.

254 2499 320 2560 Nou
343 2499 417 2561 adeo
440 2501 586 2561 totitatis
608 2517 772 2579 urguemur
794 2501 922 2579 iniquis,

255 2587 294 2648 Ut
316 2605 382 2649 mea
405 2590 445 2648 sit
466 2587 562 2668 longis
585 2606 670 2650 mens
693 2604 813 2667 quoque
835 2596 913 2648 mota
937 2586 1037 2648 malis.

208 2687 241 2738 25
255 2675 348 2755 Finge
370 2684 468 2736 tamen
492 2684 624 2756 motam,
648 2678 786 2755 quotiens
808 2675 1024 2755 Agamemnone
1048 2681 1163 2736 natum

255 2763 370 2825 Dixisse
394 2766 424 2824 in
447 2764 576 2844 Pyladen
599 2763 733 2844 improba
756 2763 845 2824 verba
867 2759 978 2844 putas?

255 2851 318 2912 Nec
340 2851 445 2930 procul
468 2871 485 2912 a
507 2871 579 2914 vero
602 2861 671 2931 est,
695 2854 768 2930 quin
791 2859 822 2913 et
843 2852 969 2933 pulsarit
991 2851 1149 2915 amicumz

255 2939 363 3002 Mansit
384 2941 416 3001 in
439 2942 546 3002 officiis
568 2958 629 3002 non
650 2943 751 3002 minus
773 2940 823 3001 ille
845 2942 925 3001 suis.

255 3027 319 3089 Hoc
342 3036 388 3090 est
411 3047 479 3090 cum
501 3030 618 3089 miseris
642 3027 738 3090 solum
760 3046 917 3089 commune
940 3026 1051 3107 beatis,

210 3127 245 3179 ab
258 3115 411 3179 Ambobus
433 3116 526 3177 tribui
549 3116 628 3195 quod
651 3115 727 3178 solet
749 3116 943 3196 ohsequinmr

256 3204 379 3267 Ceditur
401 3212 432 3266 ot
454 3208 551 3265 caecis
573 3212 604 3266 et
627 3221 702 3285 quos
724 3213 877 3285 praetexta
899 3201 1044 3265 verendos

192 3353 202 3370 ,
256 3291 402 3374 virgaque
426 3310 494 3353 cum
517 3291 616 3353 verbis
639 3295 797 3372 imperiosa
820 3294 907 3353 iacit.

258 3380 290 3441 Si
312 3381 384 3441 mibi
407 3399 467 3441 nou
489 3383 610 3462 percis,
633 3381 770 3442 fortunae
793 3397 917 3461 parcere
940 3379 1049 3441 debeat

255 3467 322 3529 Nou
343 3467 434 3528 habet
455 3472 486 3530 in
509 3468 595 3530 nobis
617 3468 707 3530 ullius
729 3472 774 3531 ira
795 3468 912 3529 locum.

209 3566 242 3611 ss
256 3553 339 3634 Elige
362 3564 533 3618 nostrornm
557 3559 712 3619 minimum
734 3558 948 3636 minimumque
971 3554 1146 3621 malorum:
