2467 4042
590 234 796 296 AlleltUltl

312 390 380 448 Non
399 388 479 449 bene
494 388 599 448 selecti
614 386 724 447 iudicis
739 403 812 448 area
826 395 918 464 patet.

271 476 387 549 Turpe,
411 488 482 533 reos
498 479 600 547 empta
614 469 746 533 miseros
762 472 929 533 delendere
944 474 1058 550 lingua.

228 567 263 620 40
317 557 406 632 Quod
421 557 513 617 faeiat
526 571 669 631 magnas,
693 563 783 631 turpe
797 556 944 633 tribuual,
965 574 1057 634 apes.

270 642 387 717 Turpe,
408 642 466 702 tori
480 641 581 701 reditu
595 656 708 700 census
729 655 843 714 augere
858 648 1015 718 paternos,

312 726 351 786 Et
365 725 474 788 faciem
489 726 574 786 luera
591 724 788 799 prostituisse
803 740 901 785 suam.

271 809 375 871 Gratia
389 825 445 885 pro
462 808 554 870 rebus
570 809 679 869 merito
695 807 824 870 debetur
838 809 990 886 inemptis.

312 892 370 954 Pro
387 895 467 954 male
481 894 635 954 conducto
651 892 747 967 gratia
762 893 844 952 nulla
859 900 937 954 toro.

227 987 261 1042 45
276 979 384 1041 Omnia
399 980 569 1039 conductor
581 979 683 1038 solvit.
706 977 848 1037 mercede
864 980 964 1038 soluta

311 1063 379 1123 Non
399 1070 501 1123 manet
515 1062 618 1122 allicio
635 1060 756 1122 debitor
770 1061 821 1120 ille
835 1068 897 1122 tuo.

268 1148 400 1222 Parcite,
423 1148 593 1221 formosae,
617 1146 747 1221 pretium
762 1153 926 1223 pronoete
942 1147 1067 1223 pacisci.

310 1232 378 1292 Non
394 1230 486 1291 habet
501 1237 628 1290 eventus
645 1229 773 1290 sordida
788 1230 906 1305 praeda
919 1230 1030 1292 banos.

270 1317 337 1377 Non
353 1316 409 1376 luit
423 1315 556 1375 armillas
571 1315 647 1376 tanti
666 1314 827 1390 pepigisse
842 1313 989 1391 Sabinas,

227 1413 262 1465 50
315 1401 355 1461 Ut
369 1407 542 1476 premerent
556 1415 665 1460 sacrae
680 1399 805 1474 virginis
821 1413 906 1458 arma
921 1407 1021 1475 caput.

268 1485 293 1544 E
310 1485 421 1561 qtribus
437 1485 567 1558 exierat,
588 1483 705 1543 traiecit
721 1484 841 1543 viscera
856 1484 935 1544 serra

310 1568 415 1629 Filius.
445 1576 474 1628 et
490 1583 609 1644 poenae
625 1583 719 1628 eausa
733 1565 846 1627 monile
861 1567 925 1628 luit.

247 1724 250 1729 ξ
269 1654 331 1714 Nee
346 1661 446 1716 tamen
462 1653 620 1727 indignum
636 1659 684 1712 est
701 1668 719 1712 a
734 1651 827 1711 divite
841 1653 980 1726 praemia
994 1654 1100 1729 posci:

261 1742 277 1753 ⁸
310 1738 438 1798 Munera
452 1737 594 1814 poscenti
610 1737 694 1812 quod
710 1737 783 1796 dare
799 1736 913 1810 possit,
934 1734 1035 1798 habet.

226 1834 260 1886 55
273 1823 393 1899 Carpite
409 1821 448 1882 de
463 1822 562 1898 plenis
580 1822 750 1896 pendentes
765 1818 880 1881 vitibus
895 1836 980 1894 uvas,

311 1905 460 1967 Praebeat
473 1905 596 1967 Alcinoi
611 1921 705 1981 poma
718 1904 870 1978 benignus
891 1920 973 1979 ager.
1222 1972 1228 1995 Ι

270 1991 411 2052 Olllcium
426 2007 546 2068 pauper
559 1995 713 2063 numerat,
738 1988 934 2063 studiumque
952 1989 1123 2066 fidemque=
1221 2018 1225 2063 ς

313 2075 402 2150 Quod
418 2078 487 2149 quis
503 2074 609 2148 habel,
631 2073 774 2134 dominae
790 2073 929 2133 conterat
944 2088 1034 2133 omne
1048 2090 1135 2136 suae,

268 2161 324 2221 list
340 2174 465 2235 quaque
482 2157 669 2220 carminibus
685 2158 808 2217 meritas
824 2156 981 2217 celebrare
995 2158 1116 2234 puellas
1219 2204 1223 2213 .

225 2255 261 2310 60
316 2245 381 2306 Dos
396 2260 474 2303 mea.
507 2257 597 2319 quarn
612 2242 711 2316 volui,
732 2248 804 2302 nota
819 2241 853 2301 fit
867 2249 931 2302 arte
947 2257 1024 2301 mea.

267 2328 453 2391 Scindentur
466 2335 586 2400 vestes,
607 2342 746 2401 gemmae
761 2328 938 2401 frangentur
952 2335 983 2386 et
999 2342 1122 2389 aurum=

297 2412 451 2474 'Carmina
468 2428 559 2487 quarn
576 2409 720 2484 tribuent,
744 2411 824 2471 launa
840 2411 985 2485 perennis
1002 2411 1067 2472 erit.

265 2498 329 2558 Nee
346 2498 435 2571 dare,
457 2497 514 2556 sed
529 2496 660 2571 pretium
677 2495 767 2572 posci
783 2494 933 2568 dedignor
947 2502 978 2554 et
992 2495 1053 2555 odi.

311 2582 399 2655 Quod
417 2597 496 2656 nego
511 2582 668 2657 pascenti,
690 2580 798 2640 desine
814 2579 908 2652 velle,
930 2578 1020 2640 dabo.

186 2720 236 2813 11
272 2718 431 2830 Colligere
446 2755 580 2815 incertos
596 2753 671 2813 etin
687 2753 795 2813 ordine
809 2767 926 2827 ponere
941 2752 1040 2812 crines

310 2841 421 2912 Docta,
445 2854 547 2914 neque
560 2836 687 2899 ancillas
703 2837 781 2896 inter
794 2836 938 2896 habenda
950 2832 1051 2912 Nape,

267 2925 365 3000 Inque
380 2922 555 2983 ministeriis
573 2921 704 2982 furtivae
718 2919 841 2996 cognita
857 2921 956 2981 noctis

310 3007 398 3070 Utilis
415 3015 444 3068 et
460 3006 571 3067 dandis
586 3006 747 3082 ingeniosa
762 3006 852 3080 notis,

239 3092 369 3169 osaepe
385 3091 492 3152 venire
507 3092 547 3152 ad
561 3107 611 3151 me
626 3090 813 3151 dubitantem
827 3090 948 3150 hortata
964 3089 1136 3166 Corinnam,

311 3176 411 3253 Saepe
428 3176 580 3237 laboranti
595 3176 659 3236 lida
673 3181 794 3251 reperta
807 3174 889 3250 mihi,

267 3262 398 3336 Accipe,
416 3270 446 3322 et
462 3262 501 3321 ad
517 3260 671 3321 dominam
686 3266 844 3336 peraratas
859 3274 949 3319 mane
964 3258 1093 3319 tabellas

310 3346 429 3420 Perler,
453 3354 483 3406 et
501 3345 659 3407 obstantes
675 3344 784 3405 sedula
800 3344 881 3420 pelle
898 3358 1011 3403 moras.

267 3431 330 3491 Nee
348 3430 467 3491 silicum
482 3446 595 3505 venae,
614 3445 672 3489 nee
690 3430 799 3489 durum
813 3430 844 3488 in
862 3437 987 3506 pectore
1005 3428 1128 3501 lamam,

226 3525 260 3577 10
311 3515 373 3575 Nee
389 3515 442 3576 tibi
458 3515 637 3590 simplicitas
656 3514 763 3574 ordine
778 3514 875 3573 maior
890 3513 987 3573 adest.
