2467 4042
428 242 472 292 VI.
493 242 640 291 cer-748.

284 410 335 474 16.
359 406 419 473 GC
466 409 516 473 17.
539 404 602 471 HG
651 406 700 472 18.
723 405 785 473 AO

34 522 35 540 ³
119 531 156 591 dt
178 536 261 608 pater
284 525 438 587 Heliadum
462 525 560 585 radios
584 523 636 585 uhi
659 526 781 585 tinxerit
803 524 908 605 undis,

163 617 202 678 Et
224 618 322 694 cinget
345 616 478 694 geminos
502 612 585 674 stella
608 630 714 674 serena
737 611 838 694 polos,

118 704 215 766 'lohet
236 704 327 764 humo
351 702 461 762 validos
484 701 584 781 proles
607 699 715 780 Hyriea
738 700 881 761 lacertos.

50 807 106 857 ‘120
165 793 309 854 Gontiana
333 789 459 869 Delphin
481 799 568 851 nocte
592 787 737 849 videndus
761 790 835 849 erit.

468 919 518 983 19.
540 916 600 983 Bc

120 1038 240 1100 Scilicet
262 1038 310 1099 hic
334 1037 403 1097 olim
426 1036 546 1098 Volscos
569 1036 748 1115 Aequosque
770 1035 885 1114 fugatos
981 1047 1037 1098 ‹²2³›

165 1125 284 1186 Viderat
305 1128 336 1185 in
360 1126 493 1206 campis,
516 1123 617 1203 Algida
641 1132 743 1204 terra,
766 1126 843 1184 tuis:

119 1213 202 1275 Unde
226 1211 397 1274 suburbano
420 1211 540 1293 clarus,
562 1211 717 1292 Tuberte,
739 1210 891 1289 triumpho

164 1300 272 1362 Vectus
295 1319 328 1360 es
351 1303 381 1360 in
405 1302 520 1379 niveis,
543 1299 706 1380 Postume,
729 1301 823 1360 victor
846 1300 948 1378 equis,

48 1402 105 1451 725
120 1389 180 1449 lam
204 1406 256 1449 ser
279 1378 309 1448 et
332 1386 454 1447 totidem
478 1387 561 1447 luces
584 1387 621 1447 de
644 1404 746 1447 mense
770 1393 948 1468 supersunt,

164 1475 240 1537 Huic
263 1494 356 1536 unum
380 1493 503 1535 numero
526 1485 560 1536 tu
582 1483 681 1535 tamen
705 1474 778 1534 adde
801 1474 896 1536 diem.

121 1563 170 1624 Sol
193 1563 254 1624 abit
276 1581 293 1623 a
316 1563 469 1642 Geminis,
493 1571 523 1623 et
545 1561 651 1623 Cancri
674 1564 757 1640 signa
781 1561 962 1651 rubescunt:

165 1651 269 1730 Coepit
291 1651 435 1712 Aventina
456 1650 551 1712 Pallas
574 1652 604 1710 in
629 1667 696 1711 arce
720 1650 794 1711 coli.

468 1780 520 1846 20.
544 1777 601 1844 OD

120 1897 180 1959 lam
204 1906 277 1977 tua,
299 1896 489 1978 Laomedon,
512 1898 608 1957 oritur
631 1914 727 1958 nurus
739 1944 749 1978 ,
773 1905 895 1976 ortaque
920 1903 1035 1956 noctem

45 1998 105 2050 ‘130
164 1984 249 2050 Pellit
261 2032 270 2065 ,
295 1995 325 2046 et
347 2004 363 2045 e
386 1987 479 2064 pratis
503 1983 559 2045 uda
582 1986 690 2063 pruina
713 1984 804 2064 fugit:

120 2072 262 2152 Reddita,
285 2075 420 2152 quisquis
438 2075 464 2133 is
484 2079 547 2154 est,
571 2072 731 2134 Summano
753 2071 862 2151 templa
881 2073 1036 2152 teruntur,

165 2160 263 2240 Tum,
287 2178 356 2220 cum
378 2159 539 2239 Romanis,
562 2161 699 2241 Pyrrhe,
721 2160 871 2221 timendus
894 2178 977 2221 eras.

121 2245 203 2307 llanc
227 2264 346 2326 quoque
365 2265 432 2308 cum
454 2249 558 2327 patriis
581 2248 699 2309 Galatea
722 2250 869 2328 receperit
893 2247 996 2327 undis,

164 2335 313 2413 Plenaque
337 2352 459 2395 securae
482 2342 561 2395 terra
585 2338 694 2414 quietis
717 2339 791 2414 erit,

41 2437 106 2490 735
122 2422 224 2501 Surgit
246 2422 338 2483 humo
361 2424 476 2483 iuvenis
498 2421 565 2482 telis
588 2422 704 2483 afflatus
727 2426 829 2504 avitis,

163 2510 202 2571 Et
223 2512 341 2590 gemino
364 2527 454 2570 nexas
477 2512 603 2589 porrigit
625 2529 719 2589 angue
742 2529 863 2571 manus.

119 2598 213 2660 Notus
236 2616 319 2659 amor
341 2597 515 2677 Phaedrae,
538 2605 607 2658 nota
631 2605 677 2659 est
699 2600 807 2659 iniuria
830 2597 953 2659 Thesei:

162 2684 284 2748 Devovit
306 2694 408 2747 natum
432 2685 571 2748 credulus
593 2685 643 2746 ille
666 2705 770 2748 suum.

120 2773 198 2851 [Non
220 2777 341 2854 impune
364 2776 432 2853 pius
454 2776 570 2835 iuvenis
592 2772 743 2836 ll'roezena
764 2774 904 2854 petebat:

38 2874 104 2928 ⁷40
164 2861 271 2924 Dividit
293 2861 446 2923 obstantes
468 2871 590 2942 pectore
613 2869 718 2924 taurus
741 2881 832 2943 aquas
842 2863 863 2940 .]

121 2949 244 3012 Solliciti
267 2958 419 3012 terrentur
443 2952 535 3031 equi,
558 2951 728 3032 frustraque
751 2954 860 3013 retenti

165 3035 222 3097 Per
245 3039 382 3118 scopulos
406 3039 558 3100 dominum
582 3039 715 3118 duraque
739 3057 808 3099 saxa
831 3039 968 3100 trahunt.

119 3121 276 3186 Exciderat
298 3144 390 3188 curru
402 3174 412 3207 ,
434 3127 565 3206 lorisque
588 3127 771 3188 morantibus
795 3135 877 3188 artus

164 3209 338 3291 Hippolytus
361 3215 458 3276 lacero
482 3233 607 3295 corpore
629 3224 733 3295 raptus
756 3223 837 3296 erat,

38 3312 104 3366 ’rto
119 3298 358 3379 lleddideratque
372 3305 516 3384 animam,
530 3303 657 3365 multum
670 3304 842 3382 indignante
857 3301 961 3363 Diana.
976 3312 1034 3364 (22⁴)

165 3382 281 3467 ‘Nulla'
305 3387 466 3451 Coronides
490 3386 594 3453 ‘causa
617 3389 743 3453 doloris'
767 3394 823 3453 ait:

119 3470 268 3556 ‘Namque
291 3477 341 3555 pio
363 3476 462 3538 iuveni
484 3473 573 3540 vitam
596 3483 660 3541 sine
683 3481 802 3541 volnere
825 3479 964 3558 reddam,

163 3562 201 3626 Et
223 3564 330 3627 cedent
352 3566 410 3625 arti
432 3567 528 3627 tristia
551 3567 608 3629 lata
632 3562 748 3631 meae?

83 3671 164 3714 evm.
191 3673 236 3714 HL
843 3673 877 3722 23
