<?xml version="1.0" encoding="UTF-8"?>
<!DOCTYPE html PUBLIC "-//W3C//DTD XHTML 1.0 Transitional//EN"
    "http://www.w3.org/TR/xhtml1/DTD/xhtml1-transitional.dtd">
<html xmlns="http://www.w3.org/1999/xhtml" xml:lang="en" lang="en">
 <head>
  <title>
</title>
<meta http-equiv="Content-Type" content="text/html;charset=utf-8" />
  <meta name='ocr-system' content='tesseract 3.04.00' />
  <meta name='ocr-capabilities' content='ocr_page ocr_carea ocr_par ocr_line ocrx_word'/>
</head>
<body>
  <div class='ocr_page' id='page_1' title='image "./povidiusnaso00ehwagoog_1080.png"; bbox 0 0 2467 4042; ppageno 0'>
   <div class='ocr_carea' id='block_1_1' title="bbox 220 182 819 250">
    <p class='ocr_par' dir='ltr' id='par_1_1' title="bbox 220 182 819 250">
     <span class='ocr_line' id='line_1_1' title="bbox 220 182 819 250; baseline 0.003 -17"><span class='ocrx_word' id='word_1_1' title='bbox 220 183 287 250; x_wconf 77' lang='lat'>244</span> <span class='ocrx_word' id='word_1_2' title='bbox 355 193 361 202; x_wconf 85' lang='lat'>·</span> <span class='ocrx_word' id='word_1_3' title='bbox 628 182 819 238; x_wconf 76' lang='grc'>66366666</span> 
     </span>
    </p>
   </div>
   <div class='ocr_carea' id='block_1_2' title="bbox 190 344 1211 3607">
    <p class='ocr_par' dir='ltr' id='par_1_2' title="bbox 190 344 1211 3607">
     <span class='ocr_line' id='line_1_2' title="bbox 309 344 1073 428; baseline 0.005 -17"><span class='ocrx_word' id='word_1_4' title='bbox 309 348 414 411; x_wconf 80' lang='lat' dir='ltr'>Cetera</span> <span class='ocrx_word' id='word_1_5' title='bbox 437 353 630 427; x_wconf 77' lang='lat' dir='ltr'>temptantem</span> <span class='ocrx_word' id='word_1_6' title='bbox 653 344 759 409; x_wconf 88' lang='lat' dir='ltr'>cubito·</span> <span class='ocrx_word' id='word_1_7' title='bbox 775 347 948 428; x_wconf 77' lang='lat' dir='ltr'>Tirynthius</span> <span class='ocrx_word' id='word_1_8' title='bbox 972 349 1073 415; x_wconf 91' lang='lat' dir='ltr'>heros</span> 
     </span>
     <span class='ocr_line' id='line_1_3' title="bbox 244 434 1020 516; baseline 0.003 -16"><span class='ocrx_word' id='word_1_9' title='bbox 244 450 296 500; x_wconf 88' lang='grc'>366</span> <span class='ocrx_word' id='word_1_10' title='bbox 354 435 515 516; x_wconf 84' lang='lat' dir='ltr'>Reppulit:</span> <span class='ocrx_word' id='word_1_11' title='bbox 548 454 565 495; x_wconf 92' lang='grc'>6</span> <span class='ocrx_word' id='word_1_12' title='bbox 587 452 703 496; x_wconf 91' lang='lat' dir='ltr'>summo</span> <span class='ocrx_word' id='word_1_13' title='bbox 726 434 835 498; x_wconf 80' lang='lat' dir='ltr'>decidit</span> <span class='ocrx_word' id='word_1_14' title='bbox 857 435 906 498; x_wconf 91' lang='lat' dir='ltr'>ille</span> <span class='ocrx_word' id='word_1_15' title='bbox 928 445 1020 502; x_wconf 86' lang='lat' dir='ltr'>toro.</span> 
     </span>
     <span class='ocr_line' id='line_1_4' title="bbox 309 522 1122 606; baseline 0.006 -19"><span class='ocrx_word' id='word_1_16' title='bbox 309 525 358 587; x_wconf 82' lang='lat' dir='ltr'>Fit</span> <span class='ocrx_word' id='word_1_17' title='bbox 380 542 472 585; x_wconf 88' lang='lat' dir='ltr'>sonus</span> <span class='ocrx_word' id='word_1_18' title='bbox 484 572 493 605; x_wconf 89' lang='lat'>,</span> <span class='ocrx_word' id='word_1_19' title='bbox 515 522 654 586; x_wconf 85' lang='lat' dir='ltr'>inclamat</span> <span class='ocrx_word' id='word_1_20' title='bbox 678 527 800 585; x_wconf 82' lang='lat' dir='ltr'>comites</span> <span class='ocrx_word' id='word_1_21' title='bbox 824 531 854 585; x_wconf 89' lang='lat' dir='ltr'>et</span> <span class='ocrx_word' id='word_1_22' title='bbox 875 523 989 586; x_wconf 80' lang='lat' dir='ltr'>lnudna</span> <span class='ocrx_word' id='word_1_23' title='bbox 1013 533 1122 606; x_wconf 83' lang='lat' dir='ltr'>poscit</span> 
     </span>
     <span class='ocr_line' id='line_1_5' title="bbox 354 611 1009 692; baseline 0.003 -19"><span class='ocrx_word' id='word_1_24' title='bbox 354 612 503 674; x_wconf 82' lang='lat' dir='ltr'>Maeonis:</span> <span class='ocrx_word' id='word_1_25' title='bbox 533 611 632 675; x_wconf 87' lang='lat' dir='ltr'>inlatis</span> <span class='ocrx_word' id='word_1_26' title='bbox 654 612 772 690; x_wconf 82' lang='lat' dir='ltr'>ignibus</span> <span class='ocrx_word' id='word_1_27' title='bbox 794 619 859 674; x_wconf 84' lang='lat' dir='ltr'>acta</span> <span class='ocrx_word' id='word_1_28' title='bbox 881 622 1009 692; x_wconf 55' lang='lat' dir='ltr'>patent,</span> 
     </span>
     <span class='ocr_line' id='line_1_6' title="bbox 309 699 1050 786; baseline 0.001 -24"><span class='ocrx_word' id='word_1_29' title='bbox 309 701 362 763; x_wconf 89' lang='lat' dir='ltr'>ille</span> <span class='ocrx_word' id='word_1_30' title='bbox 384 704 476 780; x_wconf 80' lang='lat' dir='ltr'>gemit</span> <span class='ocrx_word' id='word_1_31' title='bbox 497 700 575 762; x_wconf 88' lang='lat' dir='ltr'>lecto</span> <span class='ocrx_word' id='word_1_32' title='bbox 597 702 726 779; x_wconf 88' lang='lat' dir='ltr'>graviter</span> <span class='ocrx_word' id='word_1_33' title='bbox 748 699 881 762; x_wconf 87' lang='lat' dir='ltr'>deiectus</span> <span class='ocrx_word' id='word_1_34' title='bbox 903 700 939 762; x_wconf 84' lang='lat' dir='ltr'>ab</span> <span class='ocrx_word' id='word_1_35' title='bbox 964 701 1050 786; x_wconf 88' lang='lat' dir='ltr'>alto,</span> 
     </span>
     <span class='ocr_line' id='line_1_7' title="bbox 354 787 1090 867; baseline 0.005 -17"><span class='ocrx_word' id='word_1_36' title='bbox 354 789 543 867; x_wconf 80' lang='lat' dir='ltr'>Membraque</span> <span class='ocrx_word' id='word_1_37' title='bbox 566 787 603 849; x_wconf 88' lang='lat' dir='ltr'>do</span> <span class='ocrx_word' id='word_1_38' title='bbox 627 788 701 850; x_wconf 86' lang='lat' dir='ltr'>dura</span> <span class='ocrx_word' id='word_1_39' title='bbox 723 791 769 849; x_wconf 82' lang='lat' dir='ltr'>vix</span> <span class='ocrx_word' id='word_1_40' title='bbox 794 807 846 851; x_wconf 90' lang='lat' dir='ltr'>sua</span> <span class='ocrx_word' id='word_1_41' title='bbox 869 788 945 850; x_wconf 87' lang='lat' dir='ltr'>tollit</span> <span class='ocrx_word' id='word_1_42' title='bbox 969 791 1090 855; x_wconf 88' lang='lat' dir='ltr'>humo.</span> 
     </span>
     <span class='ocr_line' id='line_1_8' title="bbox 244 876 1036 960; baseline -0.001 -18"><span class='ocrx_word' id='word_1_43' title='bbox 244 892 296 942; x_wconf 89' lang='grc'>366</span> <span class='ocrx_word' id='word_1_44' title='bbox 311 878 400 939; x_wconf 90' lang='lat' dir='ltr'>Ridet</span> <span class='ocrx_word' id='word_1_45' title='bbox 421 886 452 938; x_wconf 84' lang='lat' dir='ltr'>et</span> <span class='ocrx_word' id='word_1_46' title='bbox 473 876 591 938; x_wconf 80' lang='lat' dir='ltr'>Alcides</span> <span class='ocrx_word' id='word_1_47' title='bbox 614 886 645 938; x_wconf 87' lang='lat' dir='ltr'>et</span> <span class='ocrx_word' id='word_1_48' title='bbox 667 879 719 956; x_wconf 88' lang='lat' dir='ltr'>qui</span> <span class='ocrx_word' id='word_1_49' title='bbox 741 877 842 939; x_wconf 87' lang='lat' dir='ltr'>ridere</span> <span class='ocrx_word' id='word_1_50' title='bbox 864 879 1036 960; x_wconf 74' lang='lat' dir='ltr'>meantem,</span> 
     </span>
     <span class='ocr_line' id='line_1_9' title="bbox 352 964 975 1045; baseline 0.002 -18"><span class='ocrx_word' id='word_1_51' title='bbox 352 966 441 1027; x_wconf 92' lang='lat' dir='ltr'>Ridet</span> <span class='ocrx_word' id='word_1_52' title='bbox 463 974 624 1027; x_wconf 81' lang='lat' dir='ltr'>amatorem</span> <span class='ocrx_word' id='word_1_53' title='bbox 646 964 726 1045; x_wconf 79' lang='lat' dir='ltr'>Lyda</span> <span class='ocrx_word' id='word_1_54' title='bbox 748 965 847 1045; x_wconf 87' lang='lat' dir='ltr'>puella</span> <span class='ocrx_word' id='word_1_55' title='bbox 868 984 975 1028; x_wconf 89' lang='lat' dir='ltr'>suum.</span> 
     </span>
     <span class='ocr_line' id='line_1_10' title="bbox 309 1053 1018 1117; baseline 0.004 -3"><span class='ocrx_word' id='word_1_56' title='bbox 309 1055 397 1117; x_wconf 87' lang='lat' dir='ltr'>Veste</span> <span class='ocrx_word' id='word_1_57' title='bbox 421 1054 495 1115; x_wconf 90' lang='lat' dir='ltr'>deus</span> <span class='ocrx_word' id='word_1_58' title='bbox 518 1053 602 1115; x_wconf 92' lang='lat' dir='ltr'>lusus</span> <span class='ocrx_word' id='word_1_59' title='bbox 625 1053 760 1116; x_wconf 76' lang='lat' dir='ltr'>fallentes</span> <span class='ocrx_word' id='word_1_60' title='bbox 783 1053 892 1117; x_wconf 88' lang='lat' dir='ltr'>lumina</span> <span class='ocrx_word' id='word_1_61' title='bbox 917 1064 1018 1117; x_wconf 89' lang='lat' dir='ltr'>vestes</span> 
     </span>
     <span class='ocr_line' id='line_1_11' title="bbox 352 1142 1090 1222; baseline 0.004 -18"><span class='ocrx_word' id='word_1_62' title='bbox 352 1142 417 1204; x_wconf 90' lang='lat' dir='ltr'>Non</span> <span class='ocrx_word' id='word_1_63' title='bbox 440 1151 540 1222; x_wconf 87' lang='lat' dir='ltr'>amat,</span> <span class='ocrx_word' id='word_1_64' title='bbox 562 1152 593 1204; x_wconf 88' lang='lat' dir='ltr'>ct</span> <span class='ocrx_word' id='word_1_65' title='bbox 615 1142 712 1203; x_wconf 92' lang='lat' dir='ltr'>nudos</span> <span class='ocrx_word' id='word_1_66' title='bbox 734 1142 770 1206; x_wconf 88' lang='lat' dir='ltr'>ad</span> <span class='ocrx_word' id='word_1_67' title='bbox 793 1160 847 1205; x_wconf 81' lang='lat' dir='ltr'>sua</span> <span class='ocrx_word' id='word_1_68' title='bbox 870 1160 954 1204; x_wconf 86' lang='lat' dir='ltr'>sacra</span> <span class='ocrx_word' id='word_1_69' title='bbox 977 1154 1090 1212; x_wconf 84' lang='lat' dir='ltr'>vocat.</span> 
     </span>
     <span class='ocr_line' id='line_1_12' title="bbox 309 1230 1206 1316; baseline 0.002 -24"><span class='ocrx_word' id='word_1_70' title='bbox 309 1231 391 1294; x_wconf 79' lang='lat' dir='ltr'>Adde</span> <span class='ocrx_word' id='word_1_71' title='bbox 414 1233 581 1311; x_wconf 74' lang='lat' dir='ltr'>peregrinis</span> <span class='ocrx_word' id='word_1_72' title='bbox 603 1248 708 1292; x_wconf 83' lang='lat' dir='ltr'>causas</span> <span class='ocrx_word' id='word_1_73' title='bbox 720 1278 730 1312; x_wconf 90' lang='lat'>,</span> <span class='ocrx_word' id='word_1_74' title='bbox 752 1248 816 1292; x_wconf 88' lang='lat' dir='ltr'>mea</span> <span class='ocrx_word' id='word_1_75' title='bbox 839 1230 943 1311; x_wconf 84' lang='lat' dir='ltr'>Musa,</span> <span class='ocrx_word' id='word_1_76' title='bbox 968 1231 1118 1316; x_wconf 85' lang='lat' dir='ltr'>Latinas,</span> <span class='ocrx_word' id='word_1_77' title='bbox 1185 1249 1206 1294; x_wconf 81' lang='lat' dir='ltr'>ar</span> 
     </span>
     <span class='ocr_line' id='line_1_13' title="bbox 244 1317 1063 1401; baseline 0.006 -20"><span class='ocrx_word' id='word_1_78' title='bbox 244 1333 297 1383; x_wconf 88' lang='grc'>366</span> <span class='ocrx_word' id='word_1_79' title='bbox 354 1320 447 1401; x_wconf 87' lang='lat' dir='ltr'>loque</span> <span class='ocrx_word' id='word_1_80' title='bbox 471 1338 525 1381; x_wconf 89' lang='lat' dir='ltr'>suo</span> <span class='ocrx_word' id='word_1_81' title='bbox 548 1327 651 1381; x_wconf 89' lang='lat' dir='ltr'>noster</span> <span class='ocrx_word' id='word_1_82' title='bbox 673 1317 793 1399; x_wconf 88' lang='lat' dir='ltr'>pulvere</span> <span class='ocrx_word' id='word_1_83' title='bbox 817 1329 918 1384; x_wconf 87' lang='lat' dir='ltr'>currat</span> <span class='ocrx_word' id='word_1_84' title='bbox 940 1338 1063 1399; x_wconf 87' lang='lat' dir='ltr'>equus.</span> 
     </span>
     <span class='ocr_line' id='line_1_14' title="bbox 190 1407 1001 1488; baseline 0 -19"><span class='ocrx_word' id='word_1_85' title='bbox 190 1481 195 1488; x_wconf 11' lang='grc' dir='ltr'><strong>ἡ</strong></span> <span class='ocrx_word' id='word_1_86' title='bbox 310 1408 468 1487; x_wconf 82' lang='lat' dir='ltr'>Cornipedi</span> <span class='ocrx_word' id='word_1_87' title='bbox 491 1407 592 1469; x_wconf 77' lang='lat' dir='ltr'>Fauno</span> <span class='ocrx_word' id='word_1_88' title='bbox 615 1426 700 1469; x_wconf 88' lang='lat' dir='ltr'>caesa</span> <span class='ocrx_word' id='word_1_89' title='bbox 723 1408 759 1469; x_wconf 89' lang='lat' dir='ltr'>de</span> <span class='ocrx_word' id='word_1_90' title='bbox 782 1426 866 1469; x_wconf 90' lang='lat' dir='ltr'>more</span> <span class='ocrx_word' id='word_1_91' title='bbox 888 1407 1001 1488; x_wconf 84' lang='lat' dir='ltr'>capelia</span> 
     </span>
     <span class='ocr_line' id='line_1_15' title="bbox 355 1495 1009 1578; baseline 0.008 -24"><span class='ocrx_word' id='word_1_92' title='bbox 355 1497 441 1559; x_wconf 85' lang='lat' dir='ltr'>Venit</span> <span class='ocrx_word' id='word_1_93' title='bbox 463 1495 500 1558; x_wconf 82' lang='lat' dir='ltr'>ad</span> <span class='ocrx_word' id='word_1_94' title='bbox 522 1498 644 1574; x_wconf 86' lang='lat' dir='ltr'>exiguas</span> <span class='ocrx_word' id='word_1_95' title='bbox 667 1496 754 1558; x_wconf 85' lang='lat' dir='ltr'>turba</span> <span class='ocrx_word' id='word_1_96' title='bbox 776 1505 877 1558; x_wconf 84' lang='lat' dir='ltr'>vocata</span> <span class='ocrx_word' id='word_1_97' title='bbox 899 1495 1009 1578; x_wconf 86' lang='lat' dir='ltr'>dapes.</span> 
     </span>
     <span class='ocr_line' id='line_1_16' title="bbox 310 1583 1091 1666; baseline 0.004 -20"><span class='ocrx_word' id='word_1_98' title='bbox 310 1583 444 1663; x_wconf 82' lang='lat' dir='ltr'>Dumque</span> <span class='ocrx_word' id='word_1_99' title='bbox 468 1585 639 1647; x_wconf 82' lang='lat' dir='ltr'>sacerdotes</span> <span class='ocrx_word' id='word_1_100' title='bbox 662 1584 781 1646; x_wconf 84' lang='lat' dir='ltr'>veribus</span> <span class='ocrx_word' id='word_1_101' title='bbox 804 1592 938 1650; x_wconf 86' lang='lat' dir='ltr'>transuta</span> <span class='ocrx_word' id='word_1_102' title='bbox 960 1585 1091 1666; x_wconf 84' lang='lat' dir='ltr'>salignis</span> 
     </span>
     <span class='ocr_line' id='line_1_17' title="bbox 354 1671 1211 1754; baseline 0.004 -20"><span class='ocrx_word' id='word_1_103' title='bbox 354 1674 428 1734; x_wconf 83' lang='lat' dir='ltr'>Exta</span> <span class='ocrx_word' id='word_1_104' title='bbox 450 1682 577 1753; x_wconf 85' lang='lat' dir='ltr'>parant,</span> <span class='ocrx_word' id='word_1_105' title='bbox 599 1671 712 1736; x_wconf 85' lang='lat' dir='ltr'>medias</span> <span class='ocrx_word' id='word_1_106' title='bbox 731 1671 795 1734; x_wconf 88' lang='lat' dir='ltr'>sole</span> <span class='ocrx_word' id='word_1_107' title='bbox 819 1681 939 1734; x_wconf 88' lang='lat' dir='ltr'>tenente</span> <span class='ocrx_word' id='word_1_108' title='bbox 961 1676 1047 1754; x_wconf 79' lang='lat' dir='ltr'>vias,</span> <span class='ocrx_word' id='word_1_109' title='bbox 1210 1673 1211 1680; x_wconf 64' lang='lat'><em>&#39;</em></span> 
     </span>
     <span class='ocr_line' id='line_1_18' title="bbox 244 1760 1020 1840; baseline -0.001 -17"><span class='ocrx_word' id='word_1_110' title='bbox 244 1774 295 1824; x_wconf 87' lang='grc'>366</span> <span class='ocrx_word' id='word_1_111' title='bbox 309 1761 453 1824; x_wconf 88' lang='lat' dir='ltr'>Romulus</span> <span class='ocrx_word' id='word_1_112' title='bbox 475 1770 507 1823; x_wconf 93' lang='lat' dir='ltr'>et</span> <span class='ocrx_word' id='word_1_113' title='bbox 529 1763 621 1822; x_wconf 87' lang='lat' dir='ltr'>irater</span> <span class='ocrx_word' id='word_1_114' title='bbox 644 1760 858 1840; x_wconf 83' lang='lat' dir='ltr'>pastoralisque</span> <span class='ocrx_word' id='word_1_115' title='bbox 880 1764 1020 1824; x_wconf 84' lang='lat' dir='ltr'>iuventus</span> 
     </span>
     <span class='ocr_line' id='line_1_19' title="bbox 354 1849 1056 1930; baseline 0.004 -19"><span class='ocrx_word' id='word_1_116' title='bbox 354 1850 472 1912; x_wconf 87' lang='lat' dir='ltr'>Solibus</span> <span class='ocrx_word' id='word_1_117' title='bbox 495 1858 526 1910; x_wconf 91' lang='lat' dir='ltr'>et</span> <span class='ocrx_word' id='word_1_118' title='bbox 548 1867 652 1927; x_wconf 85' lang='lat' dir='ltr'>campo</span> <span class='ocrx_word' id='word_1_119' title='bbox 675 1867 800 1930; x_wconf 88' lang='lat' dir='ltr'>corpora</span> <span class='ocrx_word' id='word_1_120' title='bbox 823 1849 902 1912; x_wconf 89' lang='lat' dir='ltr'>nuda</span> <span class='ocrx_word' id='word_1_121' title='bbox 924 1849 1056 1914; x_wconf 84' lang='lat' dir='ltr'>dabant.</span> 
     </span>
     <span class='ocr_line' id='line_1_20' title="bbox 312 1937 1072 2018; baseline 0.003 -18"><span class='ocrx_word' id='word_1_122' title='bbox 312 1939 479 2016; x_wconf 80' lang='lat' dir='ltr'>[Caestibus</span> <span class='ocrx_word' id='word_1_123' title='bbox 502 1948 534 1999; x_wconf 89' lang='lat' dir='ltr'>et</span> <span class='ocrx_word' id='word_1_124' title='bbox 553 1938 658 1999; x_wconf 85' lang='lat' dir='ltr'>iaculis</span> <span class='ocrx_word' id='word_1_125' title='bbox 681 1944 711 1999; x_wconf 90' lang='lat' dir='ltr'>et</span> <span class='ocrx_word' id='word_1_126' title='bbox 732 1940 823 1999; x_wconf 88' lang='lat' dir='ltr'>misso</span> <span class='ocrx_word' id='word_1_127' title='bbox 846 1937 978 2018; x_wconf 90' lang='lat' dir='ltr'>pondere</span> <span class='ocrx_word' id='word_1_128' title='bbox 1001 1943 1072 2002; x_wconf 80' lang='lat' dir='ltr'>saxi</span> 
     </span>
     <span class='ocr_line' id='line_1_21' title="bbox 353 2025 1025 2106; baseline 0 -19"><span class='ocrx_word' id='word_1_129' title='bbox 353 2027 476 2087; x_wconf 88' lang='lat' dir='ltr'>Brachia</span> <span class='ocrx_word' id='word_1_130' title='bbox 499 2044 554 2106; x_wconf 91' lang='lat' dir='ltr'>per</span> <span class='ocrx_word' id='word_1_131' title='bbox 576 2026 660 2086; x_wconf 90' lang='lat' dir='ltr'>lusus</span> <span class='ocrx_word' id='word_1_132' title='bbox 683 2027 861 2105; x_wconf 82' lang='lat' dir='ltr'>experienda</span> <span class='ocrx_word' id='word_1_133' title='bbox 884 2025 1025 2103; x_wconf 68' lang='lat' dir='ltr'>debente]</span> 
     </span>
     <span class='ocr_line' id='line_1_22' title="bbox 310 2111 1082 2196; baseline 0.001 -19"><span class='ocrx_word' id='word_1_134' title='bbox 310 2115 415 2177; x_wconf 88' lang='lat' dir='ltr'>Pastor</span> <span class='ocrx_word' id='word_1_135' title='bbox 437 2115 474 2177; x_wconf 80' lang='lat' dir='ltr'>rb</span> <span class='ocrx_word' id='word_1_136' title='bbox 497 2113 615 2176; x_wconf 82' lang='lat' dir='ltr'>excelso</span> <span class='ocrx_word' id='word_1_137' title='bbox 639 2111 709 2196; x_wconf 74' lang='lat' dir='ltr'>‘per</span> <span class='ocrx_word' id='word_1_138' title='bbox 732 2114 816 2176; x_wconf 85' lang='lat' dir='ltr'>deria</span> <span class='ocrx_word' id='word_1_139' title='bbox 838 2133 908 2179; x_wconf 87' lang='lat' dir='ltr'>rura</span> <span class='ocrx_word' id='word_1_140' title='bbox 931 2118 1082 2178; x_wconf 83' lang='lat' dir='ltr'>iuvencos</span> 
     </span>
     <span class='ocr_line' id='line_1_23' title="bbox 243 2198 1183 2287; baseline 0.003 -22"><span class='ocrx_word' id='word_1_141' title='bbox 243 2216 296 2266; x_wconf 76' lang='lat'>370</span> <span class='ocrx_word' id='word_1_142' title='bbox 353 2203 501 2284; x_wconf 81' lang='lat' dir='ltr'>Romule,</span> <span class='ocrx_word' id='word_1_143' title='bbox 522 2201 713 2284; x_wconf 77' lang='lat' dir='ltr'>praedones,</span> <span class='ocrx_word' id='word_1_144' title='bbox 733 2211 764 2264; x_wconf 89' lang='lat' dir='ltr'>et</span> <span class='ocrx_word' id='word_1_145' title='bbox 785 2202 877 2268; x_wconf 86' lang='lat' dir='ltr'>Reme</span> <span class='ocrx_word' id='word_1_146' title='bbox 891 2198 916 2266; x_wconf 84' lang='lat' dir='ltr'>l&#39;</span> <span class='ocrx_word' id='word_1_147' title='bbox 939 2204 1014 2268; x_wconf 82' lang='lat' dir='ltr'>dixit</span> <span class='ocrx_word' id='word_1_148' title='bbox 1039 2201 1183 2287; x_wconf 70' lang='lat' dir='ltr'>‘agunt’</span> 
     </span>
     <span class='ocr_line' id='line_1_24' title="bbox 310 2291 1075 2372; baseline 0.001 -19"><span class='ocrx_word' id='word_1_149' title='bbox 310 2292 443 2372; x_wconf 85' lang='lat' dir='ltr'>Longum</span> <span class='ocrx_word' id='word_1_150' title='bbox 466 2301 531 2354; x_wconf 84' lang='lat' dir='ltr'>erat</span> <span class='ocrx_word' id='word_1_151' title='bbox 553 2293 679 2354; x_wconf 88' lang='lat' dir='ltr'>armari:</span> <span class='ocrx_word' id='word_1_152' title='bbox 711 2291 835 2354; x_wconf 81' lang='lat' dir='ltr'>dirersis</span> <span class='ocrx_word' id='word_1_153' title='bbox 856 2295 919 2355; x_wconf 86' lang='lat' dir='ltr'>exit</span> <span class='ocrx_word' id='word_1_154' title='bbox 941 2301 1075 2370; x_wconf 89' lang='lat' dir='ltr'>uterque</span> 
     </span>
     <span class='ocr_line' id='line_1_25' title="bbox 328 2379 1070 2461; baseline 0.004 -20"><span class='ocrx_word' id='word_1_155' title='bbox 328 2399 332 2407; x_wconf 92' lang='lat'><em>·</em></span> <span class='ocrx_word' id='word_1_156' title='bbox 354 2380 516 2461; x_wconf 87' lang='lat' dir='ltr'>Partibus,</span> <span class='ocrx_word' id='word_1_157' title='bbox 537 2398 666 2442; x_wconf 84' lang='lat' dir='ltr'>occursu</span> <span class='ocrx_word' id='word_1_158' title='bbox 688 2380 797 2459; x_wconf 83' lang='lat' dir='ltr'>praeda</span> <span class='ocrx_word' id='word_1_159' title='bbox 819 2388 939 2460; x_wconf 86' lang='lat' dir='ltr'>recepto</span> <span class='ocrx_word' id='word_1_160' title='bbox 959 2379 1070 2444; x_wconf 88' lang='lat' dir='ltr'>Remi.</span> 
     </span>
     <span class='ocr_line' id='line_1_26' title="bbox 310 2468 1071 2550; baseline 0.001 -21"><span class='ocrx_word' id='word_1_161' title='bbox 310 2468 349 2531; x_wconf 90' lang='lat' dir='ltr'>Ut</span> <span class='ocrx_word' id='word_1_162' title='bbox 371 2469 480 2548; x_wconf 84' lang='lat' dir='ltr'>rediit,</span> <span class='ocrx_word' id='word_1_163' title='bbox 504 2468 625 2530; x_wconf 84' lang='lat' dir='ltr'>veribus</span> <span class='ocrx_word' id='word_1_164' title='bbox 648 2468 804 2530; x_wconf 88' lang='lat' dir='ltr'>stridentia</span> <span class='ocrx_word' id='word_1_165' title='bbox 826 2468 954 2532; x_wconf 91' lang='lat' dir='ltr'>detrahit</span> <span class='ocrx_word' id='word_1_166' title='bbox 977 2475 1071 2550; x_wconf 82' lang='lat' dir='ltr'>exta,</span> 
     </span>
     <span class='ocr_line' id='line_1_27' title="bbox 353 2553 1151 2639; baseline 0.004 -21"><span class='ocrx_word' id='word_1_167' title='bbox 353 2559 450 2639; x_wconf 80' lang='lat' dir='ltr'>dique</span> <span class='ocrx_word' id='word_1_168' title='bbox 473 2560 515 2619; x_wconf 88' lang='lat' dir='ltr'>ait</span> <span class='ocrx_word' id='word_1_169' title='bbox 538 2553 733 2620; x_wconf 59' lang='grc' dir='ltr'>ε1666666616</span> <span class='ocrx_word' id='word_1_170' title='bbox 754 2574 813 2618; x_wconf 92' lang='lat' dir='ltr'>non</span> <span class='ocrx_word' id='word_1_171' title='bbox 836 2558 896 2620; x_wconf 87' lang='lat' dir='ltr'>nisi</span> <span class='ocrx_word' id='word_1_172' title='bbox 917 2559 1011 2622; x_wconf 86' lang='lat' dir='ltr'>victor</span> <span class='ocrx_word' id='word_1_173' title='bbox 1037 2556 1151 2623; x_wconf 88' lang='lat' dir='ltr'>edet.’</span> 
     </span>
     <span class='ocr_line' id='line_1_28' title="bbox 244 2644 1163 2728; baseline 0 -19"><span class='ocrx_word' id='word_1_174' title='bbox 244 2659 296 2709; x_wconf 79' lang='lat' dir='ltr'>ero</span> <span class='ocrx_word' id='word_1_175' title='bbox 311 2647 393 2707; x_wconf 83' lang='lat' dir='ltr'>llicta</span> <span class='ocrx_word' id='word_1_176' title='bbox 416 2648 508 2728; x_wconf 85' lang='lat' dir='ltr'>iacit,</span> <span class='ocrx_word' id='word_1_177' title='bbox 530 2645 673 2725; x_wconf 83' lang='lat' dir='ltr'>Fabiique</span> <span class='ocrx_word' id='word_1_178' title='bbox 694 2644 805 2710; x_wconf 86' lang='lat' dir='ltr'>simul.</span> <span class='ocrx_word' id='word_1_179' title='bbox 849 2648 929 2707; x_wconf 86' lang='lat' dir='ltr'>uenit</span> <span class='ocrx_word' id='word_1_180' title='bbox 948 2647 1064 2708; x_wconf 81' lang='lat' dir='ltr'>ioritrrs</span> <span class='ocrx_word' id='word_1_181' title='bbox 1087 2648 1163 2711; x_wconf 84' lang='lat' dir='ltr'>illuc</span> 
     </span>
     <span class='ocr_line' id='line_1_29' title="bbox 355 2733 1097 2816; baseline 0.004 -21"><span class='ocrx_word' id='word_1_182' title='bbox 355 2735 500 2795; x_wconf 88' lang='lat' dir='ltr'>Romulus</span> <span class='ocrx_word' id='word_1_183' title='bbox 512 2781 523 2816; x_wconf 86' lang='lat'>‚</span> <span class='ocrx_word' id='word_1_184' title='bbox 545 2744 578 2796; x_wconf 89' lang='lat' dir='ltr'>et</span> <span class='ocrx_word' id='word_1_185' title='bbox 598 2752 716 2796; x_wconf 89' lang='lat' dir='ltr'>mensas</span> <span class='ocrx_word' id='word_1_186' title='bbox 740 2751 865 2815; x_wconf 88' lang='lat' dir='ltr'>ossaque</span> <span class='ocrx_word' id='word_1_187' title='bbox 888 2733 969 2798; x_wconf 84' lang='lat' dir='ltr'>nuda</span> <span class='ocrx_word' id='word_1_188' title='bbox 990 2734 1097 2798; x_wconf 88' lang='lat' dir='ltr'>videt.</span> 
     </span>
     <span class='ocr_line' id='line_1_30' title="bbox 311 2820 1114 2906; baseline 0.002 -22"><span class='ocrx_word' id='word_1_189' title='bbox 311 2824 410 2904; x_wconf 81' lang='lat' dir='ltr'>Risit,</span> <span class='ocrx_word' id='word_1_190' title='bbox 432 2833 463 2885; x_wconf 89' lang='lat' dir='ltr'>et</span> <span class='ocrx_word' id='word_1_191' title='bbox 484 2822 610 2885; x_wconf 90' lang='lat' dir='ltr'>indoluit</span> <span class='ocrx_word' id='word_1_192' title='bbox 634 2822 739 2886; x_wconf 83' lang='lat' dir='ltr'>Fabios</span> <span class='ocrx_word' id='word_1_193' title='bbox 762 2824 896 2903; x_wconf 87' lang='lat' dir='ltr'>potuisse</span> <span class='ocrx_word' id='word_1_194' title='bbox 919 2820 1114 2906; x_wconf 87' lang='lat' dir='ltr'>Remumque</span> 
     </span>
     <span class='ocr_line' id='line_1_31' title="bbox 354 2911 1035 2993; baseline 0.006 -24"><span class='ocrx_word' id='word_1_195' title='bbox 354 2913 503 2993; x_wconf 85' lang='lat' dir='ltr'>Vincere,</span> <span class='ocrx_word' id='word_1_196' title='bbox 525 2911 685 2982; x_wconf 85' lang='lat' dir='ltr'>erintilios</span> <span class='ocrx_word' id='word_1_197' title='bbox 706 2929 766 2972; x_wconf 87' lang='lat' dir='ltr'>noo</span> <span class='ocrx_word' id='word_1_198' title='bbox 788 2914 922 2991; x_wconf 88' lang='lat' dir='ltr'>potuisse</span> <span class='ocrx_word' id='word_1_199' title='bbox 944 2928 1035 2973; x_wconf 90' lang='lat' dir='ltr'>suos.</span> 
     </span>
     <span class='ocr_line' id='line_1_32' title="bbox 310 2999 1116 3084; baseline 0.001 -22"><span class='ocrx_word' id='word_1_200' title='bbox 310 3001 398 3062; x_wconf 83' lang='lat' dir='ltr'>Fama</span> <span class='ocrx_word' id='word_1_201' title='bbox 421 3009 520 3062; x_wconf 81' lang='lat' dir='ltr'>manet</span> <span class='ocrx_word' id='word_1_202' title='bbox 543 3001 634 3061; x_wconf 88' lang='lat' dir='ltr'>lacti.</span> <span class='ocrx_word' id='word_1_203' title='bbox 675 3002 772 3079; x_wconf 87' lang='lat' dir='ltr'>posito</span> <span class='ocrx_word' id='word_1_204' title='bbox 796 2999 938 3062; x_wconf 91' lang='lat' dir='ltr'>velamine</span> <span class='ocrx_word' id='word_1_205' title='bbox 960 3009 1116 3084; x_wconf 88' lang='lat' dir='ltr'>currunt,</span> 
     </span>
     <span class='ocr_line' id='line_1_33' title="bbox 244 3086 1182 3169; baseline 0.002 -19"><span class='ocrx_word' id='word_1_206' title='bbox 244 3101 297 3152; x_wconf 82' lang='grc'>366</span> <span class='ocrx_word' id='word_1_207' title='bbox 354 3088 393 3150; x_wconf 85' lang='lat' dir='ltr'>Et</span> <span class='ocrx_word' id='word_1_208' title='bbox 415 3106 578 3152; x_wconf 83' lang='lat' dir='ltr'>memorem</span> <span class='ocrx_word' id='word_1_209' title='bbox 599 3088 707 3152; x_wconf 84' lang='lat' dir='ltr'>lamam</span> <span class='ocrx_word' id='word_1_210' title='bbox 730 3087 810 3169; x_wconf 90' lang='lat' dir='ltr'>quod</span> <span class='ocrx_word' id='word_1_211' title='bbox 832 3086 908 3150; x_wconf 88' lang='lat' dir='ltr'>beno</span> <span class='ocrx_word' id='word_1_212' title='bbox 931 3090 1047 3167; x_wconf 86' lang='lat' dir='ltr'>cessit,</span> <span class='ocrx_word' id='word_1_213' title='bbox 1071 3090 1182 3154; x_wconf 81' lang='lat' dir='ltr'>habet.</span> 
     </span>
     <span class='ocr_line' id='line_1_34' title="bbox 311 3173 1188 3260; baseline 0.003 -22"><span class='ocrx_word' id='word_1_214' title='bbox 311 3177 446 3238; x_wconf 85' lang='lat' dir='ltr'>Forsitan</span> <span class='ocrx_word' id='word_1_215' title='bbox 459 3185 502 3258; x_wconf 83' lang='lat' dir='ltr'>¹et</span> <span class='ocrx_word' id='word_1_216' title='bbox 525 3194 675 3256; x_wconf 85' lang='lat' dir='ltr'>quaeras,</span> <span class='ocrx_word' id='word_1_217' title='bbox 695 3195 750 3238; x_wconf 88' lang='lat' dir='ltr'>cur</span> <span class='ocrx_word' id='word_1_218' title='bbox 773 3178 812 3237; x_wconf 91' lang='lat' dir='ltr'>sit</span> <span class='ocrx_word' id='word_1_219' title='bbox 835 3176 919 3237; x_wconf 88' lang='lat' dir='ltr'>locos</span> <span class='ocrx_word' id='word_1_220' title='bbox 941 3173 990 3235; x_wconf 89' lang='lat' dir='ltr'>ille</span> <span class='ocrx_word' id='word_1_221' title='bbox 1014 3174 1188 3260; x_wconf 82' lang='lat' dir='ltr'>Lupercal,</span> 
     </span>
     <span class='ocr_line' id='line_1_35' title="bbox 356 3263 1027 3337; baseline 0 -11"><span class='ocrx_word' id='word_1_222' title='bbox 356 3265 473 3337; x_wconf 80' lang='lat' dir='ltr'>Quaere</span> <span class='ocrx_word' id='word_1_223' title='bbox 496 3263 576 3328; x_wconf 85' lang='lat' dir='ltr'>diem</span> <span class='ocrx_word' id='word_1_224' title='bbox 597 3264 649 3326; x_wconf 82' lang='lat' dir='ltr'>tali</span> <span class='ocrx_word' id='word_1_225' title='bbox 673 3267 791 3326; x_wconf 91' lang='lat' dir='ltr'>nomine</span> <span class='ocrx_word' id='word_1_226' title='bbox 815 3282 905 3328; x_wconf 85' lang='lat' dir='ltr'>causa</span> <span class='ocrx_word' id='word_1_227' title='bbox 925 3271 1027 3326; x_wconf 89' lang='lat' dir='ltr'>notet.</span> 
     </span>
     <span class='ocr_line' id='line_1_36' title="bbox 312 3352 956 3433; baseline 0.003 -19"><span class='ocrx_word' id='word_1_228' title='bbox 312 3353 548 3418; x_wconf 69' lang='lat' dir='ltr'>Silvia&#39;Vestalis</span> <span class='ocrx_word' id='word_1_229' title='bbox 571 3352 709 3416; x_wconf 82' lang='lat' dir='ltr'>caelestia</span> <span class='ocrx_word' id='word_1_230' title='bbox 732 3353 844 3415; x_wconf 89' lang='lat' dir='ltr'>semina</span> <span class='ocrx_word' id='word_1_231' title='bbox 867 3360 956 3433; x_wconf 81' lang='lat' dir='ltr'>partu</span> 
     </span>
     <span class='ocr_line' id='line_1_37' title="bbox 355 3441 1000 3520; baseline 0.003 -21"><span class='ocrx_word' id='word_1_232' title='bbox 355 3441 517 3519; x_wconf 83' lang='lat' dir='ltr'>Ediderat,</span> <span class='ocrx_word' id='word_1_233' title='bbox 538 3451 646 3519; x_wconf 84' lang='lat' dir='ltr'>patruo</span> <span class='ocrx_word' id='word_1_234' title='bbox 669 3458 761 3520; x_wconf 80' lang='lat' dir='ltr'>regna</span> <span class='ocrx_word' id='word_1_235' title='bbox 783 3450 904 3504; x_wconf 85' lang='lat' dir='ltr'>tenente</span> <span class='ocrx_word' id='word_1_236' title='bbox 927 3458 1000 3502; x_wconf 89' lang='lat' dir='ltr'>suo.</span> 
     </span>
     <span class='ocr_line' id='line_1_38' title="bbox 247 3527 1077 3607; baseline 0.014 -24"><span class='ocrx_word' id='word_1_237' title='bbox 247 3539 298 3581; x_wconf 69' lang='lat' dir='ltr'>rer</span> <span class='ocrx_word' id='word_1_238' title='bbox 311 3528 340 3586; x_wconf 90' lang='lat' dir='ltr'>ls</span> <span class='ocrx_word' id='word_1_239' title='bbox 364 3527 446 3587; x_wconf 88' lang='lat' dir='ltr'>iubet</span> <span class='ocrx_word' id='word_1_240' title='bbox 468 3530 579 3590; x_wconf 73' lang='lat' dir='ltr'>mterri</span> <span class='ocrx_word' id='word_1_241' title='bbox 602 3546 709 3607; x_wconf 82' lang='lat' dir='ltr'>paruos</span> <span class='ocrx_word' id='word_1_242' title='bbox 733 3536 764 3587; x_wconf 89' lang='lat' dir='ltr'>et</span> <span class='ocrx_word' id='word_1_243' title='bbox 785 3530 816 3590; x_wconf 93' lang='lat' dir='ltr'>in</span> <span class='ocrx_word' id='word_1_244' title='bbox 840 3547 925 3592; x_wconf 87' lang='lat' dir='ltr'>amne</span> <span class='ocrx_word' id='word_1_245' title='bbox 946 3532 1077 3596; x_wconf 84' lang='lat' dir='ltr'>necari.</span> 
     </span>
    </p>
   </div>
   <div class='ocr_carea' id='block_1_3' title="bbox 0 0 1238 4042">
    <p class='ocr_par' dir='ltr' id='par_1_3' title="bbox 0 0 1238 4042">
     <span class='ocr_line' id='line_1_39' title="bbox 0 0 1238 4042; baseline 0 0"><span class='ocrx_word' id='word_1_246' title='bbox 0 0 1238 4042; x_wconf 95' lang='lat' dir='ltr'> </span> 
     </span>
    </p>
   </div>
  </div>
 </body>
</html>
