2467 4042
218 206 284 274 206
624 208 673 258 nx
691 206 812 259 nonno

305 371 408 452 'leque
426 388 529 433 canam
547 388 735 450 quacumque
753 378 843 432 nota.
880 370 935 432 tibi
955 374 1095 433 carmina
1122 375 1231 436 mittan

258 472 293 523 ao
350 459 447 522 Paene
469 459 542 520 mihi
564 476 659 537 puero
682 461 799 538 cognite
821 476 916 538 paene
937 477 1032 540 puer,

305 547 421 628 Perque
449 553 494 608 tot
520 564 667 608 annorum
693 549 802 608 seriem
814 592 824 628 ,
851 554 925 625 quot
949 546 1101 610 habemus

853 643 997 715 uterque,
1179 650 1227 704 uas

350 722 414 785 Non
438 722 533 803 mihi,
556 741 644 802 quam
667 723 754 784 lratri
775 723 868 784 irater
880 769 890 802 ,
912 731 1007 784 amate
1032 726 1162 789 minus.

305 809 350 874 Tu
374 810 470 873 bonus
492 810 649 892 hortator,
670 818 705 873 tu
728 811 847 890 duxque
870 829 1029 891 comesque
1053 813 1166 896 luisti,

350 897 424 961 Cum
447 915 582 977 regerem
605 906 709 960 tenera
731 898 815 960 irena
837 899 952 960 noveda
973 917 1084 962 manu.

257 998 291 1050 εδ
305 985 399 1067 Saepe
422 1004 478 1066 ege
500 988 618 1048 correxi
641 985 697 1048 sub
720 995 750 1047 te
773 1005 897 1048 censore
920 986 1054 1049 libellos:

350 1074 444 1156 Saepe
467 1074 522 1137 tibi
544 1073 696 1137 admonitu
719 1075 796 1136 iacta
816 1075 907 1136 litura
928 1093 996 1136 meo
1018 1083 1086 1157 est,

304 1162 427 1244 Dignam
449 1162 591 1224 llaeoniis
613 1162 776 1225 Phaeacida
796 1163 926 1225 condere
947 1163 1062 1225 chartis

348 1249 423 1314 Cum
446 1259 475 1313 tc
498 1250 633 1312 Pierides
655 1250 839 1330 perdocuere
862 1261 948 1314 tuae.

304 1338 360 1401 llic
382 1348 491 1418 tenor,
513 1339 587 1400 haec
609 1338 695 1401 viridi
719 1339 879 1402 concordia
900 1347 1006 1418 coepta
1026 1341 1160 1404 iuventa

256 1437 291 1491 to
349 1426 437 1489 Venit
459 1427 495 1489 ad
517 1426 652 1489 albentes
673 1426 849 1490 inlabefacta
871 1445 988 1490 comas.

304 1515 386 1588 Quae
409 1517 467 1585 nisi
489 1524 520 1578 te
542 1523 702 1596 moveant,
724 1515 799 1578 duro
822 1515 877 1577 tibi
899 1524 1020 1595 pectora
1044 1516 1135 1580 ierro

348 1603 444 1686 Esse,
467 1604 514 1665 vel
534 1606 644 1666 invicto
668 1603 766 1665 clausa
789 1604 942 1665 adamante
964 1611 1087 1683 putem.

305 1690 362 1754 Sed
386 1695 470 1772 prius
493 1692 562 1753 huic
585 1691 685 1756 desint
706 1690 871 1755 othelium
893 1699 924 1753 et
945 1692 1059 1772 frigora
1081 1701 1203 1775 terrae,
1231 1723 1232 1756 t

348 1780 464 1842 invisus
486 1779 572 1842 nohis
594 1798 671 1859 quae
694 1779 753 1841 duo
776 1779 890 1842 Pontus
912 1779 1017 1860 habet,

256 1880 290 1932 86
304 1868 342 1930 Et
364 1868 482 1948 tepidus
505 1867 610 1929 boreas
633 1875 664 1928 et
686 1869 725 1928 sit
747 1868 945 1948 praefrigidus
967 1877 1092 1951 auster,

348 1955 386 2017 tn
409 1956 503 2036 possit
525 1957 618 2017 iatum
641 1955 758 2017 mollius
781 1974 847 2017 esse
870 1973 987 2036 meum,

304 2044 398 2117 Quam
420 2053 471 2105 tua
493 2045 553 2106 slnt
576 2043 658 2122 lapso
682 2043 855 2124 praecordia
876 2044 950 2104 dura
973 2042 1089 2109 sodali.

348 2131 403 2194 lile
427 2131 564 2194 cumulus
586 2133 699 2193 nostris
721 2131 800 2193 absit
821 2131 964 2211 abestque
987 2131 1092 2195 malis.

303 2219 349 2283 'lu
372 2220 459 2282 modo
481 2238 536 2301 per
558 2237 706 2300 superos,
730 2238 858 2300 quorum
880 2222 1068 2282 certissimus
1091 2222 1148 2286 ille
1171 2233 1217 2302 est,

255 2321 291 2372 40
349 2309 415 2380 Quo
437 2317 508 2371 tuns
530 2309 648 2370 assidue
672 2311 806 2389 principe
829 2309 923 2370 crevit
944 2308 1060 2385 honor,

303 2396 396 2459 Eidce
419 2398 568 2459 constanti
588 2397 748 2476 profugum
769 2400 879 2478 pietate
903 2396 1031 2479 tuendo,
1229 2409 1230 2442 t

348 2484 392 2547 Ne
415 2494 532 2566 sperata
554 2502 649 2546 meam
673 2484 790 2547 deserat
812 2502 884 2548 aura
907 2492 1017 2546 ratem.

305 2573 382 2647 Quid
406 2574 562 2654 mandem,
585 2570 734 2653 quaeris?
764 2591 905 2654 peream,
929 2576 986 2633 nisi
1008 2571 1116 2637 dicere

852 2664 899 2722 vin
921 2669 968 2722 est
990 2693 1024 2703 -
1174 2678 1229 2730 pra¹

350 2749 514 2831 simodo,
536 2752 589 2829 qul
611 2751 722 2832 periit,
744 2749 794 2811 ille
817 2751 917 2829 perire
938 2756 1057 2830 petest.
1228 2735 1229 2824 l

256 2850 290 2900 45
305 2837 384 2920 Nec,
402 2839 473 2918 quid
492 2855 593 2919 agam,
616 2840 753 2918 invenio,
771 2854 826 2898 nec
845 2837 916 2916 quid
935 2836 1065 2900 nolimve
1086 2841 1215 2920 velimre,

348 2926 410 2989 Nec
432 2929 503 2988 satis
527 2925 639 2989 utilitas
662 2935 708 2988 ost
730 2925 803 2986 mihi
825 2935 896 2987 nota
919 2943 999 2987 mea.

304 3014 399 3077 Crede
422 3015 516 3097 mihi,
538 3016 664 3076 miseros
687 3014 843 3094 prudentia
865 3015 961 3094 prima
982 3012 1153 3102 relinquit,

349 3102 386 3165 Et
409 3121 515 3166 sensus
538 3121 607 3165 cum
629 3120 664 3163 re
685 3101 902 3181 consiliumque
926 3102 1018 3181 sugit.

304 3192 389 3274 lpse,
411 3209 537 3272 precor,
554 3208 697 3272 quaeras,
719 3208 777 3269 qua
800 3191 856 3251 sim
881 3189 934 3252 tibi
951 3199 1035 3268 parte
1061 3193 1214 3262 iurandus.

255 3292 290 3343 50
349 3279 474 3359 Quoque
497 3282 573 3342 viam
595 3280 686 3341 lanias
708 3278 745 3339 ad
768 3295 832 3339 mea
856 3287 922 3340 vota
945 3276 1035 3340 vado.
