2467 4042
353 238 431 315 1,8.
448 238 593 313 50-9,
611 239 662 302 10.

133 393 182 467 Qui
193 393 335 469 doceant,
357 401 428 469 apte
444 393 517 468 quid
534 393 587 454 tibi
603 394 706 468 possit
720 395 796 454 erni:

97 475 126 535 Et
138 468 190 537 sibi
202 493 301 552 panca
315 487 434 552 rogent.
462 477 575 538 Multos
591 478 620 537 si
634 493 735 554 pauca
748 479 915 555 rogabunt,

65 567 93 621 to
134 560 292 624 Postmodo
309 562 349 623 de
364 563 478 639 stipula
496 562 624 636 grandis
639 577 770 622 acervus
785 563 850 624 erit

20 650 22 719 t
94 643 126 703 n
137 660 230 721 soror,
253 654 283 707 et
297 654 407 723 mater,
428 646 531 707 nutrix
546 662 672 723 quoque
688 654 795 722 carpat
808 655 974 710 amantema

20 742 22 797 ζ
127 727 168 789 ro
181 730 238 792 cito
253 746 312 806 per
322 731 435 792 multas
450 729 569 806 praeda
584 732 677 802 petita
691 748 810 791 manus.

95 812 157 872 dum
167 820 196 873 te
210 814 355 876 deficient
369 814 521 891 poscendi
536 831 666 876 munera
681 830 810 881 causae.

127 895 254 958 Natalem
268 899 331 960 libo
347 899 514 960 testificare
528 905 622 959 tuurn.

62 978 265 1043 clareamus
282 990 364 1044 amet
378 984 461 1043 nullo
476 983 590 1057 rivale,
607 990 732 1044 caveto:

127 1064 187 1125 lion
198 1066 295 1143 bene,
319 1069 347 1127 si
361 1068 452 1128 tollas
467 1067 602 1142 proelia,
628 1069 718 1127 durat
733 1084 829 1128 amor.

93 1147 138 1207 lile
149 1148 202 1210 viri
213 1151 319 1212 videat
331 1157 396 1213 toto
412 1151 546 1227 vestigia
562 1152 657 1224 lecto,

126 1231 272 1311 Factaque
286 1235 414 1297 lascivis
426 1235 522 1298 livida
539 1237 619 1296 colla
635 1238 725 1297 notis.

92 1313 203 1378 Munera
215 1320 386 1396 praecipue
402 1321 521 1394 videat,
545 1337 627 1395 quae
640 1321 759 1381 miserit
773 1323 858 1381 alter.

47 1403 86 1455 lot
129 1399 158 1461 st
172 1402 288 1465 dederit
301 1421 411 1477 nemo,
429 1404 747 1485 Sacrarpgandauia
760 1415 817 1467 est.

20 1510 21 1513 ¹
94 1482 154 1544 Cum
167 1490 257 1550 multa
272 1488 451 1564 abstuleris,
467 1484 579 1550 ut'non
593 1496 695 1549 tamen
713 1492 815 1550 omnia
827 1490 938 1564 donet,

130 1568 208 1642 Quod
221 1589 390 1649 numquam
405 1573 536 1647 reddas,
559 1574 749 1649 commodet,
772 1575 842 1650 ipsa
856 1591 941 1650 roga.

93 1648 191 1728 Lingua
204 1657 302 1732 iuvet,
326 1667 522 1734 mentemque
535 1663 627 1732 tegat.
657 1658 814 1734 blandire,
838 1675 993 1735 nooeque:

128 1735 216 1813 Impia
229 1741 287 1802 sub
305 1740 387 1801 dulci
402 1742 493 1802 melle
507 1757 630 1802 venena
644 1745 747 1805 latent.

49 1821 86 1877 lto
93 1816 162 1881 Haeo
176 1825 201 1883 si
215 1826 405 1901 praestiteris
422 1842 484 1887 usu
498 1825 571 1885 mihi
587 1827 709 1901 cognita
722 1829 833 1903 longo,

20 1934 22 1945 ›
126 1903 182 1968 lieo
193 1910 315 1970 tulerint
330 1925 425 1971 voces
441 1916 551 1970 ventus
567 1918 598 1972 et
611 1927 688 1972 aura
701 1928 804 1984 meas,

20 1980 21 2005 ¹
97 1985 181 2067 Saepe
193 1994 266 2055 mihi
280 1993 367 2055 dices
383 1991 474 2054 vivae
489 1993 588 2068 bene,
609 2011 706 2071 saepe
719 1996 862 2071 rogabis,

21 2102 22 2107 κ
128 2073 162 2136 Ut
172 2094 240 2140 mea
253 2078 415 2139 deiunctae
428 2079 560 2139 molliter
574 2094 651 2139 ossa
669 2079 804 2141 cubent?
821 2082 825 2089 '

96 2153 153 2220 Vox
165 2171 227 2223 erat
237 2163 267 2223 in
286 2179 395 2235 cursu,
419 2178 487 2223 curn
502 2178 635 2224 mamea
649 2164 787 2240 prodidit
799 2164 919 2226 umbra.

21 2282 23 2327 ,
54 2240 88 2295 11⁰
128 2244 163 2304 nt
174 2255 295 2309 nostrae
309 2247 364 2307 vix
379 2264 414 2307 se
430 2246 609 2308 continuere
624 2265 749 2324 manus,

21 2348 23 2417 q
100 2322 160 2396 Quin
173 2331 268 2393 olbam
282 2348 446 2406 raramque
463 2347 582 2392 comam
597 2334 827 2408 lacrimosaque
844 2333 914 2395 vino

22 2428 24 2459 t
129 2410 244 2476 Lumina
256 2432 389 2492 rugosas
405 2415 672 2492 distraherentque
687 2434 793 2493 genas.

96 2490 125 2551 lii
136 2498 182 2560 tibi
195 2500 265 2560 dent
278 2501 444 2576 nullosque
458 2501 539 2560 lares
557 2500 745 2577 inopemque
759 2508 930 2575 senectam,

131 2579 162 2641 lt
173 2584 276 2661 longas
292 2584 411 2644 hiemes
426 2591 670 2661 perpetuamque
686 2587 782 2646 sitim!

60 2703 78 2795 ὓ
98 2707 192 2814 Militat
206 2755 304 2816 omnis
321 2771 443 2828 amans,
468 2763 498 2817 et
511 2756 604 2816 habet
619 2772 677 2816 sua
691 2763 793 2816 castra
807 2756 941 2831 Cupido:

23 2860 24 2871 ¹
127 2840 230 2917 Attice,
252 2843 347 2904 crede
361 2843 451 2918 mihi,
471 2844 578 2904 militat
591 2844 691 2905 omnis
707 2861 824 2905 amans.

97 2914 164 2989 Quae
178 2925 256 2989 bello
273 2934 322 2989 est
335 2926 462 3002 habilis,
477 2928 593 2988 Veneri
608 2944 736 3003 quoque
752 2927 894 2989 convenit
909 2935 994 2988 aetas

127 3007 216 3086 Turpe
230 3028 330 3073 senex
343 3012 447 3084 miles,
470 3019 559 3088 turpe
579 3013 686 3072 senilis
705 3029 799 3073 amor.

76 3083 162 3160 iduor
177 3097 290 3170 petiere
305 3095 403 3158 duces
419 3113 518 3158 annos
533 3096 563 3156 in
582 3097 675 3157 milite
692 3097 776 3169 torti,

125 3173 183 3239 llos
197 3180 271 3256 petit
283 3181 316 3240 in
333 3180 421 3242 socio
435 3180 517 3241 bella
532 3182 635 3257 puella
649 3190 726 3243 toro.

95 3250 257 3337 Pervigilant
271 3263 372 3326 ambo.
398 3273 479 3326 terra
493 3266 660 3341 requiescit
673 3273 818 3339 uterque=

128 3342 174 3405 ilie
188 3347 268 3408 iores
286 3349 430 3410 dominae
444 3358 563 3424 servat,
585 3350 682 3410 atille
698 3350 795 3411 ducis.

94 3420 178 3489 Militis
193 3432 327 3494 officium
341 3435 435 3511 longa
449 3442 497 3495 est
509 3434 568 3494 via.
601 3434 686 3495 Mitte
701 3437 850 3510 puellam,

68 3509 90 3563 lo
129 3509 267 3578 Strenuus
283 3526 427 3594 exempto
443 3519 505 3580 tine
520 3525 666 3595 sequetur
680 3535 803 3579 amensa
