2467 4042
365 241 408 317 lt,
424 240 479 315 18,
495 240 536 302 26
553 274 588 285 -
608 239 663 314 19,
679 240 730 304 60.
1017 244 1057 306 43

91 395 159 456 Sic
179 394 259 453 mihi
275 393 365 453 dmat
378 410 466 455 amor
480 396 656 470 longosque
671 394 823 455 adolescit
837 395 868 454 in
883 411 995 456 anuos:

148 479 226 539 Hoc
240 477 340 551 iuvat,
360 477 439 540 haee
454 480 547 538 animi
562 486 633 540 sunt
648 478 791 539 alimenta
808 479 893 538 mei:

35 578 81 630 25
94 561 240 637 Pinguis
258 577 345 623 amor
359 563 549 637 nimiumque
567 571 676 639 patens
692 561 724 621 in
738 563 841 623 taedia
856 562 947 624 nobis
978 630 994 648 l

149 648 309 721 Vertitur,
332 654 363 706 et
377 647 554 723 stomacho,
577 647 676 708 dulcis
692 654 725 707 ut
740 661 828 720 esca,
852 656 954 709 nocet.

94 731 141 793 Si
156 746 330 806 numquam
343 732 471 792 Danaen
485 731 647 794 habuisset
661 734 758 792 aenea
775 731 882 804 turris,

150 815 227 876 Non
241 822 326 876 esset
338 815 447 876 Danae
461 817 500 877 de
514 816 589 877 love
604 818 685 878 facta
698 832 822 892 parens.

97 902 192 962 Dum
208 906 314 960 servat
326 900 404 960 Iuno
419 907 566 961 mutatam
581 901 726 961 cornibus
742 903 792 974 lo,

42 996 87 1051 30
152 983 253 1044 Facta
267 990 328 1056 est,
353 1001 446 1061 quam
460 987 573 1057 luerat,
596 985 712 1061 gratior
725 986 776 1044 illa
790 983 867 1044 Iovi.

98 1068 203 1144 Quod
220 1068 290 1127 licet
304 1076 335 1129 et
349 1069 439 1128 facila
454 1076 501 1129 est
515 1070 659 1146 quisquis
675 1069 772 1145 cupit,
792 1068 903 1130 arbore
916 1069 1035 1130 frondis

150 1153 282 1227 Carpat,
307 1159 337 1212 et
350 1168 368 1212 e
383 1169 494 1228 magno
509 1152 637 1215 flumine
652 1159 736 1230 potet
750 1169 873 1229 aquam.

99 1236 212 1313 Siqua
226 1238 309 1297 volet
321 1252 453 1311 regnare
468 1238 536 1312 diu,
559 1237 686 1299 deludat
702 1244 863 1298 amantem.

148 1321 188 1381 Ei
206 1320 295 1395 mihi,
319 1336 359 1381 ne
373 1321 497 1381 monitis
512 1329 660 1397 torquear
674 1322 743 1397 ipse
757 1321 850 1382 meist

46 1418 89 1472 35
105 1405 271 1480 Quidlibet
285 1405 422 1481 eveniat,
445 1414 536 1466 uocat
549 1406 740 1481 indulgentia
753 1406 861 1466 nobis:

150 1488 245 1564 Quod
260 1490 415 1565 sequitur,
440 1490 534 1566 fugio.
565 1491 650 1565 quod
665 1490 755 1566 fugit,
779 1491 848 1566 ipse
868 1505 991 1564 sequor.

100 1576 149 1635 At
164 1581 203 1634 tu
216 1574 396 1634 formonsae
410 1574 535 1635 nimium
551 1590 660 1635 secure
674 1576 812 1650 puellae,

149 1658 261 1734 Incipe
276 1657 337 1717 iam
352 1658 452 1733 prima
470 1660 614 1719 claudere
629 1665 720 1719 nocte
735 1659 843 1719 forem.

101 1742 232 1818 incipe,
253 1740 324 1817 quis
338 1742 452 1804 totiens
467 1743 570 1803 furtim
584 1750 638 1803 tua
652 1742 756 1802 limina
769 1745 888 1819 pulset,

49 1838 93 1892 40
154 1825 331 1901 Quaerere,
356 1826 431 1902 quid
444 1828 554 1888 latrent
568 1834 659 1888 nocte
676 1828 786 1887 silente
801 1841 910 1902 canes,

102 1909 194 1984 Quas
210 1911 288 1970 ferat
301 1917 333 1970 et
346 1911 460 1971 referat
479 1912 590 1971 sollers
605 1911 718 1972 ancilla
731 1910 875 1985 tabellas,

149 1993 216 2054 Cur
228 1995 344 2055 totiens
358 2009 458 2054 vacuo
474 1994 602 2055 secubet
615 1995 686 2071 ipsa
700 2001 780 2056 toro.

101 2078 251 2139 Mordeat
266 2078 328 2138 ista
341 2083 410 2138 tuas
428 2078 594 2153 aliquando
611 2094 685 2140 cura
699 2080 867 2153 medullas,

147 2163 261 2236 Daque
275 2164 380 2223 locum
393 2163 508 2222 nostris
522 2163 743 2240 materiamque
759 2163 848 2225 dolis.

54 2258 94 2312 45
108 2246 167 2307 lile
185 2253 288 2321 potest
303 2262 405 2307 vacuo
421 2247 515 2306 furari
530 2246 620 2308 litore
634 2263 763 2323 arenas,

148 2331 289 2392 Uxorem
303 2330 387 2391 stulti
402 2330 502 2406 siquis
517 2346 621 2391 amare
635 2339 748 2407 potest

103 2415 237 2488 lamque
251 2430 309 2489 ego
327 2430 530 2490 praemoneo,
551 2413 611 2474 nisi
627 2421 660 2477 tu
674 2431 801 2476 servare
816 2416 949 2493 puellam

151 2498 285 2575 Incipis,
308 2498 434 2574 incipiet
450 2498 592 2559 desinere
608 2514 680 2559 esse
694 2514 774 2559 mea.

104 2583 207 2643 Multa
221 2583 339 2659 diuque
351 2583 415 2643 tuli.
444 2583 570 2659 speravi
585 2585 844 2659 saepefatum,

57 2680 98 2731 50
156 2666 234 2726 Cum
247 2666 328 2727 bene
343 2682 523 2742 servasses,
543 2674 576 2728 ut
590 2667 670 2727 bene
685 2666 781 2727 verba
796 2667 911 2727 darem.

105 2752 227 2812 Lentus
244 2766 294 2826 es,
316 2758 347 2811 et
361 2751 476 2827 pateris
492 2751 566 2811 nulli
581 2752 730 2828 patienda
743 2751 863 2811 marito.

151 2840 196 2895 At
209 2835 282 2894 mihi
297 2850 452 2896 concessa
465 2833 536 2896 finis
551 2836 667 2896 amoris
682 2835 748 2896 erit.

108 2919 238 2980 Scilicet
251 2919 359 2980 infelix
375 2935 542 2995 numquam
559 2919 748 2995 prohibebor
762 2919 869 2980 adiret

152 3003 312 3063 Noxmihi
327 3002 385 3065 sub
401 3004 483 3066 nullo
499 3004 623 3064 vindice
638 3019 762 3080 semper
775 3003 852 3064 enta

61 3099 100 3151 ⁵5
111 3088 163 3148 Nil
181 3094 335 3147 metuam?
356 3103 414 3164 per
429 3089 512 3148 nulla
525 3088 644 3148 traham
659 3088 794 3164 suspiria
809 3094 957 3149 somnust

151 3171 202 3231 Nil
216 3170 329 3245 facies,
354 3187 409 3232 cur
421 3179 452 3232 te
466 3173 532 3233 iure
548 3172 669 3247 perisse
683 3172 796 3231 velim?

107 3256 191 3331 Quid
205 3255 278 3316 mihi
293 3271 364 3316 eum
379 3256 475 3329 facili,
498 3255 572 3331 quid
588 3271 657 3316 cum
672 3258 784 3317 lenone
798 3255 928 3316 marito?

154 3340 329 3416 Corrumpit
345 3338 417 3403 vitio
432 3341 545 3414 gaudia
559 3346 667 3400 nostra
681 3355 750 3401 suo.

107 3425 192 3503 Quin
208 3425 317 3503 alium,
341 3440 432 3499 quem
446 3431 530 3485 tanta
544 3425 630 3485 iuvet
646 3423 805 3500 patientia,
827 3424 972 3499 quaeris?

63 3518 101 3574 60
157 3508 209 3569 llfe
224 3509 278 3569 tibi
292 3508 419 3569 rivalem
434 3508 461 3569 si
475 3509 560 3568 iuvat
573 3524 661 3585 esse,
682 3516 754 3570 veta
