2467 4042
437 212 472 262 Π.
492 213 641 264 ott-634.
978 208 1042 274 251

124 375 168 436 Ex
191 377 261 436 vitio
284 377 435 455 positum.
477 392 565 453 saepe
588 374 631 434 illi
654 374 769 436 dixerat
791 374 876 436 Almo

169 457 280 544 ‘Nata,
303 471 372 523 tene
395 463 524 541 linguam
538 457 563 542 ,'
588 482 643 523 nec
666 471 764 524 tamen
788 463 836 524 illa
860 472 959 524 tenet.

126 552 206 623 Quae
230 551 374 612 simulac
398 554 495 630 tetigit
517 550 658 612 Iuturnae
681 560 783 630 stagna
807 553 936 633 sororis,

169 633 304 719 ‘Effuge'
329 642 370 700 ait
393 634 488 719 ‘ripas
502 633 525 700 l'
551 639 628 700 dicta
652 641 804 719 refertque
827 639 921 700 lovis.

61 727 178 791 6661116
201 731 290 790 etiam
313 727 456 789 lunonem
479 727 572 809 adiit,
595 729 794 806 miserataque
817 737 942 808 nuptas,

169 810 277 878 ‘Naida
300 815 453 878 Iuturnam
476 819 521 876 vir
543 811 631 876 tuus’
655 818 753 895 inquit
777 809 905 877 ‘amat'

125 903 258 985 luppiter
280 906 443 985 intumuit,
467 923 583 984 quaque
607 915 654 965 est
677 923 737 965 non
760 923 813 966 usa
836 904 988 983 modeste,

170 993 289 1074 Eripuit
310 994 439 1073 linguam
451 1040 462 1074 ,
486 993 727 1073 Mercuriumque
749 1001 852 1055 vocat:

126 1076 205 1145 ‘Duc
229 1083 304 1143 hanc
327 1082 362 1142 ad
387 1100 510 1162 manes;
533 1080 618 1141 locus
642 1081 691 1142 ille
715 1081 871 1142 silentibus
894 1090 1001 1160 aptus.

58 1184 126 1237 616,
168 1170 325 1251 Nympha,
348 1171 400 1232 sed
424 1171 558 1230 internae
582 1169 710 1249 nympha
733 1170 848 1250 paludis
873 1164 965 1231 erit.'

124 1259 208 1322 lussa
230 1258 306 1318 lovis
330 1259 426 1319 liunt.
468 1261 582 1336 accepit
604 1259 691 1319 lucus
714 1272 838 1320 euntes.

170 1347 285 1407 Dicitur
308 1346 356 1406 illa
379 1346 448 1407 duci
472 1353 543 1407 tunc
567 1345 714 1425 placuisse
738 1348 811 1409 dec.

127 1434 192 1495 Vim
215 1441 298 1514 parat
320 1433 387 1514 hic,
411 1433 491 1494 voltu
514 1451 568 1512 pro
593 1433 692 1495 verbis
715 1434 763 1495 illa
785 1443 926 1514 precatur
939 1482 949 1516 ,

170 1522 209 1585 Et
232 1522 343 1582 lrustra
366 1529 448 1582 muto
471 1523 577 1581 nititur
600 1540 653 1581 ore
676 1521 776 1602 loqui.

60 1623 112 1675 616
126 1611 233 1691 Fitque
256 1611 377 1693 gravis,
399 1611 592 1689 geminosque
615 1612 715 1690 parit,
739 1613 790 1689 qui
814 1613 940 1690 compita

677 1708 796 1760 servant

171 1786 210 1850 Et
232 1787 352 1866 vigilant
376 1796 477 1849 nostra
500 1804 618 1866 semper
640 1789 672 1848 in
696 1786 792 1869 urbe,
815 1786 923 1849 Lares.

474 1925 527 1991 22.
548 1923 609 1990 ΕΟ

128 2053 264 2114 Proxima
288 2053 406 2132 cognati
429 2051 530 2113 dixere
555 2052 782 2135 Caristia-cari,

171 2141 210 2204 Et
232 2143 312 2203 veuit
335 2142 369 2201 ad
394 2141 491 2201 socios
515 2140 603 2202 turba
626 2143 792 2221 propinqua
816 2140 905 2202 deos.

129 2230 249 2292 Scilicet
272 2249 288 2289 a
312 2228 433 2291 tumulis
458 2232 561 2308 etqui
585 2231 725 2310 periere,
748 2231 924 2309 propinquis

59 2331 113 2382 666
172 2318 313 2380 Protinus
336 2317 372 2378 ad
396 2319 477 2378 rivos
500 2336 560 2378 cra.
576 2316 689 2378 referre
713 2319 814 2398 iuvat,

129 2407 259 2487 Postque
283 2415 327 2468 tot
350 2408 474 2467 amissos
498 2405 641 2485 quidquid
665 2406 702 2466 de
726 2409 869 2485 sanguine
893 2413 1003 2480 restat,

171 2496 336 2575 Aspicerc,
360 2496 530 2573 etgeneris
554 2494 743 2555 dinumerare
765 2495 893 2574 gradus.

128 2583 253 2645 lnnocui
275 2585 415 2644 veniant.
456 2584 561 2663 procul
583 2582 677 2662 hinc,
699 2584 804 2663 procul
827 2584 936 2663 impius
960 2592 1023 2645 esto

173 2670 300 2755 Frater,
323 2680 353 2735 et
375 2673 406 2733 iu
429 2681 532 2751 partus
555 2681 650 2733 mater
674 2672 779 2733 acerba
803 2690 894 2754 suos3

59 2759 185 2825 6661161
206 2769 291 2842 pater
314 2771 361 2823 est
383 2763 489 2843 vivax,
513 2763 566 2843 qui
587 2763 692 2822 matris
715 2761 824 2842 digerit
846 2778 960 2843 annos,

174 2849 255 2923 Quae
279 2852 388 2930 premit
411 2852 535 2912 inrisam
558 2868 664 2913 socrus
687 2852 789 2930 iniqua
811 2867 937 2912 nurum.
1011 2848 1016 2863 ⁴

127 2937 297 3001 Tantalidae
320 2941 427 3001 iratres
451 2936 569 3020 absint,
593 2948 624 3000 et
647 2938 759 3001 lasonis
783 2957 877 3019 uxor,

171 3026 210 3087 Et
233 3046 308 3106 quae
331 3028 469 3089 ruricolis
493 3030 605 3111 semina
628 3036 707 3089 tosta
730 3027 828 3109 dedit,

128 3113 167 3174 Et
190 3133 275 3175 soror
299 3121 329 3175 et
351 3114 468 3195 Progne
481 3162 491 3196 ,
513 3115 687 3196 Tereusque
711 3114 825 3176 duabus
849 3115 987 3195 iniquus,

56 3214 114 3267 636
173 3201 212 3263 Et
235 3204 415 3282 quicumque
440 3221 507 3263 suas
530 3222 585 3283 per
609 3203 707 3264 scelus
730 3212 819 3281 auget
841 3219 932 3282 opes.

128 3291 180 3353 llis
202 3292 322 3371 generis
345 3291 412 3351 date
436 3299 502 3351 tura
526 3290 618 3352 boni.
661 3291 824 3353 Concordia
848 3289 944 3351 fertur

172 3379 223 3442 llla
246 3381 407 3460 praecipue
431 3380 510 3440 mitis
534 3379 638 3440 adesse
661 3378 726 3440 die.

127 3467 166 3531 Et
188 3467 277 3530 libate
301 3467 414 3549 dapes,
438 3474 493 3549 ut,
515 3470 592 3548 grati
614 3471 723 3547 pignus
746 3468 886 3547 honoris,

172 3557 291 3620 Nutriat
313 3559 460 3620 incinctos
483 3560 573 3619 missa
596 3556 702 3637 patella
724 3556 833 3622 Lares.
