2467 4042
173 230 216 296 18
591 229 763 279 fflfflffl

261 390 890 482 mammeas-teregnum,
910 391 991 454 abit.

214 469 1136 565 lullaeepreecrrtsemperporninttibiialsarideri3

261 567 934 631 Summeaerentnreraiatendaneo.

261 653 1215 738 mmmm,rurioeqmrmamenet,nabebar

260 743 988 825 Notaqmuen,aedncnrnbtrionuonm.

261 837 300 895 at
321 832 411 894 sirum
432 832 559 911 inpulsa
582 841 630 893 est
641 878 653 911 ,
673 849 779 892 omnes
800 834 930 893 ducere
950 835 1073 895 ruinam

211 935 248 985 ν)
261 922 413 1000 &utaque
436 923 587 981 communi
609 929 695 997 terga
716 919 826 980 dedere
848 921 945 999 lugat.

262 1008 1184 1089 Sceranequeadmirormetuuntsiiulmina,quoru1n

260 1097 382 1177 ignibus
405 1096 508 1158 adllari
530 1098 666 1175 proxima
687 1114 825 1175 quaeque
846 1096 961 1159 solent.

263 1184 1104 1248 Sedtamenindurisremanentemrebnsamicum
1171 1251 1178 1262 ,

261 1272 430 1346 Quamlibet
451 1274 547 1333 inviso
569 1271 679 1333 &esar
699 1275 733 1333 in
749 1271 837 1332 boste
859 1273 983 1355 probet,

212 1362 323 1426 tnNec
345 1361 422 1422 solet
443 1362 556 1440 mcci,
574 1362 828 1439 -nequeenim
844 1361 1028 1423 moderatior
1049 1363 1201 1426 alter-

261 1449 336 1511 Cum
358 1451 426 1528 quis
448 1451 481 1509 in
502 1448 660 1528 adversis,
681 1449 781 1527 siquid
802 1452 932 1530 amarit,
954 1460 1049 1513 amat.

262 1537 304 1599 lle
327 1539 434 1598 comite
457 1535 587 1614 Argolici
608 1544 768 1615 postquam
790 1540 929 1615 cognorit
950 1538 1087 1620 Orestis,

260 1625 405 1687 Narratur
426 1624 556 1704 Pyladen
578 1627 643 1702 ipse
665 1623 809 1702 probasse
831 1625 948 1687 Thoas.

262 1714 345 1785 Quae
367 1714 426 1774 luit
446 1713 602 1773 Actoridae
627 1729 695 1773 cum
719 1731 825 1792 magno
847 1732 968 1794 semper
988 1716 1126 1798 Achille,

212 1814 247 1865 so
261 1801 389 1862 Laudari
411 1800 498 1861 solita
520 1808 567 1861 est
588 1798 728 1861 Hectoris
750 1818 802 1862 ore
825 1801 917 1864 tides.
1030 1866 1034 1870 ,

260 1889 346 1960 Quod
367 1891 436 1968 pius
458 1888 495 1948 ad
518 1905 621 1949 manes
643 1887 778 1949 Theseus
800 1907 901 1951 comes
922 1893 982 1953 iret
1003 1894 1122 1976 amoc,

260 1977 435 2039 Tartareum
458 1976 562 2038 dierunt
583 1976 746 2037 indoluisse
769 1976 876 2040 deum

260 2065 381 2145 Euryali
393 2063 525 2166 Nisique
548 2064 606 2125 lide
629 2063 685 2125 tibi
697 2110 707 2144 ,
729 2064 853 2147 Turne,
876 2066 969 2128 relata

260 2137 409 2215 Credibile
432 2163 478 2214 est
500 2153 630 2213 lacrimis
652 2153 833 2215 inmaduisse
855 2173 963 2233 genas.

212 2254 248 2304 un
262 2241 407 2303 Praestita
430 2259 499 2302 nam
521 2243 639 2301 miseris
661 2243 756 2320 pietas
781 2244 866 2303 etin
888 2242 974 2305 hoste
995 2243 1167 2323 probatur

260 2328 296 2390 lii
319 2329 392 2392 mibi
403 2375 414 2411 ,
437 2347 524 2409 quam
546 2346 659 2408 paucos
681 2329 755 2389 haec
777 2348 842 2391 ntea
864 2330 943 2392 dicta
965 2334 1103 2396 movent!

260 2415 289 2478 ls
312 2426 430 2498 status,
451 2417 524 2479 haee
547 2435 649 2478 rerum
672 2435 752 2478 nuno
775 2427 822 2479 est
843 2419 962 2481 lortuna
985 2439 1141 2507 mearum,

260 2504 372 2567 Debent
394 2515 428 2566 ut
450 2505 580 2567 lacrimis
602 2505 703 2567 nullus
725 2506 829 2568 adesso
851 2507 975 2571 modus.

260 2595 298 2655 tt
320 2611 385 2655 mea
408 2603 478 2654 sunt
490 2640 500 2675 ,
521 2595 644 2671 proprio
668 2597 801 2673 momnis
823 2599 1019 2659 maestissima
1041 2618 1134 2682 cosu,

211 2694 246 2742 40
261 2680 385 2743 Pectore
408 2698 551 2761 processu
575 2683 652 2742 lacta
674 2699 779 2745 serena
802 2692 872 2746 tuo.

260 2767 323 2830 Hoc
346 2787 401 2849 ogo
425 2776 582 2831 venturum
606 2772 664 2831 iam
691 2779 774 2874 tpm,
804 2774 978 2855 carissime,
1001 2776 1076 2857 vidi,

260 2855 366 2919 Ferret
388 2856 484 2919 adhuc
506 2860 563 2919 ista
585 2876 654 2920 cum
677 2861 774 2920 minor
797 2878 868 2922 nmo
891 2870 1002 2925 ratem.

261 2945 329 3007 Sive
352 2945 470 3025 aliquod
493 2964 633 3028 morum,
657 2965 710 3009 sen
732 2951 808 3010 vitae
831 2948 896 3010 labe
920 2954 1048 3013 carentis

259 3033 314 3096 Est
336 3037 488 3115 pretium,
510 3053 597 3097 nemo
621 3035 715 3115 pluris
738 3037 883 3099 emendus
905 3049 986 3101 erat:

210 3133 245 3185 tn
261 3122 329 3184 Sive
351 3141 406 3203 per
429 3125 573 3203 ingenuas
595 3124 701 3203 aliquis
724 3133 813 3205 ceput
835 3126 941 3189 extulit
963 3139 1042 3190 artes
1062 3157 1101 3174 -υ

262 3209 417 3283 Quaelibet
439 3211 557 3291 eloquio
580 3212 613 3274 lit
636 3212 714 3274 bona
737 3231 825 3275 causa
848 3222 918 3277 tuo.

261 3298 314 3361 llis
337 3318 391 3380 eqo
414 3309 580 3362 commotus
603 3300 664 3362 dixi
686 3301 741 3363 tibi
763 3303 900 3406 protinus
922 3306 980 3384 ipsi
1052 3347 1055 3354 .

261 3382 385 3450 Scaeuo
408 3399 508 3450 manet
530 3388 615 3449 dotes
638 3390 781 3473 grundis,
804 3392 919 3475 amico,
942 3388 1038 3455 tuas!

260 3474 340 3536 llaec
363 3476 435 3537 mibi
459 3494 518 3537 non
542 3479 640 3538 ovium
664 3477 755 3540 librae
778 3481 943 3543 tonitrusve
967 3484 1098 3563 sinistri,

212 3574 247 3623 nu
261 3561 409 3641 linguave
432 3572 563 3625 servatae
586 3583 719 3643 pennave
743 3567 817 3628 dixit
839 3570 918 3631 aris:
