2467 4042
443 235 716 306 unum-ers
798 255 862 292 mx
991 234 1057 302 257

72 415 112 465 os
129 403 185 465 Ille
208 412 306 464 tamon
329 404 421 484 vivit,
445 404 513 480 quia
536 419 596 463 non
621 403 770 463 comitavit
792 400 918 463 Ulixen.

130 490 233 554 Mallet
256 500 285 553 et
307 491 409 552 inielix
431 489 602 551 Palamedes
626 508 691 551 csse
714 489 854 572 relictus,

76 591 115 640 58
133 579 232 651 Quem
255 579 329 640 male
354 580 482 640 convicti
504 581 628 639 nimium
651 596 765 639 memor
787 581 843 639 iste
867 579 978 640 luroris

130 667 266 729 Prodere
289 685 353 728 rem
377 666 504 728 Danaam
527 667 611 727 finxit
623 715 632 747 ,
655 667 816 745 fletumque
839 666 974 746 probavit

74 768 113 818 oo
130 755 254 817 Crimen
278 763 308 817 et
330 755 482 837 ostendit,
505 755 584 834 quod
607 757 665 815 iam
688 754 897 837 praefoderat,
920 774 1045 818 autrum.

128 844 212 924 Ergo
235 851 287 905 aut
310 842 396 905 exilio
419 846 498 904 vires
522 842 663 915 subduxit
685 842 821 925 Achivis,

129 933 192 993 Aut
214 950 310 994 nece.
338 934 382 993 sic
404 939 537 1012 pugnat,
561 934 604 992 sic
628 939 674 992 est
696 931 873 993 metuendus
896 931 1014 995 Ulixes.

21 1060 26 1067 ·
129 1020 193 1091 Qui
216 1020 286 1082 licet
308 1019 426 1099 eloquio
450 1020 541 1080 lidum
564 1030 683 1098 quoque
706 1019 832 1081 Nestora
854 1023 969 1103 vincat,

129 1107 219 1170 Hnrvd
242 1118 341 1169 tamen
364 1109 494 1189 efficiet,
518 1107 670 1169 desertum
693 1115 727 1168 ut
748 1106 875 1169 Nestora
899 1112 1012 1170 crimen

76 1207 113 1258 on
130 1195 208 1257 Esse
231 1215 299 1257 rear
322 1196 459 1258 nullum:
483 1198 534 1275 qui
558 1213 626 1258 cum
649 1196 822 1275 imploraret
844 1195 950 1258 Ullxcn

130 1284 263 1345 Vulnere
287 1284 388 1346 tardus
412 1286 482 1364 equi
505 1284 661 1363 fessusque
686 1284 829 1346 senilibus
852 1289 955 1369 annis,

129 1372 274 1436 Proditus
296 1391 313 1433 a
336 1375 416 1433 socio
440 1379 507 1434 est.
535 1390 596 1433 non
618 1372 692 1432 haec
715 1372 787 1433 mihi
810 1375 932 1435 crimina
955 1375 1027 1454 tingi

131 1459 200 1521 Scit
222 1460 298 1522 bene
322 1460 472 1543 Tydides,
496 1461 547 1539 qui
569 1462 688 1521 nomine
713 1478 800 1541 saepe
824 1470 960 1523 vocatum

131 1548 309 1630 Corripuit,
333 1548 508 1630 trepidoque
532 1549 632 1628 fugam
655 1547 843 1629 exprobravit
865 1552 977 1612 amico.

80 1647 116 1699 '10
131 1638 290 1716 Aspioiunt
312 1635 406 1698 oculis
429 1639 531 1716 superi
553 1636 688 1698 mortalia
708 1639 814 1699 iustis:

131 1724 182 1786 En
205 1732 273 1804 eget
294 1724 424 1808 auxilio,
447 1727 499 1804 qui
521 1743 581 1785 non
605 1725 694 1806 tulit3
716 1734 809 1804 utque
832 1726 970 1808 reliquit,

132 1812 186 1875 Sic
208 1812 388 1892 linquendus
411 1821 496 1874 erat:
518 1812 614 1892 legem
637 1812 694 1874 sibi
717 1814 832 1875 dixerat
853 1817 934 1894 ipse.

133 1899 307 1963 Conclamat
328 1903 446 1963 socios.
475 1900 600 1982 adsum,
624 1900 769 1981 videoque
791 1909 969 1964 trementem

130 1988 357 2069 Pallentemque
379 1997 460 2050 metu
484 1996 515 2050 et
537 1988 735 2069 trepidantem
758 1999 854 2052 morte
878 1991 995 2052 indura.

82 2088 117 2139 io
133 2076 270 2157 Opposui
292 2077 400 2138 molem
424 2077 511 2156 clipei
535 2079 655 2156 texique
678 2079 842 2160 iacentem,

134 2164 315 2245 Servavlque
340 2167 465 2226 ammam
490 2197 531 2209 -
555 2167 710 2226 minimum
733 2174 779 2227 est
801 2166 858 2227 hoo
879 2166 974 2228 laudis
998 2199 1042 2212 —

913 2257 1060 2320 inertem.

134 2340 169 2403 Si
191 2350 308 2422 perstas
332 2350 468 2424 certare,
491 2343 590 2405 locum
612 2341 770 2403 redeamus
787 2344 819 2403 in
841 2342 942 2405 illum:

132 2429 237 2491 Redde
259 2430 376 2491 hostem
398 2430 566 2509 vulnusque
594 2439 679 2492 tuum
702 2429 881 2510 solitumque
903 2433 1059 2516 timorem,

132 2517 209 2579 Post
231 2517 417 2598 clipeumque
441 2518 521 2600 late,
544 2527 575 2580 et
596 2536 714 2580 mecum
742 2519 888 2580 contende
911 2519 968 2582 suh
990 2520 1060 2583 illo.

84 2616 119 2668 80
134 2606 174 2668 m
196 2615 353 2687 postquam
377 2609 495 2690 eripui,
518 2608 568 2668 eui
591 2607 688 2668 standi
710 2606 833 2668 vulnera
855 2609 933 2669 vires

133 2694 202 2756 Non
225 2694 390 2777 dederant,
413 2695 493 2756 nullo
517 2695 650 2756 tardatus
672 2693 795 2757 vulnere
819 2696 911 2775 fugit.

133 2781 248 2845 Hector
270 2782 375 2865 adest,
397 2801 558 2863 secumque
582 2783 654 2844 deos
676 2785 707 2845 in
731 2783 842 2864 proelia
865 2784 965 2849 ducite

136 2869 260 2951 Quaque
283 2874 366 2952 ruit,
389 2889 450 2933 non
472 2880 505 2933 tu
528 2880 644 2933 tantum
667 2874 813 2954 terreris,
836 2871 938 2954 Ulixe,

135 2958 197 3021 Sed
220 2960 312 3021 fortes
335 2962 445 3022 etiam:
468 2968 583 3021 tantum
606 2959 697 3022 trahit
719 2960 768 3023 illc
791 2963 923 3023 timoris.

86 3059 120 3110 so
134 3047 223 3109 Hune
246 3066 301 3128 ego
325 3050 502 3129 sanguineae
525 3065 667 3110 successu
692 3044 790 3110 caedis
813 3058 949 3111 ovantem

134 3135 261 3198 Eminus
282 3138 396 3216 ingenti
417 3139 591 3216 resupinum
614 3137 745 3216 pondere
769 3137 850 3200 iudi:

134 3223 224 3286 Hunc
247 3242 301 3304 ego
324 3232 518 3307 poscentem,
542 3243 610 3287 eum
635 3243 693 3305 quo
717 3233 933 3308 concurreret,
955 3243 1036 3288 unus

136 3313 294 3375 Sustinui:
317 3321 488 3394 sortemque
511 3331 606 3375 meam
630 3315 773 3395 vovistis,
795 3313 915 3395 Achivi,

135 3399 174 3462 Et
195 3409 311 3463 vestrae
333 3401 452 3469 valuere
474 3419 600 3482 preces.
629 3404 655 3462 sl
678 3403 819 3481 quaeritis
841 3401 931 3464 huius

86 3501 121 3552 so
135 3488 296 3552 Fortunam
319 3507 457 3570 pugnae,
480 3509 540 3552 non
563 3508 630 3552 sum
653 3498 810 3571 superatus
832 3489 869 3552 ab
890 3490 959 3552 illo.

135 3577 214 3639 Ecce
237 3576 338 3641 ierunt
361 3579 454 3640 Troes
477 3579 650 3659 ferrumque
673 3581 831 3659 ignemque
854 3578 1014 3659 lovemque

98 3686 244 3731 evan.
810 3683 844 3734 17
