2467 4042
380 262 461 326 46
1200 256 1607 318 AMORUM

627 415 716 473 Ne
742 410 851 473 tibi
881 426 1003 470 non
1033 419 1244 486 notuS‚
1290 425 1473 486 quem
1504 410 1686 485 racis,
1733 420 1901 474 esset
1929 430 2123 476 amor.

488 511 520 563 5
541 498 631 559 Tu
660 511 879 559 cursus
912 503 1192 570 spectas,
1241 510 1358 570 ego
1393 501 1472 554 te.
1537 502 1890 570 spectemus
1919 506 2189 575 uterque

630 581 809 657 Quod
836 579 1033 653 iuvat,
1082 586 1267 654 atque
1298 579 1513 640 oculos
1543 588 1762 655 pascat
1787 588 2042 657 uterquc
2073 601 2268 648 suos·

547 666 594 728 Ο
627 667 987 740 cuicumque
1017 664 1223 738 faves,
1268 663 1415 724 felix
1443 664 1702 739 agitator
1729 674 2056 741 equorum!

627 751 788 825 Ergo
820 748 903 807 illi
935 764 1117 808 curae
1149 747 1400 822 contigit
1431 763 1574 808 esse
1602 755 1786 809 tuae?

544 837 677 895 Hoc
710 832 852 892 mihi
884 832 1220 907 contingat,
1269 848 1449 893 sacro
1481 832 1560 892 de
1591 848 1840 894 carcere
1870 835 2076 896 missis

462 929 530 983 lo
634 918 919 978 Insistam
947 917 1086 976 forti
1117 922 1317 975 mente
1350 915 1667 977 vehendus
1697 917 1907 994 equis:

547 1004 618 1063 Et
647 1002 833 1062 modo
864 1002 997 1061 lora
1025 999 1186 1061 dabo
1204 1047 1219 1074 ‚
1265 1000 1450 1060 modo
1480 1000 1738 1061 verbere
1766 1009 1940 1077 terga
1967 1004 2202 1066 notabo
2220 1053 2241 1082 ,

629 1087 802 1147 Nunc
831 1083 1124 1159 stringam
1153 1091 1348 1145 metas
1379 1084 1665 1144 interiore
1690 1092 1843 1147 rota.

550 1172 614 1233 Si
642 1169 787 1230 mihi
819 1168 1080 1230 currenti
1111 1169 1298 1228 fueris
1329 1176 1694 1244 conspecta,
1739 1171 2051 1249 morabor,

629 1257 844 1330 Deque
871 1254 1025 1313 meis
1055 1253 1336 1313 manibus
1368 1253 1498 1314 lora
1526 1253 1787 1314 remissa
1821 1253 2029 1319 fiuent.

465 1351 529 1406 15
551 1342 639 1401 A!
692 1355 871 1414 quam
903 1353 1102 1414 paene
1131 1336 1357 1412 Pelops
1382 1336 1601 1397 Pisaea
1632 1338 1900 1399 concidit
1925 1339 2137 1416 hasta,

629 1426 785 1484 Dum
816 1427 1056 1499 spectat
1082 1423 1319 1494 vultus,
1361 1421 1819 1498 Hippodamea,
1864 1430 2025 1486 tuos,

546 1510 777 1583 Nempe
809 1509 1022 1567 favore
1052 1521 1201 1566 suae
1231 1505 1376 1565 vicit
1404 1511 1605 1566 tamen
1636 1507 1737 1566 ille
1764 1509 2024 1583 puellae.

630 1593 967 1652 Vincamus
999 1591 1285 1650 dominae
1316 1588 1580 1666 quisque
1609 1591 1823 1651 favore
1852 1608 2062 1652 suae...

547 1677 704 1753 Quid
735 1677 956 1736 frustra
987 1675 1264 1749 refugis?
1308 1674 1470 1749 cogit
1497 1691 1614 1735 nos
1646 1675 1804 1736 linea
1836 1676 2029 1752 iungia

461 1774 533 1826 20
636 1761 807 1821 Haec
841 1760 903 1820 in
936 1760 1071 1835 lege
1110 1759 1229 1819 loci
1264 1759 1589 1819 commoda
1622 1760 1831 1821 Circus
1859 1759 2063 1821 habet.

543 1846 633 1907 Tu
660 1853 860 1907 tamen
893 1861 930 1905 a
960 1844 1204 1917 dextra,
1255 1843 1625 1919 quicumque
1655 1860 1754 1918 es,
1804 1860 1989 1919 parce
2020 1845 2312 1919 puellae:

633 1931 924 1991 Contactu
956 1928 1161 1988 lateris
1191 1926 1450 1988 laeditur
1479 1927 1599 1988 ista
1626 1928 1731 1988 tui.

545 2016 630 2075 Tu
664 2030 942 2091 quoque,
992 2014 1096 2088 qui
1123 2019 1369 2087 spectas
1403 2018 1546 2087 post
1571 2027 1716 2087 neS‚
1761 2018 1864 2072 tua
1895 2013 2189 2076 contrahe
2216 2030 2461 2093 crura,

636 2099 700 2160 Si
727 2099 933 2174 pudor
961 2104 1084 2169 est,
1112 2096 1327 2171 -rigido
1359 2112 1474 2157 nec
1502 2112 1713 2172 preme
1741 2103 1914 2171 terga
1940 2112 2120 2172 genu.

468 2200 528 2244 :35
560 2184 684 2244 Sed
712 2182 964 2243 nimium
996 2180 1270 2241 demissa
1305 2181 1504 2240 iacent
1533 2179 1638 2241 tibi
1671 2181 1855 2257 pallia
1882 2187 2074 2240 terra.

640 2266 895 2341 Collige!
940 2266 1039 2325 vel
1070 2264 1273 2339 digitis
1307 2280 1382 2324 en
1415 2281 1529 2340 ego
1560 2266 1708 2326 tollo
1739 2265 1913 2325 meis.

560 2352 762 2412 [uivida
790 2350 984 2410 vestis
1015 2348 1184 2423 cra's,
1224 2364 1382 2424 quae
1413 2357 1535 2410 tam
1563 2350 1729 2410 bona
1759 2365 1938 2410 crura
1965 2348 2254 2425 tegebas!

636 2436 890 2509 Quoque
920 2435 1115 2510 magis
1145 2440 1458 2509 spectes...
1490 2435 1696 2495 invida
1726 2434 1918 2494 vestis
1950 2440 2121 2493 erasi

552 2524 715 2580 Talia
746 2519 1037 2580 Milanion
1066 2519 1383 2580 Atalantes
1415 2534 1593 2578 crura
1623 2518 1859 2594 fugacis

480 2624 532 2664 tu
644 2603 886 2682 Optavit
913 2603 1193 2664 manibus
1225 2602 1596 2664 sustinuisse
1626 2602 1780 2663 suis,

552 2692 717 2750 Talia
749 2689 1077 2765 pinguntur
1106 2689 1455 2748 succinctae
1485 2703 1663 2748 crura
1690 2687 1953 2762 Dianae,

640 2776 783 2832 Cum
822 2772 1096 2848 sequitur
1124 2773 1312 2833 fortes
1343 2771 1558 2832 fortior
1584 2771 1724 2846 ipsa
1751 2774 1935 2832 feras·

556 2860 656 2920 His
692 2873 806 2933 ego
838 2872 961 2916 non
994 2857 1147 2916 visis
1179 2855 1324 2917 arsi.
1385 2857 1533 2931 quid
1562 2855 1667 2916 fiet
1705 2855 1779 2916 ab
1810 2856 1990 2917 istis?

636 2944 699 3001 In
732 2940 1038 3001 flammam
1073 2939 1384 3016 flammas,
1427 2941 1486 3001 in
1515 2956 1682 3000 mare
1715 2940 1918 3000 fundis
1948 2954 2164 3013 aquas,

472 3040 532 3088 aa
560 3027 858 3102 ffittspicor
894 3042 975 3086 ex
1004 3025 1139 3086 istis
1167 3032 1227 3085 et
1258 3032 1460 3085 cetera
1488 3041 1680 3100 posse
1707 3028 1982 3101 placere,

640 3112 804 3184 Quae
831 3110 992 3170 bene
1022 3110 1137 3171 sub
1169 3111 1333 3171 tenui
1366 3109 1613 3170 condita
1640 3115 1815 3169 veste
1844 3110 2091 3168 latent...

556 3200 664 3256 vis
698 3201 899 3255 tamen
931 3195 1162 3256 interea
1197 3194 1411 3255 faciles
1443 3209 1761 3254 arcessere
1789 3198 2038 3267 ventos,

640 3280 807 3356 Quos
839 3279 1019 3340 faciet
1053 3287 1264 3341 nostra
1294 3284 1458 3339 mota
1486 3279 1709 3339 tabella
1737 3284 1961 3337 manu?

556 3372 648 3424 An
680 3363 873 3440 magis
901 3364 1002 3425 hic
1031 3381 1204 3425 meus
1236 3370 1333 3425 est
1368 3363 1579 3438 animi,
1625 3378 1749 3423 non
1780 3362 1970 3437 aeris,
2010 3367 2221 3422 aestus
2240 3409 2254 3434 ,

478 3464 540 3512 lt]
648 3448 961 3525 Captaque
992 3450 1290 3509 femineus
1323 3454 1571 3525 pectora
1599 3453 1788 3509 torret
1817 3453 2070 3507 amorv..

556 3536 708 3592 lium
738 3535 991 3610 loquor,
1038 3533 1177 3593 alba
1208 3533 1327 3592 levi
1361 3548 1581 3607 sparsa
1611 3537 1705 3591 est
1731 3530 1836 3592 tibi
1868 3531 2119 3605 pulvere
2144 3537 2379 3593 vestis.
