2467 4042
176 243 242 310 260
371 261 464 301 neure
588 244 767 300 unnim.

265 410 401 472 Praescia
423 412 541 471 venturi
563 411 698 490 genetrix
720 410 827 472 Nereia
848 411 902 472 leti

265 497 436 560 Dissimulat
459 497 541 561 cuitu
564 507 687 561 natum.
716 499 873 579 deceperat
895 517 1014 582 omnes,

265 586 299 649 ln
322 586 430 666 quibus
452 586 592 669 Aiacem,
615 596 749 666 sumptae
773 587 886 649 fallacia
908 589 1014 649 vestis.

201 685 251 737 loo
265 675 353 736 Arma
376 692 430 754 ego
453 675 590 737 femineis
613 677 744 737 animum
766 684 883 738 motura
904 676 1019 737 virilem

265 762 413 825 Mercibus
435 765 571 826 inserui.
598 781 696 843 neque
719 763 815 826 adhuc
836 766 1003 844 proiecerat
1024 764 1122 825 heros

265 851 420 930 virgineos
441 851 582 934 habitus,
605 870 674 914 cum
696 870 829 932 parmam
850 853 1022 932 hastamque
1048 855 1165 914 tenenti

266 935 363 1001 “Nate
386 939 441 1001 dea
453 935 474 1022 ‚³
498 941 559 1001 dixi
582 936 649 1001 ‘tibi
671 958 703 1002 se
726 942 859 1020 peritura
882 949 1036 1003 reservant

1168 1022 1186 1051 55

266 1028 429 1108 Pergama.
457 1029 528 1107 qnid
551 1028 668 1090 dubitas
690 1030 842 1108 ingentem
865 1038 998 1090 evertere
1016 1023 1167 1090 Troiam?

201 1127 252 1179 1¹10
265 1117 415 1196 iniecique
439 1133 559 1178 manum
571 1164 580 1198 ,
604 1117 771 1196 sortemque
794 1117 830 1178 ad
853 1117 942 1179 fortia
963 1119 1050 1179 misi.

265 1205 344 1284 Erg'o
368 1223 459 1285 opera
480 1205 560 1266 iilius
583 1223 649 1266 mea
673 1213 764 1267 sunt.
792 1223 847 1285 ego
870 1205 1021 1285 Telephon
1047 1205 1136 1267 basta

265 1292 451 1372 Pugnantem
473 1293 575 1354 domni
587 1340 596 1374 ,
619 1295 730 1354 rictum
753 1301 947 1373 orantemque
969 1295 1085 1355 reieci.

266 1379 352 1452 Quod
374 1380 492 1442 Thebae
516 1381 674 1463 cecidere,
697 1399 797 1443 meum
819 1390 886 1443 est.
914 1399 961 1443 me
985 1382 1105 1445 credite

1054 1469 1186 1549 Lesbon,

265 1557 311 1620 lle
334 1558 476 1620 Tenedon
499 1556 691 1638 Chrysenque
719 1567 750 1621 et
772 1557 886 1640 Cillan,
908 1557 1054 1638 Apollinis
1083 1558 1187 1638 urbes,

201 1657 252 1708 lit
265 1645 304 1709 Et
327 1646 453 1726 Scyrum
475 1649 613 1726 cepisse.
641 1664 707 1708 mea
729 1663 874 1708 concussa
895 1655 998 1726 putate

267 1734 466 1797 Procubuisse
489 1734 552 1797 solo
575 1734 717 1815 Lyrnesia
739 1736 855 1795 moenie
877 1734 996 1797 dextra.

267 1823 364 1902 thue
388 1823 460 1884 ullos
482 1831 618 1904 taceam,
641 1825 693 1903 qui
715 1841 834 1886 saevum
856 1822 983 1902 perdere
1005 1833 1113 1903 posset

266 1911 416 1993 Hectora,
439 1929 546 1991 nempe
569 1910 658 1972 dedi.
686 1929 741 1991 per
758 1929 806 1972 me
824 1913 902 1972 iacet
918 1910 1040 1973 inclitus
1060 1912 1182 1973 Hector.

267 1999 328 2061 iliis
349 1999 423 2061 haec
446 2002 558 2081 ermis,
581 1999 690 2079 quibus
713 2008 759 2060 est
780 2002 917 2060 inventus
939 1999 1089 2083 Achilles,

202 2100 253 2151 180
266 2088 354 2150 Arma
376 2096 468 2168 peto:
491 2090 555 2148 vivo
579 2087 740 2168 dederam,
762 2087 911 2167 postlata
933 2084 1077 2166 reposco.

267 2177 305 2238 Ut
328 2176 412 2238 dolor
433 2179 523 2238 unius
546 2175 661 2237 Danaos
683 2175 878 2255 pervenitad
901 2193 1022 2257 omnes,

267 2264 431 2344 hrrbdaque
453 2263 615 2326 Euboicam
639 2263 825 2343 complerunt
847 2263 926 2324 mille
949 2265 1088 2347 carinae,
1135 2286 1137 2289 ·

266 2353 426 2433 Expectata
449 2352 522 2434 diu,
545 2352 625 2415 nulia
648 2361 698 2414 aut
721 2354 869 2413 conuaria
890 2352 977 2413 classi

267 2439 396 2502 Flamina
419 2449 526 2502 erant:
549 2441 700 2519 duraeque
723 2439 828 2502 iubent
848 2439 1069 2518 Agamemnona
1093 2448 1180 2502 sortes

203 2541 253 2592 185
268 2530 439 2591 inmeritam
462 2546 564 2590 saevae
588 2536 687 2590 natam
709 2537 838 2590 mactare
860 2527 986 2591 iliacae.

267 2617 399 2697 Deneget
420 2618 476 2679 hoc
500 2618 639 2699 genitor,
662 2616 795 2695 dirisque
818 2619 959 2678 irascitur
980 2618 1073 2698 ipsis,

267 2705 363 2785 litque
385 2709 417 2767 in
440 2723 510 2785 rege
533 2713 633 2771 tamen
655 2713 740 2785 pater
761 2712 829 2766 est.
857 2722 912 2784 ego
935 2707 1006 2766 mite
1029 2706 1158 2784 parentis

267 2793 422 2874 ingenium
444 2793 542 2854 verbis
565 2793 601 2854 ad
624 2793 742 2874 publice
764 2793 920 2854 commoda
939 2795 1032 2854 verti.

268 2883 354 2945 Nunc
377 2881 515 2962 equidem
538 2883 633 2943 fateor
645 2929 655 2963 ,
677 2882 816 2960 lassoque
838 2884 972 2960 ignoscat
993 2881 1130 2944 Atrides:

204 2985 254 3034 190
268 2970 423 3033 Diliicilem
446 2972 529 3031 tenui
552 2969 608 3031 sub
632 2971 734 3048 iniquo
757 2969 855 3031 iudice
878 2987 1014 3031 causam.

260 3059 354 3121 ilnnc
377 3068 475 3120 tamen
498 3059 608 3119 utilitas
631 3058 733 3138 popuii
754 3058 905 3136 fraterque
928 3057 1047 3136 datique

269 3148 390 3210 Summa
403 3154 501 3208 movet
514 3149 641 3229 sceptri,
651 3146 767 3209 laudem
780 3154 814 3207 ut
827 3162 896 3207 cnm
910 3149 1053 3225 sanguine
1067 3152 1178 3225 penset.

268 3237 368 3298 biittcr
391 3235 480 3297 etad
503 3242 650 3317 matrem,
673 3252 747 3314 quae
775 3251 835 3295 non
857 3233 1023 3317 hortanda,
1046 3233 1099 3296 sed
1122 3242 1178 3294 astu

268 3324 447 3405 Decipienda
469 3323 546 3384 init.
575 3340 634 3402 quo
657 3325 683 3384 si
705 3322 894 3383 Telamonius
916 3325 1006 3404 isset,

207 3424 256 3475 195
272 3412 352 3474 Orba
375 3414 436 3473 suis
460 3420 561 3473 essent
582 3413 671 3472 etiam
693 3429 774 3473 nunc
796 3410 885 3473 lintea
907 3412 1022 3473 ventis.

269 3501 370 3561 Mittor
393 3509 423 3562 et
444 3499 547 3561 iliacas
570 3499 665 3562 audax
687 3507 787 3560 orator
810 3498 846 3559 ad
868 3516 970 3581 arces,

270 3587 396 3667 Visaque
418 3596 450 3649 et
471 3591 579 3650 irrueta
602 3596 648 3650 cst
670 3587 744 3650 altae
767 3587 839 3648 mihi
862 3590 945 3649 curia
967 3587 1092 3651 Troiaes
