2467 4042
963 241 1092 297 XXXVII

86 416 203 489 partem
220 411 330 472 veteris
345 410 421 471 sacri
435 410 573 486 servavit,
592 410 621 467 V
634 411 708 484 428,
725 409 932 484 Februarium,
950 410 1091 485 adquam

86 503 185 560 totum
198 503 387 575 translatum,
410 499 563 575 aliquanto
577 499 680 573 plures
698 498 838 557 habuisse
853 501 978 573 oportet.
1034 500 1091 559 nisi

85 588 164 648 iorte
186 592 276 665 poeta
297 588 360 665 ipse
378 586 509 647 incertus
531 587 636 663 haesit,
659 589 695 646 ut
712 585 760 644 III
779 589 797 646 7
801 589 851 661 92,
873 586 1090 647 verosimilius

85 679 184 737 totum
206 694 351 752 mensem,
379 675 483 735 diebus
510 675 638 734 forsitan
659 673 775 749 aliquot
797 674 939 750 exceptis,
967 675 1090 734 deorum

86 764 248 824 inferorum
270 760 409 840 religioni
427 764 559 839 cessisse,
582 764 638 822 hoo
652 766 707 838 est,
730 761 768 820 ad
787 762 969 821 Terminalia
986 782 1089 840 usque,

85 854 165 928 quod
187 852 219 910 H
238 855 280 912 50
302 852 442 928 legimus,
468 853 514 911 To
535 868 645 925 qaoque
665 867 828 917 scemam,
853 851 998 919 Termine,
1021 854 1091 923 finis

86 958 152 1001 cras
180 944 211 1001 et
238 941 309 999 olim
336 958 373 999 ex
395 938 566 1014 Augustino
592 938 714 1014 protuli.
768 939 858 1014 atque
881 938 929 997 hic
951 939 1025 998 mihi
1047 940 1089 999 vi-

84 1029 174 1088 detur
195 1030 244 1088 illc
266 1030 327 1089 dies
350 1029 423 1103 570,
446 1026 507 1086 VH
525 1027 572 1085 Kl'
592 1027 690 1102 Mart,
712 1029 781 1103 post
803 1044 892 1102 quem
914 1030 1030 1088 restant
1052 1028 1089 1086 do

84 1135 186 1176 mense
213 1117 277 1177 dies
304 1116 442 1193 quinque.
496 1116 578 1191 nolo,
602 1115 694 1192 quod,
721 1132 789 1174 oum
811 1115 975 1175 bissextum
998 1116 1089 1175 inter-

83 1206 208 1280 calatur,
231 1204 294 1264 dies
318 1223 370 1265 sex
392 1206 470 1279 sunt,
492 1203 633 1263 facetiam
650 1205 756 1278 poetae
774 1203 932 1280 imputare,
955 1205 1041 1279 quasi
1058 1204 1089 1262 id

84 1292 123 1351 ad
140 1286 282 1352 versuum
300 1310 421 1351 suorum
438 1291 548 1368 pedum
566 1291 724 1350 discrimen
740 1292 901 1352 rettulerit.
955 1292 1007 1351 sed
1027 1311 1089 1352 cor-

84 1382 166 1440 mina
184 1383 255 1440 sunt
272 1378 359 1455 elegi,
382 1379 434 1454 qui
450 1397 559 1439 nomen
576 1380 688 1439 hebent
706 1380 744 1439 ab
763 1381 846 1454 clepo,
869 1380 925 1438 hoe
943 1382 998 1456 est,
1016 1399 1087 1456 pen-

84 1468 226 1527 tametro:
245 1467 379 1527 Diomed.
392 1487 420 1543 p.
436 1469 509 1542 503,
525 1469 566 1527 20
581 1470 729 1542 porinum
747 1484 866 1543 omnmo,
882 1469 916 1526 iot
933 1473 974 1527 est
986 1470 1087 1542 clepus.

83 1554 128 1614 ita
154 1555 254 1632 graeci
280 1555 468 1632 grammatici
495 1558 575 1616 certe
601 1551 747 1626 ἐλεγεῖον
774 1553 811 1614 de
838 1555 966 1614 disticho
994 1558 1025 1615 et
1052 1556 1087 1615 de

83 1646 284 1718 pentametro:
298 1660 352 1702 neo
366 1643 489 1703 dubium
503 1642 581 1718 apud
592 1642 717 1703 Oritiem
726 1643 763 1703 fr.
772 1654 812 1701 111
823 1645 852 1705 3.
905 1661 981 1718 quae
994 1644 1089 1719 igitur

82 1749 225 1790 versuum
246 1750 386 1791 mensura
408 1732 529 1807 propria
551 1730 682 1808 elegiaco
704 1730 835 1804 carmini,
857 1731 930 1790 haec
954 1734 1007 1790 est.

171 1813 253 1880 LIB.
275 1813 408 1880 111229
431 1832 527 1896 orsu,
550 1832 643 1892 oulu
661 1831 776 1879 111111.
829 1819 901 1877 libri
922 1819 993 1877 boni
1016 1837 1089 1892 poce

79 1909 193 1982 primo,
219 1907 393 1983 interpolati
410 1910 588 1982 premorque.
644 1909 719 1967 611111
735 1909 855 1981 puram
877 1907 1105 1985 Matronaliums

83 1994 219 2071 intellegi
249 1995 344 2071 volui,
376 2014 436 2072 qua
467 1999 532 2056 tota
563 1997 645 2055 solae
676 1998 829 2055 matronas
861 1995 987 2054 feriatae
1020 1997 1088 2055 siut.

82 2081 146 2142 dies
165 2083 374 2144 Matraliorum
387 2083 434 2142 111
451 2082 495 2144 Iu
514 2083 579 2143 Iun
601 2086 812 2159 praeterquam
830 2083 936 2142 Matris
953 2084 1088 2142 Matutae

83 2171 174 2230 etiam
196 2170 347 2232 Fortunae
369 2171 461 2231 ferias
483 2171 626 2247 habebat3
649 2171 682 2230 in
702 2169 750 2230 his
768 2188 949 2246 quamquam
966 2174 998 2230 et
1015 2171 1088 2247 ipsis

83 2262 236 2319 matronae
258 2258 303 2318 VI
326 2261 387 2319 621
412 2259 616 2334 nominantur,
639 2263 740 2319 tamen
762 2262 966 2318 matronarum
989 2259 1088 2335 singu-

83 2344 155 2405 laris
178 2346 321 2423 dignatio,
344 2346 423 2423 quod
444 2365 551 2407 menes
573 2350 621 2407 est
643 2346 671 2403 V
687 2349 750 2408 190
775 2345 817 2404 VI
832 2349 904 2422 210,
927 2351 1034 2406 neutro
1057 2348 1089 2405 iu

83 2450 167 2492 sacro
193 2434 362 2493 denotatur.
415 2452 506 2495 versu
527 2436 661 2511 proximo
684 2436 752 2495 Hae
773 2438 843 2509 qaia
865 2435 982 2511 scripsi,
1009 2435 1088 2511 quod

82 2520 115 2579 in
137 2519 221 2580 libris
244 2525 292 2581 est
312 2519 377 2581 Aet
397 2525 476 2596 quio,
498 2523 530 2581 iu
547 2523 706 2583 Ursiniano
728 2522 780 2581 Ao
797 2526 875 2596 poio.
930 2526 1003 2598 411,
1023 2525 1086 2584 412

82 2608 185 2684 spuria
210 2610 354 2686 putabam
380 2609 417 2669 <ie
436 2629 471 2670 eo
492 2630 614 2688 genere,
642 2631 700 2688 quo
727 2610 902 2671 insolentior
923 2611 1024 2688 aliqua
1046 2611 1089 2670 lo·

82 2697 163 2756 cutio
188 2699 333 2775 expletur.
387 2717 489 2760 ramus
511 2699 623 2759 dictum
645 2701 704 2760 init
726 2703 761 2760 ut
782 2703 861 2760 rami
882 2700 952 2759 Met.
976 2699 1004 2757 V
1024 2702 1086 2760 299

80 2784 108 2843 Χ
131 2786 196 2844 510
214 2787 305 2864 Verg.
322 2787 396 2848 Aen.
415 2786 463 2847 III
483 2789 553 2848 650.
610 2791 674 2849 573
698 2808 758 2849 non
781 2793 850 2868 eget
872 2788 1087 2863 emendatione,

80 2891 260 2950 quamquam
282 2875 468 2936 Intellectum
486 2894 545 2936 nou
563 2878 645 2951 puto.
700 2882 726 2936 et
741 2877 965 2953 transpositum,
987 2878 1023 2934 ut
1040 2875 1089 2933 HI

81 2961 100 3018 8
126 2966 152 3019 et
173 2965 248 3034 qeeod
268 2965 395 3038 1111111111,
413 2964 477 3022 ΠΠ
496 2966 559 3023 699
579 2964 623 3023 Et
643 2969 739 3024 tomen
760 2967 893 3038 1111131111,
913 2964 941 3022 V
959 2965 1024 3023 400
1047 2963 1090 3022 Et

78 3049 167 3120 pessit
190 3046 321 3125 Alcides,
349 3049 439 3110 'I'rist
463 3050 491 3108 V
514 3063 539 3109 x
562 3053 603 3110 27
628 3057 655 3110 et
676 3057 772 3111 tomen
797 3055 884 3111 inies.
938 3056 1087 3117 sonasset,

81 3134 144 3193 sine
168 3134 253 3212 signo
275 3137 348 3212 ullo,
371 3139 417 3196 est
440 3132 570 3199 ‘servare
593 3134 742 3213 debebat',
765 3142 800 3197 ut
814 3138 905 3197 'Irist
919 3138 965 3196 HI
978 3151 1044 3197 x111
1059 3141 1087 3200 8.

169 3218 235 3283 664
257 3236 295 3284 rr
318 3235 417 3284 suoru
439 3237 587 3285 vermos
610 3237 740 3286 uorsus
759 3237 861 3286 usur.
914 3224 984 3284 libri
1006 3244 1086 3285 mon·

79 3314 117 3372 tis
139 3316 210 3379 crat,
232 3315 338 3374 montis
355 3313 422 3373 arc.
476 3330 556 3389 eqerc
572 3313 710 3374 absoluto
728 3313 849 3389 dietum,
872 3331 931 3388 quo
950 3315 1087 3373 convenit

78 3399 158 3477 quod
181 3401 315 3477 sequItur
338 3418 459 3478 qaoque,
486 3404 623 3477 tempora
645 3403 804 3462 verborum
827 3401 943 3462 variata
964 3404 1000 3462 ut
1022 3402 1087 3461 ΠΙΙ

79 3491 142 3549 696
164 3491 226 3548 697
242 3488 271 3547 V
286 3491 346 3550 131
370 3491 432 3550 132
452 3491 524 3550 Met.
541 3489 634 3549 XIIII
647 3492 712 3550 460
732 3493 834 3551 462·
916 3485 981 3550 693
1000 3502 1086 3550 AMA-

77 3588 212 3655 ronuu,
236 3588 423 3639 1111111.
477 3578 548 3638 libri
575 3584 733 3640 omowrem
760 3595 860 3655 corae,
892 3579 971 3654 quod
993 3579 1086 3639 fuerit
