2467 4042
398 262 481 324 00
1219 254 1610 316 AMORUM

482 425 552 476 ‘zo
659 411 868 483 Absit,
915 409 1066 470 etin
1095 411 1256 469 lecto
1288 408 1542 469 crimina
1571 425 1738 485 pone
1770 418 1894 472 tuo.

566 498 696 557 Illic
724 511 840 556 nec
870 496 1136 554 tunicam
1161 492 1270 553 tibi
1301 493 1379 553 sit
1410 493 1700 569 posuisse
1732 494 1984 570 pudori,

652 581 779 641 Nec
810 576 1027 639 femori
1054 578 1386 653 inpositum
1415 577 1785 638 sustinuisse
1815 580 2028 642 femur.

572 667 701 726 lllic
735 661 1058 740 purpureis
1092 661 1393 722 condatur
1424 661 1630 737 lingua
1657 662 1923 739 labelliS,

651 750 845 824 Inque
874 747 1095 807 modos
1128 760 1417 805 venerem
1449 745 1615 807 mille
1649 747 1869 820 figuret
1898 764 2091 810 amor.

482 846 549 897 25
572 833 702 895 Illic
732 847 846 892 nec
878 847 1067 891 voces
1099 845 1214 890 nec
1244 829 1437 888 verba
1466 830 1733 890 iuvantia
1766 840 2044 906 cessent,

653 916 1033 993 Spondaque
1066 914 1302 973 lasciva
1336 913 1666 975 mobilitate
1692 922 1924 977 tremat.

566 1002 760 1064 Indue
790 1016 930 1060 cum
959 998 1179 1059 tunicis
1211 1004 1577 1058 metuentem
1607 998 1858 1059 crimina
1885 1001 2117 1061 vultum
2136 1047 2156 1075 ,

654 1087 727 1147 Et
757 1084 961 1160 pudor
992 1082 1328 1143 obscenum
1359 1081 1686 1142 diffiteatur
1718 1099 1899 1158 opus.

572 1172 660 1232 lia
691 1170 952 1247 popum,
998 1167 1077 1227 da
1103 1164 1297 1225 verba
1327 1165 1495 1225 mihi.
1555 1167 1719 1240 sine,
1768 1168 2018 1230 nescius
2053 1185 2306 1244 errem,

488 1268 552 1316 {zu
660 1255 731 1314 Et
758 1254 939 1313 liceat
969 1252 1153 1312 stulta
1188 1249 1547 1309 credulitate
1579 1250 1715 1309 frui.

572 1340 687 1400 Cur
714 1338 939 1398 totiens
973 1333 1158 1395 video
1194 1333 1345 1393 mitti
1375 1333 1696 1410 recipique
1724 1334 2025 1398 tabellas?

652 1422 769 1482 Cur
799 1436 1053 1497 pressus
1082 1417 1251 1494 prior
1285 1424 1381 1477 est
1407 1416 1783 1494 interiorque
1812 1426 2025 1481 torus?

572 1512 687 1568 Cur
722 1507 888 1581 pluS,
935 1519 1118 1579 quam
1146 1517 1397 1574 somn0,
1431 1501 1706 1562 turbatos
1743 1519 1887 1564 esse
1918 1501 2190 1579 capillos

656 1591 948 1664 Collaque
982 1584 1302 1661 conspicio
1333 1586 1533 1645 dentis
1564 1585 1795 1647 habere
1827 1593 2070 1647 notam?

488 1692 548 1736 ιτς.
576 1676 825 1736 Tantum
860 1689 984 1732 non
1015 1670 1231 1732 oculos
1265 1667 1493 1728 crimen
1524 1669 1786 1732 deducis
1814 1671 1895 1730 ad
1928 1672 2119 1746 ipsoS.

656 1759 718 1819 Si
749 1756 988 1816 dubitas
1024 1756 1222 1815 famae
1255 1767 1538 1829 parcere,
1585 1769 1771 1828 parce
1800 1754 1962 1814 mihi.

572 1844 743 1904 Mens
775 1840 903 1901 abit
929 1848 990 1901 et
1021 1840 1277 1912 morior,
1325 1837 1608 1910 quotiens
1639 1853 1941 1912 peccasse
1969 1837 2223 1899 faterisa

652 1928 888 2000 Perque
919 1939 1092 1984 meos
1129 1928 1296 1981 artus
1331 1920 1552 1996 frigida
1577 1928 1747 1996 gutta
1774 1920 1924 1985 fluit.

568 2016 731 2072 Tunc
763 2024 923 2070 amo.
984 2015 1129 2069 tunc
1160 2006 1265 2065 odi
1298 2006 1552 2078 frustra,
1585 2006 1755 2080 quod
1783 2021 1987 2066 amare
2016 2020 2302 2071 necesse
2330 2021 2449 2075 est·

484 2112 548 2156 m
656 2095 820 2155 Tunc
850 2107 995 2167 eg0,
1037 2091 1152 2151 sed
1180 2096 1412 2164 tecum,
1454 2096 1729 2150 mortuus
1761 2105 1906 2151 csse
1934 2088 2131 2150 velim.

572 2180 656 2236 Ml
692 2176 978 2252 equidem
1008 2173 1330 2249 inquiram.
1391 2187 1510 2233 nec
1545 2189 1706 2248 quae
1735 2176 1940 2235 celare
1975 2172 2240 2249 parabis
2261 2227 2279 2251 ‚

652 2264 965 2336 Insequar.
1028 2265 1089 2318 et
1116 2257 1336 2318 falsum
1367 2257 1637 2317 muneris
1673 2257 1865 2318 instar
1893 2258 2024 2320 erit.

568 2348 628 2404 :51
664 2352 858 2406 [amen
890 2343 951 2404 in
982 2343 1184 2402 media
1213 2340 1522 2415 deprensa
1550 2340 1838 2401 tenebere
1868 2341 2076 2417 culpa,

648 2431 723 2489 Et
750 2429 971 2490 fuerint
999 2426 1194 2488 oculis
1226 2423 1455 2499 probra
1483 2423 1754 2487 videnda
1785 2425 1939 2486 meis
1957 2470 1972 2498 ,

484 2528 544 2576 41]
576 2523 738 2584 Quae
772 2513 932 2573 bene
962 2512 1097 2572 visa
1126 2509 1272 2568 mihi
1303 2508 1550 2582 fuerint,
1590 2508 1751 2569 bene
1777 2510 1917 2570 visa
1944 2515 2203 2584 negato=

652 2596 1003 2657 Concedent
1030 2594 1235 2654 verbis
1265 2592 1492 2651 lumina
1521 2600 1733 2653 nostra
1763 2594 1904 2656 tuis,

564 2684 759 2741 Pruna
791 2680 895 2743 tibi
925 2680 1082 2740 vinci
1120 2676 1464 2751 cupientem
1492 2676 1740 2738 vincere
1769 2678 1971 2753 palma
2001 2683 2119 2737 est=

648 2766 737 2825 Sit
775 2765 961 2824 modo
996 2767 1145 2824 ‘non
1181 2759 1324 2822 feci’
1365 2759 1572 2819 dicere
1601 2761 1810 2836 lingua
1840 2777 2092 2822 memor.

568 2856 709 2908 Eum
743 2848 848 2908 tibi
878 2849 1190 2921 contingat
1226 2843 1432 2903 verbis
1462 2859 1757 2919 superare
1790 2845 2067 2919 duobus,

476 2948 544 2996 sin
652 2934 777 2993 Etsi
807 2949 928 2992 non
961 2948 1179 3002 causa,
1225 2928 1429 2987 iudice
1463 2927 1640 2988 vinee
1675 2938 1798 2990 tuo.

412 3072 428 3156 Ῑ
456 3068 500 3156 5
568 3068 816 3168 {Itinere
846 3119 1073 3163 novum
1105 3109 1337 3173 vatem,
1377 3109 1726 3164 tenerorum
1757 3108 1952 3161 mater
1982 3102 2295 3164 Amorum
2317 3131 2334 3162 ε

652 3187 897 3247 Raditur
921 3186 1023 3246 hic
1055 3186 1250 3261 elegis
1280 3186 1487 3246 ultima
1518 3192 1680 3247 meta
1705 3185 1886 3245 meisa

564 3274 725 3342 [inus
760 3287 877 3345 ego
909 3271 1249 3345 conposui,
1289 3269 1521 3345 Peligni
1548 3270 1706 3332 ruris
1742 3271 2056 3330 alumnus=

644 3354 765 3414 Nec
800 3371 897 3414 me
930 3355 1186 3415 deliciae
1216 3355 1564 3415 dedecuere
1594 3370 1787 3415 meae.
2458 3411 2459 3414 ,

402 3476 464 3480 -
508 3452 532 3496 a
560 3438 775 3512 :siquid
816 3439 879 3498 id
911 3445 1036 3511 est,
1082 3455 1284 3512 usque
1314 3454 1352 3497 a
1380 3439 1634 3514 proavis
1665 3446 1842 3499 vetus
1877 3437 2109 3497 ordinis
2140 3437 2378 3517 heres,

397 3556 464 3564 ›-
644 3523 771 3584 Non
805 3523 991 3583 modo
1028 3521 1276 3583 militiae
1301 3523 1540 3585 turbine
1573 3524 1770 3584 factus
1801 3537 2016 3597 eques.
2458 3525 2459 3529 ’
