2467 4042
360 239 602 315 1,1‚24-3,
622 240 673 302 15.

123 394 193 455 llens
205 394 287 454 Bona
302 394 429 454 ducetur
443 393 583 454 manibus
600 400 673 468 post
689 401 773 469 terga
790 393 912 455 retortis

154 478 186 538 llt
197 478 293 539 Pudor
313 484 343 537 et
360 478 470 539 castris
491 476 642 553 quidquid
657 475 782 537 Amoris
798 478 897 538 obest.

125 560 211 621 Omnia
225 569 253 621 te
268 568 410 622 metuent.
438 562 481 622 ad
495 568 525 621 te
541 579 598 625 sua
613 560 758 621 bracchia
773 563 905 624 tendens

154 647 258 721 Volgus
272 644 326 706 ‘io'
345 662 457 721 magua
473 663 552 708 voce
570 645 757 720 ‘Triumphe'
773 654 871 708 canet.

89 729 266 790 &Blanditiae
281 731 407 790 comites
423 729 477 790 tihi
496 738 582 790 erunt
596 730 752 805 Errorque
766 729 941 807 Furorque,

156 814 279 875 adsidue
295 821 400 891 partes
415 815 505 875 turha
520 819 628 875 secuta
642 820 722 874 tuas.

127 896 168 958 llis
181 906 208 957 tu
222 898 361 959 militibus
377 915 508 974 superas
524 897 728 973 hominesque
744 899 895 973 deosque.

157 981 227 1041 Haec
241 982 291 1041 tihi
306 982 334 1042 si
348 982 456 1043 demas
471 984 650 1054 commoda,
674 982 776 1042 nudus
795 983 867 1043 eris.

129 1064 200 1125 Laeta
212 1066 402 1143 triumphanti
418 1066 457 1126 de
473 1084 592 1128 summo
607 1072 706 1125 mater
720 1067 847 1143 olympo

96 1154 125 1207 lt
161 1148 283 1227 Plaudet,
304 1158 335 1210 et
347 1151 508 1226 adpositas
526 1156 653 1226 sparget
666 1149 697 1209 in
714 1165 766 1212 ora
782 1165 885 1214 rosas.

129 1230 161 1292 lu
170 1232 265 1308 pinnas
281 1251 415 1310 gemma,
439 1251 560 1311 gemma
574 1234 713 1295 variante
729 1235 859 1310 capillos

160 1316 208 1378 lbis
218 1319 245 1378 in
259 1321 372 1379 auratis
388 1335 499 1380 aureos
515 1320 583 1395 ipse
600 1317 688 1378 rotis.

131 1398 319 1478 huncquoque
339 1419 402 1463 non
420 1420 555 1478 paucos,
578 1403 605 1462 si
621 1408 652 1461 te
667 1402 747 1462 bene
763 1401 925 1480 novimus,
945 1421 1017 1464 ures

160 1486 226 1545 Tmo
242 1503 363 1564 quoque
379 1489 570 1563 praeteriens
586 1487 713 1547 vulnera
729 1489 825 1547 multa
840 1487 939 1551 dabis.

101 1564 181 1626 olon
194 1578 324 1646 possunt,
348 1571 421 1632 licet
435 1571 504 1647 ipse
520 1571 615 1644 velis,
639 1585 765 1631 cessare
779 1572 925 1647 sagittam

161 1652 270 1717 Fervida
283 1656 385 1716 vicino
402 1654 527 1717 flamma
542 1671 662 1732 vapore
677 1661 777 1715 nocet.

131 1735 188 1797 Talis
202 1748 258 1802 erat
272 1741 387 1804 domita
405 1739 547 1801 Bacchus
566 1740 737 1816 Gangetide
752 1746 842 1799 terra.

160 1821 194 1882 lu
206 1825 300 1899 gravis
315 1824 455 1899 alitibus,
478 1825 607 1900 tigribus
625 1823 677 1883 ille
695 1824 760 1884 fuit.

131 1902 188 1981 lrgo
201 1924 261 1968 cum
277 1907 398 1985 possim
414 1909 495 1969 sacri
512 1925 586 1985 pars
606 1923 679 1968 esse
692 1908 852 1984 triumphi,

100 1994 127 2044 ⁵⁰
159 1990 235 2053 Parce
249 2002 314 2054 tuas
330 1995 362 2054 in
379 2008 428 2052 me
443 1994 590 2068 perdere,
611 1991 726 2066 victor,
749 2008 836 2066 opes.

131 2072 216 2148 Aspice
229 2076 346 2154 cognati
361 2077 464 2138 felicia
479 2077 620 2138 Caesaris
638 2092 737 2135 arma:

160 2158 210 2231 Qua
224 2162 304 2239 vicit,
324 2162 425 2222 victos
441 2162 575 2237 protegit
589 2162 641 2222 ille
658 2177 760 2220 manu.

86 2282 112 2375 3
130 2286 193 2385 'usta
203 2346 314 2404 precor.
349 2345 430 2406 quae
450 2345 500 2388 me
514 2345 612 2404 nuper
630 2330 780 2405 praedata
796 2332 901 2403 puella
919 2339 980 2404 est,

159 2410 306 2491 autumet,
330 2423 385 2475 aut
401 2413 508 2488 faciat,
531 2428 585 2472 cur
602 2429 661 2489 ego
678 2427 802 2488 semper
818 2429 928 2474 amem.

130 2491 161 2566 Α,
173 2495 278 2561 nmium
293 2499 394 2560 volui!
417 2503 534 2559 tantum
549 2498 683 2573 patiatur
699 2497 810 2557 amari:

159 2578 274 2643 Audierit
294 2591 418 2644 nostras
439 2586 485 2642 tot
503 2581 654 2658 Cytherea
670 2597 789 2657 preces.

33 2684 35 2745 ;
112 2658 228 2741 taccipe,
247 2683 302 2743 per
314 2669 428 2741 longos
445 2665 499 2726 tihi
515 2665 566 2740 qui
584 2665 743 2726 deserviat
756 2680 871 2725 annos:

33 2762 34 2783 ³
156 2745 265 2825 Accipe,
289 2752 342 2830 qui
357 2766 436 2827 pura
449 2749 530 2810 norit
544 2766 648 2809 amare
663 2750 735 2810 fide.

33 2788 35 2857 Ι
128 2823 152 2885 Si
164 2847 201 2892 me
214 2851 271 2895 non
285 2842 425 2897 veterum
440 2834 657 2894 commendant
671 2849 782 2908 magna
800 2842 961 2910 parentum

33 2880 35 2991 Ι
157 2912 275 2995 Nomina,
298 2920 326 2981 si
341 2918 439 2980 nostri
455 2918 614 2994 sanguinis
631 2925 743 2978 auctor.
756 2933 869 2996 eques,

126 2991 171 3055 llee
183 3016 257 3064 meus
274 3002 442 3065 innumeris
457 3009 626 3064 renovatur
643 3018 772 3078 campus
789 3002 914 3076 aratris,

100 3081 121 3134 ll
159 3082 298 3163 Temperat
314 3095 345 3148 et
360 3093 500 3162 sumptus
517 3102 631 3163 pareus
646 3094 777 3161 uterque
796 3102 924 3163 parens:

124 3163 155 3222 lt
165 3165 288 3233 Phoebus
304 3173 496 3246 comitesque
513 3187 627 3231 novem
643 3170 779 3245 vitisque
798 3176 937 3246 repertor

153 3248 216 3315 linc
232 3258 354 3319 iaciunt.
379 3262 421 3334 ‚al
428 3271 478 3316 nre
494 3256 547 3331 qui
561 3255 615 3316 tihi
632 3257 741 3328 donat,
761 3255 874 3326 Amor,
903 3248 968 3351 ju?

123 3328 151 3390 lt
162 3339 221 3399 nuli
236 3357 364 3404 cessura
378 3340 473 3412 fides,
497 3341 564 3400 sine
580 3338 708 3400 crimine
725 3354 845 3412 mores,

153 3417 281 3502 Nudaque
298 3424 478 3501 simplicitas
494 3437 732 3503 purpureusque
748 3423 859 3498 pudor.

95 3496 175 3563 [allon
188 3507 252 3571 mihi
269 3511 353 3572 mille
367 3510 498 3585 placent.
530 3526 592 3570 non
610 3524 678 3569 sum
693 3507 832 3568 desultor
848 3504 980 3566 amorisr

841 3594 877 3649 l*
