2467 4042
196 249 254 314 148
566 244 835 309 EPISTUL'AE

318 400 443 462 Pallade
458 400 519 459 iam
535 399 640 476 pingui
653 398 791 473 tinguere
804 400 940 461 membre
955 407 1082 477 putesa’

234 493 268 548 45
278 485 395 545 Adnuit
408 484 460 546 iila
476 484 548 544 tere.
571 496 634 543 non
650 490 756 543 nostra
771 484 857 558 quod
871 485 978 545 oscula
992 496 1088 559 curet,

319 568 383 630 Sed
397 574 502 630 movet
515 567 671 642 obrepens
686 582 814 628 somnus
830 568 911 628 anile
926 576 1027 643 eaput.

274 652 411 729 Postque
422 650 696 714 morue‘miuimum
710 652 785 710 ‘iam
799 659 882 712 certe
896 653 1048 728 navigat,’
1068 653 1206 730 iuquam
1228 684 1230 687 ·

316 737 488 812 ‘Lentaque
502 735 625 799 dimotis
640 733 767 796 brachia
780 736 873 797 iactat
886 737 998 810 aquis?

274 821 439 896 Paucaque
454 832 523 880 cum
536 825 618 880 tacta
631 819 748 894 perfeci
765 820 895 880 stamina
910 821 978 894 tela,

233 917 268 968 oo
319 907 369 966 Au
382 904 485 964 medio
504 905 626 979 possis,
651 902 842 978 quaerimus,
865 919 936 964 esse
950 905 1037 965 ireto.

273 989 311 1050 Et
325 989 419 1050 modo
434 987 655 1064 prospicimus,
678 986 785 1048 timida
800 988 893 1049 modo
907 997 987 1049 voce
1002 1004 1180 1065 precamur,

315 1073 356 1134 Ut
368 1072 422 1133 tibi
437 1073 490 1133 det
503 1070 610 1132 faciles
625 1070 706 1131 utitis
719 1087 794 1131 aura
807 1069 887 1132 vias.

274 1156 409 1237 Auribus
424 1155 547 1216 incertis
562 1169 658 1215 voces
674 1152 848 1230 captamus,
870 1163 901 1216 et
915 1171 1036 1217 omnem
1155 1188 1161 1199 ·

316 1240 477 1301 Adventus
491 1239 652 1314 strepitum
669 1238 823 1300 credimus
839 1254 912 1300 esse
924 1239 977 1300 tui.

232 1333 266 1387 aa
278 1323 330 1385 Sic
343 1324 396 1386 ubi
411 1325 560 1398 deceptae
578 1337 652 1397 pars
667 1329 716 1382 est
728 1323 801 1383 mihi
815 1323 948 1384 maxima
960 1326 1062 1385 noetis

316 1411 409 1481 Acta,
432 1406 514 1469 subit
529 1406 630 1467 furtim
645 1407 760 1468 tumim
774 1407 858 1467 iessa
873 1424 979 1484 sopor.

272 1492 413 1553 Forsitan
428 1491 558 1563 invitus,
581 1502 700 1551 mecum
714 1497 830 1566 temen,
852 1490 1008 1568 improbe,
1029 1493 1166 1554 dormis:

315 1576 366 1651 m,
390 1589 574 1650 quamquam
588 1590 651 1635 nou
665 1575 713 1634 vis
728 1575 797 1651 ipse
810 1576 934 1650 venue,
957 1576 1056 1637 venis.

273 1660 348 1720 Nam
364 1660 461 1720 mode
471 1668 503 1721 te
517 1658 625 1719 videor
641 1672 740 1734 prope
756 1659 815 1719 iam
831 1668 974 1735 spectare
988 1667 1155 1732 natantem,

232 1754 267 1807 oo
317 1743 449 1804 Brachia
463 1756 544 1805 nunc
557 1741 672 1803 umeris
688 1743 793 1804 umido
809 1744 890 1803 serre
903 1744 998 1804 maie·

272 1828 358 1888 Nune
373 1828 462 1903 dare,
486 1841 566 1902 quae
580 1827 684 1900 soleo,
708 1827 839 1887 madidis
856 1829 1008 1887 velamine
1024 1829 1183 1901 membris,

314 1910 442 1972 Pectora
456 1925 536 1971 nuno
553 1918 660 1971 nostro
678 1910 782 1972 iuncta
796 1911 905 1972 fovere
918 1912 997 1985 sinu,

272 1995 428 2070 nutuque
443 2001 603 2070 praeterea
616 1993 739 2068 linguae
752 1995 911 2056 reticendo
923 1995 1094 2071 modestae,

252 2148 255 2159 ι
315 2080 400 2154 Quae
415 2077 530 2140 iecisse
543 2078 642 2150 iuvet,
662 2079 744 2138 facta
757 2079 988 2154 reterre-pudet

164 2238 169 2241 „
231 2174 264 2227 65
275 2163 326 2224 Me
340 2163 498 2223 miseromt
520 2162 624 2222 brevis
641 2168 689 2221 est
701 2161 780 2223 haee
794 2169 824 2223 et
839 2178 902 2224 oen
917 2176 992 2224 vera
1004 2164 1160 2240 voluptas.

314 2247 390 2307 Nam
406 2254 438 2306 tu
452 2261 521 2307 eum
535 2260 646 2307 somno
661 2261 785 2322 semper
798 2244 884 2307 abire
898 2248 992 2307 soles.

270 2330 401 2392 Firmius
416 2345 435 2390 o
450 2327 554 2406 cupidi
569 2330 693 2390 tandem
704 2344 853 2391 coeamus
867 2339 1013 2403 amantes,

312 2415 376 2475 Neo
391 2419 516 2475 careant
531 2429 604 2474 vera
618 2413 732 2490 gaudia
747 2421 854 2475 nostra
865 2414 939 2475 tide.

272 2499 331 2559 cur
345 2510 403 2573 ego
419 2505 464 2560 tot
478 2497 590 2559 viduas
607 2498 696 2573 excgi
712 2497 823 2573 frigida
839 2505 969 2561 coctast

232 2591 265 2644 to
318 2582 377 2643 Cur
392 2583 504 2645 totiens
522 2598 620 2654 ame,
641 2585 723 2642 iente
741 2589 875 2657 natator,
890 2582 994 2643 subest

271 2666 326 2726 Est
339 2680 439 2738 mere,
463 2666 626 2741 confiteor,
649 2666 787 2728 nondum
803 2665 961 2727 tractabite
975 2668 1068 2727 nand.
1089 2730 1092 2739 ,
1113 2702 1117 2711 ‹

312 2750 408 2811 Nocte
423 2751 480 2811 sed
496 2750 642 2812 hestama
655 2751 754 2811 lenior
766 2766 841 2811 arira
858 2750 922 2811 fuit.

273 2833 331 2894 cur
348 2851 384 2894 ea
401 2834 565 2913 praeterito
581 2841 649 2895 esti
670 2844 801 2896 cunnon
814 2842 944 2896 ventura
957 2835 1113 2901 timebasa

312 2920 385 2980 Tam
399 2919 483 2980 bona
498 2934 553 2979 cur
566 2919 670 2995 periit,
691 2934 750 2980 nec
766 2918 820 2981 tibi
835 2926 923 2995 repta
938 2918 987 2981 via
1000 2927 1070 2983 estc

231 3010 262 3065 75
273 3001 414 3065 Protinus
427 3011 460 3066 ut
474 3001 582 3063 similis
598 3003 687 3063 detur
700 3003 860 3078 tibi'copia
872 3018 992 3076 cursus,

312 3087 379 3156 Hoc
393 3088 502 3147 metior
515 3092 612 3160 certe,
635 3103 699 3164 quo
712 3086 816 3163 prior,
833 3087 885 3146 illu
901 3088 966 3148 fuit,

271 3173 311 3230 At
327 3171 387 3232 cito
404 3177 516 3233 mutata
530 3178 578 3231 est
593 3170 696 3232 iactati
710 3172 814 3233 sonno-
820 3171 976 3248 profundi.

312 3247 476 3330 Te'mpore,
498 3269 567 3315 cum
581 3262 747 3332 properas,
770 3264 866 3331 saepe
879 3255 997 3316 minore
1011 3257 1111 3317 venis.
1144 3314 1149 3323 ,

270 3338 339 3412 Hic,
363 3345 452 3413 puto,
475 3340 649 3414 deprensus
663 3339 704 3400 nii
720 3339 806 3415 quod
821 3339 994 3414 querereris
1009 3338 1152 3413 haberes,

228 3431 263 3483 80
316 3421 427 3497 Meque
441 3423 494 3483 tibi
511 3423 655 3499 amplexo
670 3424 755 3485 nulia
768 3433 894 3486 noceret
908 3424 1038 3500 hiemps.

270 3505 357 3565 Certe
371 3522 429 3581 ego
444 3511 507 3566 tum
522 3515 633 3568 ventos
648 3507 784 3569 audirem
799 3509 880 3569 lenta
895 3509 1043 3581 sonantis,
