2467 4042
166 249 210 316 20
586 248 757 301 umsrmu

256 412 351 494 lnde,
372 409 431 473 levi
453 419 540 472 vento
564 410 731 490 Zerynthia·
745 410 831 473 litora
853 419 958 492 naam,

206 513 241 562 20
254 500 421 562 Threiciam
444 502 542 578 tetigit
567 500 643 561 iessa
667 502 767 561 carina
791 499 908 559 Samon.

256 588 356 650 Saltus
379 586 416 648 ab
438 586 494 648 hac
517 594 622 649 contra
644 587 743 648 brevis
766 595 814 649 est
836 587 983 666 Tempyra
1004 590 1140 666 petentia

254 675 316 738 Hac
339 677 492 738 domiuum
515 684 603 737 tenus
627 684 673 736 est
695 675 744 735 illa
767 682 869 737 secuta
891 693 996 736 suum.

254 763 329 826 Nam
351 764 423 824 mibi
445 763 594 824 Bistonios
616 763 727 842 placuit
749 763 825 842 pede
847 780 971 843 carpere
993 781 1135 844 campos:

255 851 506 932 Hellespontiacas
529 850 579 911 illa
601 850 708 930 relegit
730 869 840 930 aquas,

210 952 245 1001 ao
259 940 493 1018 Dardaniamque
516 940 613 1018 petit,
637 941 767 1000 auctoris
790 956 899 1000 nomeu
921 938 1097 1022 habentem,

257 1028 349 1090 litte
372 1026 522 1108 ruricola,
546 1025 729 1107 Lampsaco,
751 1035 814 1088 tuta
838 1026 912 1106 deo,

259 1116 405 1195 Quodque
429 1134 483 1195 per
506 1123 647 1194 angustas
669 1123 771 1176 vectae
794 1115 869 1176 male
894 1117 1016 1194 virginis
1038 1116 1133 1178 undas

257 1203 365 1266 Seston
387 1202 527 1282 Abydena
550 1211 668 1282 separat
689 1202 764 1264 urbe
787 1204 915 1285 iretum,

255 1291 350 1372 Inque
373 1291 579 1371 Propontiacis
601 1292 774 1353 haerentem
798 1291 924 1370 Cyzicon
947 1292 1026 1373 oris,

208 1393 244 1443 ao
258 1381 408 1462 Cyzicon,
429 1378 608 1441 Haemoniae
632 1379 729 1441 nobile
752 1381 849 1458 gentis
872 1396 964 1461 opus,

258 1468 399 1547 Quaeque
422 1476 526 1530 teuent
548 1468 636 1529 Ponti
658 1466 796 1546 Byzantia
818 1467 905 1528 litora
928 1468 1048 1529 lauces:

258 1555 313 1617 Hic
336 1555 419 1616 locus
443 1562 489 1617 est
511 1558 622 1635 gemini
643 1558 730 1617 ianua
754 1564 835 1617 vasta
857 1558 964 1617 maris.

258 1644 337 1705 llaec
349 1690 359 1724 ,
381 1661 512 1724 precor,
535 1646 672 1723 evincat,
695 1643 894 1723 propulsaque
918 1642 1044 1705 fortibus
1066 1648 1181 1708 austris

258 1732 402 1793 Transeat
424 1732 569 1794 instabilis
592 1741 715 1793 strenua
737 1732 868 1811 Cyaneas

208 1832 242 1881 35
257 1820 481 1899 Thyniacosque
505 1822 611 1901 sinus,
641 1826 671 1880 et
699 1819 734 1879 ab
757 1819 803 1880 his
826 1838 881 1899 per
904 1819 1046 1898 Apollinis
1069 1821 1181 1884 urhem

257 1910 329 1969 Arta
352 1908 408 1969 suh
431 1907 564 1969 Anchiali
586 1909 703 1968 moenia
726 1906 827 1968 tendat
849 1910 924 1969 iter.

257 1995 328 2056 lude
352 1994 580 2057 Mesembriacos
602 2004 708 2075 portus
731 2002 761 2056 et
785 1993 918 2056 Odesson
942 2003 973 2057 et
994 2013 1077 2057 arces

256 2083 428 2145 Praetereat
450 2084 546 2145 dictas
566 2085 707 2164 nomine,
730 2082 866 2165 Bacche,
890 2093 959 2158 tuo,

257 2171 297 2233 Et
319 2190 394 2251 quos
418 2170 551 2233 Alcathoi
573 2181 777 2233 memorante
800 2170 957 2232 moenibus
979 2178 1061 2233 ortos

208 2271 244 2322 40
259 2259 387 2321 Sedibus
408 2260 455 2321 his
478 2262 620 2340 proihgos
643 2261 834 2321 constituisse
856 2259 966 2320 larem.

257 2347 409 2427 liquibus
431 2347 566 2410 adveniat
587 2347 718 2409 Miletida
741 2365 843 2427 sospes
866 2346 903 2408 ad
926 2347 1048 2428 urbem,

258 2435 372 2497 Oiiensi
394 2454 453 2516 quo
477 2455 523 2497 me
547 2436 653 2498 detulit
674 2439 719 2497 ira
740 2436 806 2497 dei.

257 2522 337 2585 llaec
361 2526 387 2585 si
409 2526 609 2605 contigerint,
634 2526 756 2586 meritae
779 2522 865 2586 cadet
886 2541 961 2603 agna
982 2523 1155 2587 Minervae:

257 2611 322 2673 Non
345 2611 415 2673 iacit
438 2613 474 2673 ad
497 2622 614 2673 nostras
638 2612 734 2674 hostia
756 2615 850 2673 maior
872 2630 966 2691 opes²

208 2710 243 2761 to
262 2697 320 2760 Vos
346 2718 485 2781 quoque,
518 2700 724 2782 Tyndaridae,
759 2718 833 2780 quos
860 2698 933 2762 haec
961 2698 1031 2761 colit
1061 2701 1184 2785 insula,

892 2789 1000 2850 iratres

258 2874 328 2937 hiite
351 2893 459 2955 precor
482 2875 592 2955 duplici
615 2894 726 2937 numen
750 2875 854 2937 adesse
875 2874 956 2938 viaei
1008 2835 1018 2871 θ

259 2964 359 3025 Altera
382 2981 510 3042 namque
534 2973 617 3044 parat
640 2963 848 3044 Symplegadas
870 2966 915 3025 ire
937 2982 992 3044 per
1014 2974 1112 3047 artas,

260 3051 403 3112 Scindere
426 3050 573 3113 Bistonias
596 3052 687 3114 altera
708 3055 817 3132 puppis
839 3069 938 3134 aquas.

258 3137 317 3200 Vos
341 3140 451 3221 Tacite,
474 3150 508 3202 ut
531 3149 657 3221 ventos,
681 3141 744 3201 loca
767 3158 835 3201 cum
858 3140 973 3202 diversa
995 3148 1155 3225 petamus,

209 3238 243 3288 oo
257 3226 310 3289 llla
333 3245 403 3290 suos
426 3228 554 3311 habeat,
578 3247 634 3290 nec
657 3231 756 3291 minus
778 3228 827 3291 illa
851 3245 929 3290 suos
