2467 4042
462 271 498 322 11.
516 282 575 323 vm
591 271 686 322 1-69.
1014 265 1078 332 159

109 448 142 498 35
156 436 245 497 Parte
267 434 331 496 leva
353 434 475 496 minima
497 440 616 494 uestras
638 440 670 494 et
692 430 834 494 contrahe
856 450 989 513 poenas,

201 523 326 604 Daque,
349 522 454 602 procul
475 521 613 601 Scythice
637 522 689 601 qui
711 522 751 582 sit
772 519 809 582 ab
831 520 940 602 hoste,
962 521 1078 583 lecum.

157 612 196 675 Et
218 621 292 694 tua,
315 614 342 673 si
364 611 409 672 ias
432 620 500 691 est,
522 628 539 671 a
563 609 689 671 Caesare
711 610 846 689 proxime
870 608 994 692 Caesar,

201 699 329 761 Numina
352 700 412 761 sint
434 697 574 778 precihus
598 716 659 759 nen
680 699 800 760 inimica
823 701 917 760 meis.
962 698 968 728 '⁵

158 788 206 850 Sic
230 789 293 850 iera
316 790 536 867 quamprimum
558 785 664 866 pavide
687 785 845 847 Germania
867 786 950 849 vultu

109 890 144 940 tc
201 878 277 938 Ante
300 876 511 956 triumphantis
534 891 621 936 serva
642 875 757 936 feratur
779 891 890 954 equos:

158 964 207 1027 Sic
229 972 315 1045 pater
336 967 369 1026 in
391 964 513 1045 Pylios,
536 963 681 1025 Cumaeos
704 972 799 1025 mater
821 965 853 1025 iu
875 980 968 1025 annes
1035 974 1080 1027 (tt)

147 1114 152 1123 ,
202 1052 306 1115 Vivant
317 1099 327 1133 ‚
351 1062 382 1114 et
403 1053 502 1133 possis
525 1051 604 1113 iilius
628 1068 694 1112 esse
717 1050 786 1114 diu.

156 1140 202 1204 'iu
226 1159 369 1222 quoque,
391 1142 571 1202 conveniens
593 1140 708 1220 ingenti
730 1147 823 1220 nupta
845 1141 970 1221 meritc,

201 1230 311 1310 Accipe
334 1246 395 1290 nen
418 1228 493 1290 dura
516 1228 660 1308 supplicis
682 1245 754 1289 aure
777 1245 902 1308 preces.

109 1329 143 1379 45
159 1318 210 1381 Sic
233 1317 288 1379 tibi
311 1319 355 1378 vir
379 1334 506 1397 sospes,
529 1317 573 1378 sic
596 1317 657 1378 sint
679 1334 749 1379 cum
770 1316 855 1395 prole
879 1324 1022 1398 nepotes,

203 1405 337 1484 Cumque
360 1405 446 1466 bonis
469 1405 596 1467 nuribus
620 1403 706 1488 quud¹
723 1422 868 1484 peperere
891 1423 1004 1467 nurus.
1114 1436 1116 1440 .

159 1494 209 1560 Sic
232 1510 322 1574 quem
345 1493 410 1554 dira
432 1493 487 1554 tibi
510 1494 610 1573 rapuit
633 1491 790 1555 Germania
812 1491 960 1575 Drusum,

204 1581 276 1642 Pars
299 1582 391 1643 iuerit
413 1590 517 1661 partus
540 1581 602 1643 scia
626 1581 737 1643 caduca
760 1583 825 1644 tui.

159 1669 209 1732 Sic
232 1669 287 1731 tibi
309 1678 425 1732 mature
449 1670 574 1731 iraterni
597 1670 712 1733 iuueris
735 1668 815 1731 rrltcr

111 1770 146 1820 50
206 1758 381 1838 Purpureus
403 1760 498 1820 niveis
520 1758 599 1819 filius
622 1760 715 1820 instet
737 1760 840 1837 equis.

158 1846 287 1909 Adnrrite
310 1845 350 1908 c!
382 1845 517 1927 timidis,
540 1848 697 1909 mitissima
718 1849 841 1909 numina
853 1894 863 1928 ,
885 1847 978 1907 vetis.

203 1934 374 1997 Praesentis
397 1934 507 2013 aliquid
530 1937 627 2016 prosit
648 1933 759 1996 hahere
782 1935 871 1997 deos.
961 1935 966 1942 “

160 2024 295 2086 Caesaris
319 2022 447 2085 adventu
470 2032 549 2084 tacta
572 2023 717 2103 gladiator
740 2041 830 2085 arena

203 2111 294 2193 Exit,
317 2120 348 2173 et
370 2112 513 2174 auxilium
535 2130 596 2173 non
620 2112 684 2173 leve
706 2111 814 2173 vuinus
836 2108 944 2174 habet.

109 2212 144 2266 55
158 2199 219 2263 Nos
242 2217 362 2281 quoque
384 2210 484 2263 restra
496 2246 506 2282 ,
533 2202 615 2262 iuvet
627 2247 637 2282 ,
659 2200 762 2282 qued,
789 2218 848 2280 quc
870 2198 941 2261 licet
953 2247 963 2282 ,
985 2217 1037 2261 cra

709 2289 861 2351 videmus:

204 2377 315 2440 intrata
338 2386 385 2439 est
408 2378 527 2458 superis
550 2378 630 2456 qued
653 2377 760 2440 domus
782 2395 842 2439 unc
865 2375 980 2439 trihus.

159 2465 275 2528 Felices
296 2465 339 2528 illi
351 2513 361 2547 ,
385 2469 438 2547 qui
461 2484 520 2527 nen
545 2466 724 2547 simulacra,
747 2465 800 2527 sed
822 2469 923 2547 ipsos,

204 2555 321 2635 Quique
345 2554 434 2616 deum
457 2571 559 2617 ceram
581 2572 709 2636 corpora
730 2572 800 2616 vera
822 2554 941 2616 rident.

160 2643 246 2715 Quod
269 2644 410 2723 queniam
433 2642 520 2705 nobis
542 2643 649 2706 invidit
670 2642 776 2706 inutile
799 2643 913 2724 iatum,

110 2743 145 2794 60
204 2730 285 2804 Ques
308 2732 389 2794 dedit
412 2750 461 2795 ars
473 2780 484 2815 ,
507 2731 606 2795 vultus
630 2732 817 2813 effigiemque
840 2731 924 2798 ecio.

160 2820 210 2883 Sic
232 2821 369 2883 homines
391 2839 501 2883 nevere
525 2821 598 2883 deos
610 2867 621 2905 ,
644 2839 719 2902 quos
742 2820 854 2884 arduus
877 2819 981 2882 aether
1021 2895 1025 2902 ἢ

204 2909 344 2991 Occulit,
366 2918 405 2971 et
420 2909 530 2971 celitur
553 2928 609 2990 pro
632 2911 701 2973 lore
724 2910 819 2972 icrma
842 2909 937 2970 loris.

159 2995 317 3078 Denique,
339 2999 417 3078 quae
445 3014 564 3062 meeum
587 3007 634 3061 est
660 3009 692 3061 et
718 2999 777 3060 erit
803 2999 867 3059 sine
895 2997 972 3074 fine,

241 3131 244 3138 ι
711 3093 831 3165 cavete,
1040 3094 1084 3148 itti

205 3171 249 3235 Ne
272 3175 367 3235 sitin
389 3175 486 3234 invise
508 3180 608 3234 restra
631 3174 726 3253 ligura
748 3173 832 3233 loco.

111 3272 146 3323 ee
160 3260 235 3322 Nam
253 3269 349 3341 caput
371 3280 389 3323 e
412 3270 515 3323 nostra
539 3261 629 3322 citius
652 3262 768 3322 cervice
791 3258 930 3342 recedet,

204 3349 244 3412 Et
266 3351 362 3430 patiar
385 3350 474 3412 iossis
497 3349 599 3411 iumen
623 3348 705 3410 abire
728 3350 830 3430 genis,

161 3438 257 3512 Quam
280 3456 397 3502 caream
420 3441 536 3520 raptis,
558 3456 577 3498 ο
599 3436 718 3519 publica
740 3435 879 3499 numine!
912 3436 1011 3499 vohis.

204 3527 264 3590 Vos
286 3529 371 3591 eritis
394 3537 515 3590 nestrae
537 3537 644 3608 portus
666 3538 698 3589 et
720 3544 771 3588 ara
793 3528 897 3606 fugae.

159 3616 217 3679 Vos
240 3635 295 3698 ege
319 3617 523 3699 complectar,
547 3615 659 3680 Geticis
682 3619 708 3678 si
731 3617 832 3696 cingar
855 3613 892 3676 ab
916 3617 1025 3697 armis,
