2467 4042
570 224 741 276 TRISTIUM

626 423 686 498 Vl.

172 607 174 614 ν
238 567 385 648 Tempore
408 564 555 630 ruricolae
579 568 694 645 patiens
716 565 750 627 tit
772 571 876 626 taurus
898 566 1004 646 aratri,

237 656 367 718 Praebet
389 664 419 717 et
441 658 565 716 incurro
588 653 663 715 oolla
686 652 846 732 premenda
869 655 953 733 iug03

238 744 385 824 Tempore
407 752 493 823 paret
516 760 611 822 equus
634 742 723 803 lentis
746 744 895 803 animosus
916 740 1055 822 habenis,

238 831 277 894 Et
298 831 413 911 placido
436 831 528 892 duros
551 832 659 909 accipit
680 848 732 891 ore
747 829 859 910 -lupos3

208 920 385 1000 oTempore
408 919 576 980 Poenorum
600 920 798 998 compescitur
820 920 865 978 ira
887 917 1022 998 leonum,

239 1008 300 1070 Nec
323 1008 425 1069 feritas
447 1010 568 1088 animo,
590 1025 666 1086 quae
689 1006 746 1067 init
768 1014 860 1085 ante,
881 1014 996 1085 manet,

239 1096 381 1176 Quaeque
404 1098 452 1157 sui
474 1097 594 1157 monitis
616 1093 802 1173 obtemperat
823 1093 893 1154 luda
916 1095 1049 1173 magunt

238 1185 351 1267 Belua,
374 1185 527 1245 servitium
549 1191 684 1262 tompore
707 1185 783 1244 ricta
806 1181 903 1244 subit.

240 1273 392 1353 Tempus,
415 1280 449 1334 ut
472 1273 603 1332 extensis
626 1279 761 1351 tumeat,
784 1271 876 1351 iacit,
899 1288 955 1331 uva
976 1273 1129 1355 racemis,

191 1373 224 1422 10
239 1359 352 1440 Vixque
376 1377 490 1422 merum
514 1360 630 1438 capiant
652 1376 764 1441 grana,
788 1359 866 1438 quod
890 1360 970 1420 intus
992 1356 1130 1443 babont3

239 1449 371 1528 Tempus
393 1455 424 1509 et
446 1448 477 1508 in
500 1465 587 1508 canas
611 1465 714 1508 semen
736 1446 875 1525 producit
897 1448 1017 1525 aristas,

238 1536 277 1597 Et
299 1554 337 1598 nc
360 1538 420 1596 sint
443 1536 522 1596 tristi
543 1552 631 1614 poma
653 1553 758 1614 sapore
770 1581 780 1615 ,
803 1542 903 1596 caret.

238 1623 302 1685 Hoc
325 1631 428 1685 tenuat
450 1622 568 1685 dentem
592 1632 703 1685 terram
725 1624 894 1684 renovantis
917 1624 1023 1702 aratri,

239 1711 302 1773 Hoc
325 1711 435 1791 rigidas
458 1711 578 1793 silices,
601 1711 659 1772 hoe
682 1711 834 1772 adamanta
857 1713 944 1773 terit.

191 1812 225 1861 15
240 1799 303 1860 Hoc
326 1802 413 1861 etiam
437 1817 538 1861 saevas
560 1799 701 1879 paulatim
724 1801 839 1878 mitigat
860 1800 936 1879 iras,
1003 1858 1006 1864 ,

238 1887 303 1948 Hoc
327 1889 432 1948 minuit
455 1886 552 1949 luctus
575 1895 748 1967 maestaque
770 1886 860 1948 corda
883 1885 974 1947 levat.

241 1976 354 2037 (iuncta
377 1983 476 2055 potest
498 1977 589 2055 igitur
611 1978 701 2037 tacito
724 1974 800 2054 pede
823 1974 903 2054 lapsa
925 1980 1057 2034 vetustas

239 2063 452 2143 Praeterquam
475 2082 562 2125 curas
585 2071 738 2125 attenuare
762 2081 859 2123 meas.

239 2150 279 2212 Ut
300 2154 394 2231 patria
417 2169 526 2231 careo,
549 2151 596 2213 bis
618 2151 754 2231 frugibus
777 2169 845 2212 area
868 2153 938 2212 trita
960 2159 1021 2231 est,

191 2251 226 2301 ao
240 2239 374 2301 Dissiluit
395 2240 475 2300 nudo
499 2258 601 2319 pressa
624 2239 670 2300 bis
693 2258 749 2302 uva
771 2239 863 2318 pede.

239 2326 300 2388 Nee
324 2329 455 2406 quaesita
480 2336 577 2390 tamen
601 2329 695 2407 spatio
718 2329 859 2407 patientia
881 2326 968 2406 longo
991 2335 1056 2405 est,

239 2414 382 2495 blensque
405 2415 474 2477 mali
496 2434 616 2477 sensum
641 2424 742 2477 nostra
764 2417 893 2476 recentis
915 2413 1022 2476 habet.

241 2503 361 2565 Scilicet
383 2513 413 2566 et
435 2512 551 2565 veteres
573 2504 692 2583 lugiunt
714 2506 782 2582 iuga
804 2521 892 2583 saepe
915 2504 1050 2584 iuvenci,

240 2590 279 2652 Et
301 2591 430 2653 domitus
454 2592 537 2653 freno
561 2610 649 2671 saepe
671 2599 819 2671 repugnat
840 2609 952 2669 equus.

192 2690 225 2740 26
240 2680 367 2741 Tristior
390 2689 436 2742 est
459 2682 547 2741 etiam
570 2698 711 2760 praesens
735 2696 875 2740 aerumna
897 2680 1014 2758 priore:

240 2766 279 2829 Ut
301 2769 341 2828 sit
363 2770 441 2829 enim
465 2768 522 2830 sibi
544 2786 621 2849 par,
644 2770 737 2830 crevit
760 2776 790 2829 et
813 2776 898 2830 aucta
921 2786 1003 2828 mora
1025 2775 1094 2831 est.

239 2855 300 2916 Neo
319 2863 378 2917 tam
397 2865 467 2918 nota
486 2855 575 2936 milri,
593 2874 681 2936 quam
701 2863 788 2937 sunt,
807 2854 882 2916 mala
899 2865 1001 2917 nostra
1018 2856 1178 2945 luerunt;

240 2943 325 3005 Nunc
349 2946 441 3023 magis
463 2944 542 3026 hoc,
565 2962 624 3023 quo
648 2953 718 3005 sunt
741 2945 926 3026 cognitiora,
949 2951 1088 3023 gravam.

237 3030 291 3092 Est
314 3050 432 3112 quoque
455 3049 516 3094 non
538 3032 686 3113 nihilum,
709 3035 787 3096 vires
810 3032 915 3093 allarre
937 3040 1095 3115 recentes,

191 3131 225 3180 30
240 3119 301 3180 Nee
323 3130 603 3200 praeconsumptum
628 3121 770 3200 temporis
793 3138 859 3181 esse
882 3120 983 3182 malis.

239 3207 357 3269 Fortior
378 3210 410 3269 io
433 3207 511 3270 iulra
533 3227 628 3271 novus
652 3218 698 3269 est
719 3207 846 3270 luctator
867 3206 994 3285 harena,

240 3295 333 3367 Quam
357 3298 406 3358 oui
429 3305 499 3358 sunt
522 3298 605 3360 tarda
628 3296 748 3358 brachia
771 3297 848 3358 lassa
871 3314 970 3358 mora.

240 3383 357 3462 integer
382 3392 427 3445 est
449 3384 554 3447 melior
576 3384 679 3446 nitidis
701 3384 844 3463 gladiator
866 3386 897 3445 in
920 3386 1027 3465 armis,

239 3469 333 3538 Quam
358 3473 407 3532 cui
430 3470 489 3532 tela
511 3490 566 3535 suo
590 3473 742 3550 sanguine.
755 3475 847 3534 uncta
870 3471 987 3534 rubent

191 3566 224 3614 eo
240 3554 311 3616 Fert
333 3554 409 3617 bene
432 3562 609 3639 praecipites
633 3561 714 3619 navis
737 3559 824 3620 modo
847 3560 923 3621 lacta
945 3558 1111 3640 procellas:
