2467 4042
416 233 464 283 111.
484 244 518 283 VI
531 234 663 283 45-vn1
678 235 719 282 11.
1009 229 1072 296 183

195 393 239 455 Ad
263 393 339 455 mala
360 395 419 455 iam
442 395 557 474 pridem
580 412 640 455 non
664 412 768 455 sumus
790 393 849 456 ulla
872 395 982 457 rudes.

152 482 292 543 Venimus
315 485 346 543 in
370 481 489 543 Geticos
512 484 608 544 lines.
651 485 813 544 moriamur
835 485 867 544 in
889 483 964 545 illis!

101 583 137 632 20
195 571 347 649 Parcaque
370 571 407 631 ad
430 578 597 632 extremum
621 590 679 650 qua
701 589 767 633 mea
790 574 906 651 coepit,
930 580 995 634 eat.

153 657 243 739 Spem
265 662 345 720 iuvat
363 659 521 740 amplecti,
541 677 615 737 quae
639 676 699 719 non
722 662 804 720 iuvet
824 661 915 720 inrita
938 678 1071 740 semper:

194 746 234 808 Et
255 747 321 807 fieri
344 750 447 827 cupias
470 750 555 826 siqua
577 748 678 809 lutura
700 756 806 827 putes,

149 834 307 896 Proximus
330 835 400 896 huic
423 836 532 917 gradus
555 843 602 897 est
624 835 700 897 bene
723 835 882 916 desperare
905 837 1049 919 salutem,

195 922 294 1002 Seque
318 923 409 986 semel
431 943 501 985 vera
525 926 602 985 scire
625 927 739 1004 perisse
763 923 840 985 lide.

100 1010 288 1073 accurando
311 1013 378 1073 fieri
401 1012 544 1092 quaedam
568 1015 679 1073 maiora
702 1012 836 1074 videmus

195 1099 322 1161 Vulnera
334 1147 344 1182 ,
368 1119 443 1180 quae
466 1101 573 1162 melius
596 1119 657 1162 non
681 1102 813 1180 tetigisse
838 1102 911 1163 luit.

149 1188 249 1250 Mitius
272 1188 322 1250 illo
345 1191 445 1270 perit,
469 1189 567 1251 subita
590 1192 642 1269 qui
665 1192 811 1269 mergitur
833 1190 930 1269 unda,

194 1276 290 1348 Quam
312 1295 365 1339 sua
389 1281 441 1356 qui
463 1278 585 1339 tumidis
608 1277 729 1339 brachia
751 1277 841 1340 lassat
864 1280 964 1357 aquis.

150 1363 211 1424 Cur
233 1382 288 1443 ego
312 1369 437 1444 concepi
461 1366 607 1445 Scythicis
630 1383 678 1427 me
700 1384 789 1445 posse
812 1384 914 1427 carere

99 1463 136 1512 3ο
194 1449 341 1532 Finibus,
365 1460 395 1513 et
418 1463 498 1514 terra
520 1456 711 1533 prosperiore
735 1450 820 1514 frui?

150 1538 210 1600 Cur
233 1539 343 1618 aliquid
367 1539 404 1601 de
427 1559 474 1601 me
498 1543 615 1620 sperari
637 1541 734 1601 lenius
757 1539 924 1620 umquam?

193 1627 237 1687 An
261 1627 380 1689 lortuna
403 1628 476 1689 milri
498 1632 542 1689 sic
564 1647 630 1689 mea
653 1637 723 1690 nota
746 1626 829 1691 luit?

149 1715 305 1793 Torqueor
328 1734 366 1776 en
385 1719 520 1795 gravius.
551 1719 736 1796 repetitaque
755 1718 850 1778 forma
868 1717 1002 1779 locorum
1013 1732 1070 1782 (101)

192 1801 321 1864 Exilium
343 1813 467 1866 renovat
488 1805 574 1865 triste
587 1822 785 1885 ,recensque
809 1806 896 1868 lacit

99 1903 136 1951 35
151 1889 205 1951 Est
228 1897 327 1953 tamen
349 1891 473 1971 utilius,
498 1893 630 1954 studium
654 1910 786 1955 cessasse
809 1912 963 1975 meorum,

194 1978 311 2060 Quam,
334 1999 408 2060 quas
431 1981 601 2062 admoriut,
624 1999 685 2042 non
707 1981 834 2044 valuisse
856 2001 979 2061 preces.

147 2067 252 2145 Magna
275 2069 396 2146 quidem
418 2087 467 2130 res
491 2078 558 2149 est,
582 2087 670 2148 quam
694 2088 753 2132 non
777 2070 914 2152 audetis,
938 2072 1042 2153 amici,

193 2154 252 2216 Sed
276 2157 370 2235 siquis
393 2166 531 2238 peteret,
554 2161 606 2236 qui
630 2158 701 2218 dare
723 2158 834 2239 vellet,
857 2168 937 2221 erat.

147 2244 314 2306 Dummodo
337 2263 397 2307 non
420 2244 506 2307 nobis
529 2245 586 2306 hoc
609 2244 744 2308 Caesaris
767 2249 811 2307 ira
834 2249 966 2328 negarit,

97 2344 134 2393 40
193 2331 325 2395 Fortiter
347 2333 471 2396 Euxinis
494 2336 690 2396 inmoriemur
713 2337 815 2414 aquis.

513 2527 611 2601 VIII.

147 2684 229 2755 Quae
253 2684 307 2747 tibi
319 2733 329 2766 ,
352 2685 552 2767 quaerebam,
576 2704 739 2750 memorem
762 2691 900 2752 testantla
923 2707 1026 2751 curam

190 2772 272 2834 Dona
295 2773 469 2837 Tomitanus
492 2779 609 2838 mittere
632 2785 735 2858 posset
757 2796 845 2858 ager.

146 2861 259 2941 Dignus
283 2881 315 2924 es
338 2872 461 2943 argento
474 2910 483 2943 ,
506 2864 586 2926 lulvo
610 2884 729 2947 quoquc
753 2867 869 2946 dignior
892 2884 983 2930 auro:

191 2949 250 3010 Scd
273 2959 325 3030 te,
348 2970 417 3013 cum
440 2952 553 3034 donas,
576 2956 634 3015 ista
656 2957 757 3017 iuvare
780 2954 893 3017 solent.

115 3035 208 3097 oNec
230 3047 329 3098 tamen
352 3039 425 3100 haec
447 3039 511 3101 loca
535 3050 606 3102 sunt
629 3042 688 3103 ullo
711 3044 842 3121 pretiosa
864 3039 1000 3104 metallo:

191 3123 292 3185 llostis
315 3125 352 3185 ab
375 3126 502 3205 agricola
526 3130 572 3188 vix
597 3130 669 3189 sinit
690 3129 739 3190 illa
762 3128 840 3190 lodi.

146 3210 283 3291 Purpura
306 3231 394 3293 saepe
417 3221 485 3275 tuos
508 3216 625 3294 fulgens
648 3218 794 3295 praetexit
817 3216 960 3279 amictus.

191 3299 249 3362 Sed
273 3320 333 3362 non
357 3300 520 3363 Sarmatico
544 3305 668 3382 tingitur
691 3304 740 3366 illa
764 3305 856 3365 mari.

145 3387 260 3449 Vellera
283 3388 357 3450 dora
380 3389 481 3451 serunt
504 3392 657 3473 pecudes,
680 3402 711 3454 et
733 3390 858 3454 Palladis
881 3394 925 3453 uti

98 3489 130 3537 ιο
188 3479 260 3538 Arte
283 3476 454 3540 Tomitanae
478 3497 538 3539 non
561 3478 691 3542 didicere
715 3499 828 3542 nurus.

145 3565 265 3627 Femina
288 3584 343 3646 pro
367 3567 432 3628 lana
456 3566 579 3629 Cerialia
603 3586 727 3632 munera
750 3570 876 3649 frangit,
