2467 4042
492 444 600 519 'vii

146 587 246 667 Siquis
269 587 361 649 babes
383 588 495 649 nostris
519 584 630 647 similes
653 586 685 647 in
707 587 834 664 imagine
858 586 976 666 vultus,

145 675 237 738 Deme
260 679 335 738 meis
358 674 507 754 hederas,
529 674 674 735 bacchica
696 683 799 755 serta,
826 676 937 736 comis.

145 763 205 826 lsta
228 763 336 826 decent
358 762 451 824 laetos
473 762 570 825 felicia
593 764 676 841 signa
699 769 821 841 poetas:
896 767 899 770 '

146 851 344 932 Temporibus
368 870 428 912 non
451 860 498 913 est
521 857 589 930 apta
612 868 723 911 corona
746 852 837 911 meis.

115 941 209 1002 oliuo
233 940 288 1003 tibi
310 938 487 1021 dissimula,
510 940 588 1000 senti
609 946 710 999 tamen
722 984 732 1016 ,
755 940 888 1018 optime,
911 938 988 1021 dici,

146 1030 180 1090 ln
203 1029 294 1108 digito
318 1030 370 1108 qui
393 1046 441 1089 me
464 1028 586 1105 fersque
609 1027 765 1106 refersque
788 1034 858 1107 tuo,

146 1117 342 1197 Effigiemque
366 1133 461 1178 meam
485 1114 564 1177 iulvo
588 1113 761 1193 complexus
783 1116 815 1176 in
838 1131 910 1175 auro
955 1121 957 1126 '

148 1205 222 1266 Cara
244 1205 389 1285 relegati,
413 1222 489 1284 quae
512 1211 622 1284 potes,
644 1220 696 1263 ora
718 1203 817 1263 vides.

148 1293 230 1364 Quae
253 1295 391 1372 quotiens
415 1300 556 1373 speciae,
579 1290 685 1352 subeat
707 1290 762 1351 tibi
784 1290 884 1351 dicere
907 1291 1008 1353 lorsan

102 1393 136 1443 ιο
150 1377 257 1451 ‘Quam
280 1380 385 1459 procul
408 1399 424 1441 a
447 1379 534 1441 nobis
556 1378 636 1439 Naso
655 1378 763 1440 sodalis
786 1374 898 1440 abestl’

149 1467 239 1529 Grata
260 1475 312 1529 tua
335 1476 381 1529 est
403 1470 520 1546 pietas.
562 1468 613 1528 sed
639 1469 769 1528 carmina
791 1461 885 1527 maior
908 1469 1004 1548 imago

150 1556 227 1618 Sunt
249 1573 337 1636 mea,
361 1574 437 1634 quae
460 1555 566 1616 mando
591 1555 816 1635 qualiacumque
830 1555 937 1638 legas,

150 1644 286 1706 Carmina
310 1652 437 1706 mutatas
459 1644 613 1705 bominum
637 1643 766 1705 dicentia
788 1644 916 1726 formas,
940 1723 941 1726 Ἴ

150 1732 256 1793 lnielix
278 1732 391 1794 domini
414 1732 493 1811 quod
516 1731 585 1811 iuga
607 1733 691 1811 rupit
712 1750 805 1812 opus.

103 1833 135 1882 15
149 1819 230 1882 llaec
253 1838 308 1899 ego
331 1820 509 1901 discedens,
532 1821 612 1882 sicut
633 1820 710 1881 bene
733 1820 826 1881 multa
848 1838 1001 1902 meorum,

151 1908 218 1988 lpse
236 1926 302 1969 mea
324 1910 412 1987 posui
434 1916 565 1970 maestus
587 1909 620 1969 in
643 1910 711 1988 igue
735 1914 841 1971 manu.

150 1996 248 2076 thue
272 2014 419 2059 cremasse
443 2014 531 2058 suum
554 1995 651 2058 fertur
674 1996 730 2058 sub
757 1999 857 2076 stipite
880 2003 982 2059 natum

150 2084 287 2146 Thestias
310 2093 341 2146 et
363 2085 468 2147 melior
490 2091 585 2146 matre
608 2084 701 2146 inisse
725 2102 828 2166 soror,
935 2155 940 2163 ‚

152 2172 201 2235 Sic
224 2191 280 2252 ego
303 2191 363 2235 non
386 2176 510 2235 meritos
533 2190 652 2234 mecum
674 2175 806 2253 peritura
829 2172 943 2234 libellos

102 2274 137 2323 20
160 2260 292 2341 Imposui
313 2261 426 2340 rapidis
448 2262 563 2322 viscera
585 2267 687 2322 nostra
710 2264 808 2339 rogis:
904 2268 906 2271 ⁴

150 2348 203 2410 Vel
228 2348 306 2429 quod
329 2367 411 2411 eram
434 2348 555 2430 Musas,
579 2356 613 2410 ut
636 2351 761 2410 crimina
784 2356 907 2430 nostra,
930 2365 1073 2430 perosus,

151 2436 204 2499 Vel
227 2436 306 2517 quod
330 2436 426 2500 adbuc
449 2455 589 2499 crescens
612 2444 643 2497 et
666 2437 740 2498 rude
764 2454 883 2497 carmen
907 2444 990 2499 erat.

153 2525 235 2598 Quae
250 2527 388 2605 quoniam
402 2544 463 2588 non
477 2533 547 2587 suut
560 2527 681 2604 penitus
696 2524 825 2607 sublata,
840 2524 891 2586 sed
907 2533 1022 2601 extant,
1033 2558 1071 2570 -

152 2613 292 2677 Pluribus
315 2612 458 2695 exemplis
481 2615 593 2694 scripta
615 2614 709 2676 luisse
732 2632 801 2676 reor
823 2646 860 2658 -

103 2714 138 2764 ab
152 2702 238 2765 Nunc
261 2720 392 2786 precor,
414 2711 448 2764 ut
470 2706 569 2764 vivant
592 2710 624 2764 et
645 2719 706 2764 uon
727 2704 832 2782 ignava
854 2701 1001 2781 legentem

153 2791 220 2853 Otia
241 2790 390 2855 delectent
413 2791 649 2872 admoneantque
672 2794 748 2854 mei.

152 2879 215 2941 Nec
237 2887 337 2942 tamen
359 2879 409 2940 illa
430 2879 490 2958 legi
511 2887 654 2960 poterunt
676 2882 824 2960 patienter
846 2878 883 2939 ab
905 2879 984 2960 ullo,

153 2966 274 3028 Nesciet
296 2967 344 3028 his
367 2985 511 3030 summam
535 2969 630 3046 siquis
654 2967 757 3028 abesse
781 2985 920 3029 manum.

154 3053 291 3115 Ablatum
313 3054 419 3115 mediis
442 3072 517 3133 opus
541 3062 588 3116 est
608 3054 768 3115 incudibus
791 3053 882 3135 illud,

105 3154 139 3204 eo
154 3142 255 3203 Defuit
278 3149 308 3202 et
330 3143 450 3221 scriptis
473 3141 576 3202 ultima
598 3140 668 3202 lima
691 3144 783 3202 meis.

153 3230 193 3292 Et
214 3230 331 3291 veniam
353 3247 408 3309 pro
426 3228 513 3290 laude
535 3236 627 3310 peto,
650 3229 786 3291 laudatus
809 3226 945 3309 abunde,

153 3319 219 3382 Non
243 3318 392 3381 fastiditus
415 3320 441 3379 si
463 3317 540 3398 tibi,
562 3317 680 3399 lector,
703 3336 773 3380 ero.

153 3408 216 3470 llos
239 3425 359 3487 quoque
383 3424 436 3468 sex
459 3424 585 3489 versus,
608 3408 640 3467 in
663 3409 752 3487 primi
775 3406 873 3467 ironte
895 3403 988 3466 libelli

154 3496 187 3559 Si
209 3496 436 3578 praeponendos
459 3514 526 3557 esse
548 3494 690 3578 putabis,
712 3494 822 3581 habe:¹

104 3597 139 3648 36
155 3583 248 3648 ‘Orba
271 3595 395 3668 parente
418 3603 473 3647 suo
496 3587 678 3665 quicumque
704 3581 850 3646 volumina
874 3583 987 3663 tangis,
