2467 4042
176 208 220 274 20
327 228 436 263 exarux.
455 226 484 262 ro
522 281 532 296 χ
587 206 767 262 ΜΕΤΑΜΜ.

264 373 398 436 Corneus
419 373 491 436 huic
514 390 624 454 arcus,
648 375 673 434 si
696 391 756 433 non
779 374 858 434 ioret
880 391 990 436 aureus
1012 374 1074 437 illi.

265 461 315 523 Sic
338 480 457 541 quoque
480 459 622 523 saliebat.
649 462 824 523 redeuntem
847 461 922 522 colle
945 461 1059 541 Lycaeo

263 550 324 611 Pan
346 550 427 611 ridet
448 548 525 611 hanc
537 595 547 631 ,
569 551 701 630 pinuque
724 558 815 629 caput
836 552 1027 629 praecinctos
1049 560 1147 612 acuta

198 650 252 700 700
263 638 344 699 Talia
366 637 455 700 verba
477 634 582 702 relert'
605 670 648 684 ·-
671 637 803 699 restabat
824 639 910 700 verba
936 640 1071 719 reterre,

263 727 300 787 Et
323 726 462 805 precibus
485 728 595 806 spretis
615 727 728 804 fugisse
752 744 806 805 per
828 729 892 788 aria
913 727 1096 808 nympham,

264 815 365 876 Donec
386 814 525 876 harenosi
547 814 695 894 placidum
717 813 846 875 Ladonis
867 814 904 875 ad
928 833 1045 878 amnem

263 901 406 964 Venerit.
428 902 477 966 bie
496 901 575 963 illam
598 919 720 964 cursum
743 901 974 982 impedientibus
997 904 1108 985 undis,

262 990 302 1052 Ut
324 1008 356 1051 se
380 999 552 1072 mutarent,
573 989 700 1070 liquidas
722 1008 824 1052 orasse
847 1008 986 1053 sorores:

198 1091 251 1143 705
267 1079 405 1158 Panaque
429 1097 497 1140 cum
520 1097 659 1157 prensam
682 1078 738 1139 sibi
761 1081 819 1139 iam
841 1078 966 1157 Syringa
990 1088 1136 1160 putaret,

263 1167 394 1245 Corpore
408 1185 463 1248 pro
478 1167 623 1246 nymphae
637 1166 764 1228 calamos
777 1170 910 1228 tenuisse
929 1167 1079 1245 palustres
1091 1216 1099 1229 .
1122 1181 1151 1225 r.
1167 1193 1199 1221 x.

263 1255 399 1334 Dumque
422 1255 465 1316 ibi
487 1258 641 1335 suspirat,
663 1265 760 1316 motos
782 1257 813 1315 in
838 1255 1003 1316 harundine
1028 1265 1141 1317 ventos

262 1342 406 1404 Eliecisse
429 1361 535 1404 sonuum
560 1353 680 1404 tenuem
703 1343 889 1420 similemque
913 1346 1073 1424 querenti;

265 1429 350 1509 [Arte
373 1448 449 1492 nora
470 1433 610 1509 vocisque
634 1431 723 1492 deum
745 1431 903 1493 dulcedine
925 1430 1062 1510 captum]

194 1515 347 1582 710“lluc
371 1519 455 1580 mihi*
466 1519 624 1582 concilium
648 1515 758 1581 tecum'
782 1520 892 1581 dixisse
915 1514 1106 1582 ‘manebitl’'

265 1608 361 1685 Atque
384 1609 426 1668 ita
448 1607 616 1686 disparibus
640 1608 759 1668 calamis
782 1610 954 1686 compagine
978 1626 1067 1669 cerae

264 1696 347 1756 lnter
372 1714 404 1756 se
428 1698 538 1757 iunctis
561 1714 669 1756 nomen
693 1698 826 1756 tenuisse
849 1695 980 1774 puellae.

263 1782 343 1843 Talia
367 1783 502 1845 dicturus
524 1783 595 1845 vidit
621 1783 770 1863 Cyllenius
794 1801 898 1844 omnes

264 1871 464 1933 Succubuisse
488 1871 812 1951 uculos'adopertaque
835 1871 945 1933 lumina
968 1890 1094 1934 somno.

198 1972 248 2020 715
264 1959 429 2038 Supprimit
450 1960 598 2038 extemplo
622 1978 747 2038 rocem,
770 1960 926 2038 firmatque
949 1979 1092 2040 soporem

263 2047 413 2126 Languida
436 2049 625 2128 permulcens
648 2048 792 2109 medicata
816 2048 926 2109 lumina
948 2052 1049 2127 virga:

264 2136 325 2197 Nec
350 2154 432 2197 mura
444 2183 455 2218 ,
477 2136 582 2198 ialcato
606 2145 759 2197 nutantem
783 2136 918 2196 vulnerat
940 2154 1013 2197 ense

264 2223 327 2295 Qua
351 2224 427 2285 collo
450 2235 497 2286 est
519 2225 635 2285 contine
658 2233 747 2303 caput
759 2270 770 2304 ,
793 2242 922 2302 saxoque
946 2234 1108 2287 cruentum

263 2311 358 2374 Deicit
381 2321 412 2376 et
434 2312 560 2374 maculat
583 2322 773 2391 praeruptam
798 2314 940 2390 sanguine
965 2331 1091 2391 rupem.

198 2411 250 2461 770
264 2400 363 2481 hrge,
385 2402 484 2461 iaces.
514 2401 652 2480 quodque
676 2404 707 2461 in
730 2409 775 2460 tot
796 2401 905 2462 lumina
924 2399 1025 2462 lumen
1040 2401 1191 2483 habebas,

263 2488 452 2550 Exstinctum
475 2496 543 2569 est,
566 2498 746 2568 centumque
770 2489 873 2550 oculos
886 2507 944 2550 nux
959 2501 1089 2569 occupat
1111 2509 1191 2552 una.

264 2576 382 2655 Excipit
404 2576 459 2637 hos
482 2577 670 2656 volucrisque
695 2594 765 2637 suae
789 2576 928 2637 Saturnia
950 2579 1059 2657 pennis
1109 2591 1190 2635 mr.

264 2664 395 2726 Collocat
417 2674 448 2726 et
469 2668 595 2744 gemmis
619 2661 953 2726 caudam'stcllantibus
976 2665 1099 2745 implet.

264 2752 406 2816 Protinus
429 2757 561 2833 exarsit,
584 2771 640 2816 nec
662 2762 796 2833 tempora
819 2753 934 2815 distulit
955 2756 1036 2835 irae,

198 2855 250 2904 775
265 2842 509 2921 llorrileramque
532 2841 628 2904 oculis
650 2844 808 2920 animoque
830 2841 940 2903 obiecit
962 2841 1077 2922 Erinyn

264 2930 388 2991 Paelicis
411 2931 586 3012 Argolicae,
609 2930 803 3009 stimulosque
826 2932 858 2991 in
881 2939 1002 3009 pectore
1026 2949 1136 2993 caecos

265 3018 424 3100 Condidit,
447 3028 478 3080 et
500 3019 655 3098 profugam
678 3036 733 3098 per
755 3027 851 3079 totum
875 3021 983 3080 terruit
1005 3018 1130 3100 orbem.

263 3106 393 3169 Ultimus
415 3110 550 3169 inmenso
573 3105 707 3168 restabas
719 3154 729 3189 ,
751 3105 839 3188 Nile,
862 3106 973 3168 labori.

265 3194 361 3265 Quem
383 3196 507 3258 simulac
530 3197 651 3277 tetigit,
672 3197 777 3275 positis
795 3197 828 3258 in
850 3197 982 3274 margine
1005 3197 1089 3275 ripae

199 3296 251 3346 tto
263 3282 428 3345 Procubuit
450 3283 598 3365 genibus,
620 3286 822 3362 resupinoque
845 3283 936 3345 ardua
954 3282 1031 3344 collo

266 3371 347 3442 Quos
370 3375 469 3451 potuit
491 3372 593 3453 solus,
614 3370 722 3433 tollens
746 3371 782 3433 ad
804 3371 904 3434 sidera
926 3371 1026 3433 vultus

265 3458 304 3520 Et
325 3463 437 3538 gemitu
460 3468 491 3522 et
512 3461 641 3522 lacrimis
664 3468 696 3521 et
718 3459 866 3521 luctisono
887 3462 1003 3538 mugitu

265 3547 340 3608 (lum
361 3547 430 3607 lore
453 3551 515 3609 risa
532 3551 619 3627 queri
641 3555 688 3609 est
709 3548 859 3627 finemque
881 3565 969 3609 orare
990 3547 1154 3612 malorum.
