2467 4042
174 224 219 289 50
243 250 246 259 ¹
340 243 458 280 sermon
589 223 769 279 ΜΕΤΔΜΜ.

198 402 250 453 tto
263 389 391 473 Addita,
413 408 525 470 rosque
548 407 637 453 canes
660 393 782 454 satiatae
805 395 948 472 sauguine
972 392 1061 455 erili.

263 479 301 540 ht
322 477 399 540 bene
418 481 444 540 si
467 496 614 563 quaeras,
637 480 773 542 iortunae
797 483 911 543 crimen
933 483 965 543 in
988 481 1063 563 illo,

263 566 329 628 Non
343 566 441 629 scelus
454 569 587 629 invenies
602 614 609 629 .
633 567 713 647 quod
727 571 805 631 euim
821 569 919 631 scelus
933 587 1019 631 errcr
1034 565 1188 631 habebat?

264 655 349 716 llons
372 664 437 717 erat
457 656 587 718 iniectus
609 659 757 719 variarum
780 658 869 719 caede
893 659 1046 739 letarum,

263 744 382 823 lamque
405 744 470 805 dies
492 744 607 806 medius
630 763 732 807 rerum
755 754 944 808 contraxerat
966 746 1096 808 umbras

194 831 298 893 ttulit
321 832 366 893 sol
389 851 425 894 ex
448 850 543 912 aequo
566 840 645 894 meta
668 833 796 895 distabat
816 842 963 914 utraque:

264 921 337 983 Cum
360 923 475 982 iurenls
497 920 611 1002 placido
634 940 689 1002 per
712 922 795 983 deria
817 921 911 985 lustra
929 930 1076 1002 vagantes

262 1010 425 1089 Participes
448 1027 572 1090 operum
595 1009 751 1090 compellat
773 1008 917 1091 llyahtius
940 1028 1011 1072 ore:

264 1093 348 1159 ‘Lina
369 1098 511 1179 madent,
533 1099 684 1181 comites,
706 1100 880 1178 ferrumque
903 1116 1011 1160 cruore
1035 1099 1189 1174 serarum,
1233 1161 1234 1168 ,

262 1186 482 1265 Fortunamque
505 1185 569 1247 dies
591 1185 696 1248 habult
717 1189 810 1248 sads.
837 1187 929 1249 altera
952 1187 1052 1250 lucem

198 1284 248 1336 150
263 1273 339 1337 Cum
361 1277 474 1336 croceis
496 1276 613 1336 inrecta
635 1277 710 1336 rotis
732 1275 846 1336 Aurora
869 1275 1011 1358 reducet,

262 1363 453 1443 Propositum
476 1371 647 1443 repetemus
670 1381 767 1443 opus.
790 1382 870 1425 nunc
892 1363 1031 1427 Phoebus
1060 1373 1187 1443 utraque
1222 1373 1230 1426 t

262 1451 357 1513 Distat
379 1451 458 1512 idem
480 1460 585 1535 creta,
607 1452 751 1532 finditque
774 1450 932 1532 vaporibus
951 1470 1036 1515 arra.
1224 1447 1227 1456 '

264 1539 365 1602 Sistite
390 1557 464 1620 opus
487 1557 646 1621 praesens,
669 1538 840 1620 nodosaque
862 1539 957 1602 tollite
979 1539 1074 1604 lina?

262 1628 345 1690 lussa
367 1630 424 1689 riri
445 1628 558 1691 iaciunt
580 1629 841 1709 intermittuntque
864 1627 1013 1691 laborem.

198 1725 248 1776 tot
262 1715 351 1778 Vallis
374 1724 438 1778 erat
459 1718 552 1795 piceis
574 1725 606 1779 et
629 1725 715 1779 acuta
737 1716 828 1779 densa
851 1735 1016 1800 cupressu,

262 1804 387 1867 Nomine
410 1804 595 1887 Gargaphie,
618 1807 787 1867 succinctae
810 1822 894 1867 sacra
916 1805 1043 1888 Dianae,

262 1892 354 1955 Curius
375 1895 407 1954 in
430 1901 562 1955 extremo
586 1902 633 1955 est
654 1902 773 1955 antrum
794 1893 944 1955 nemorale
967 1912 1111 1974 recessu,

262 1982 333 2044 Arte
356 1981 520 2043 laboratum
543 1980 645 2044 nulla:
667 1981 856 2043 simulaverat
878 1990 972 2043 artem

262 2070 385 2150 Ingenio
407 2077 513 2132 natura
535 2088 612 2151 suo;
636 2088 703 2132 nam
725 2072 843 2150 pumice
865 2071 931 2131 vivo

197 2171 248 2221 teo
261 2157 300 2221 lit
322 2158 436 2220 levibus
458 2159 525 2220 tells
548 2161 679 2220 nativum
703 2158 827 2220 duxerat
849 2175 969 2221 arcum.

261 2247 340 2309 Pons
363 2255 447 2308 sonat
469 2264 486 2307 a
509 2246 612 2309 dextra
634 2248 718 2308 tenui
739 2245 912 2326 perlucidus
934 2246 1030 2330 tanda,

261 2335 392 2416 Margine
414 2336 565 2415 memineo
587 2335 704 2414 patulos
727 2336 875 2396 incinctus
897 2334 1014 2397 hiatus.

262 2423 318 2486 llic
340 2425 395 2486 dea
418 2423 557 2485 silvarum
579 2431 687 2485 venatu
706 2424 788 2504 ,fessa
811 2422 925 2484 solebat

260 2511 415 2592 Virgineus
437 2517 520 2573 artus
542 2511 655 2592 liquido
677 2510 858 2592 pertundere
881 2528 968 2574 rore.

197 2611 247 2663 tce
262 2601 327 2674 Quo
350 2608 506 2680 postquam
529 2598 643 2682 subiit,
666 2599 861 2681 nympharum
883 2599 1004 2662 tradidit
1027 2602 1080 2663 uni

261 2690 429 2769 Armigerae
452 2688 582 2751 iaculum
604 2688 833 2768 pharetramque
860 2706 1007 2769 arcusque
1030 2697 1173 2764 nuncu

262 2777 360 2840 Altera
383 2777 534 2857 depositae
557 2777 685 2839 subiecit
706 2775 844 2839 bracchia
866 2775 976 2859 pallae3

261 2866 361 2928 Vincla
384 2866 458 2928 duae
480 2864 606 2944 pedibus
629 2865 773 2928 demunt.
800 2883 868 2927 nam
891 2866 1006 2928 doctior
1027 2866 1086 2929 illis

261 2955 385 3016 lsmeuis
409 2952 530 3015 Crocale
553 2972 673 3034 sparsos
687 2971 751 3034 per
773 2953 847 3015 colla
869 2953 989 3035 capillos
1217 3001 1222 3039 ³

197 3054 248 3105 rto
264 3042 380 3122 Colligit
402 3046 433 3103 iu
456 3042 588 3104 nodum.
617 3041 765 3122 [quamvis
787 3050 852 3103 erat
872 3044 935 3121 ipsa
958 3042 1063 3105 solutis
1076 3042 1099 3122 .]
1217 3087 1225 3104 „

261 3130 420 3210 Excipiunt
440 3131 557 3191 laticem
580 3130 771 3211 Nepheleque
794 3128 944 3210 Hyaleque
965 3131 1134 3212 Rhanisque
1219 3185 1233 3233 Q

261 3218 299 3280 Et
320 3219 428 3279 Psecas
451 3226 482 3280 et
503 3218 626 3301 Phiale,
648 3219 836 3298 funduntque
859 3211 1015 3299 capacibus
1037 3223 1136 3281 urnis.
1216 3279 1233 3302 μ

262 3306 397 3385 Dumque
420 3306 462 3368 ibi
484 3307 633 3386 perluitur
655 3307 740 3369 solita
762 3307 878 3368 Titania
900 3306 1034 3389 lympha,

261 3395 339 3457 Ecce
363 3413 456 3475 nepos
479 3394 580 3456 Cadmi
602 3394 691 3457 dilata
713 3403 798 3476 parte
819 3394 955 3457 laborum

200 3495 247 3546 tto
262 3483 321 3545 Per
339 3502 444 3566 qemus
467 3486 602 3564 ignotum
623 3501 684 3545 non
707 3486 797 3545 certis
815 3483 951 3563 passibus
974 3503 1079 3547 errans

262 3571 401 3633 Pervenit
422 3574 454 3633 in
477 3572 600 3634 lucum:
623 3574 666 3634 slc
689 3571 771 3634 illum
791 3571 848 3632 iata
871 3572 1020 3635 ierebaut.
