2467 4042
156 234 219 300 314
307 253 478 290 erraneam
571 236 752 297 ΜΕΤΑΜΜ.

242 399 292 462 Vis
315 402 378 462 lere
400 409 579 483 ventorum,
602 403 698 462 caecis
721 401 835 464 inclusa
858 404 1009 484 cavernis,

178 501 229 551 800
243 488 403 569 Exspirare
427 488 524 569 aliqua
546 491 693 570 cupiens,
715 489 886 570 luctataque
909 491 1021 552 irustra

243 577 396 638 Liberiora
419 579 480 638 irui
502 577 604 659 caelo,
628 596 696 638 cum
719 596 840 640 carcere
863 582 937 638 rima

243 666 328 727 Nulla
351 667 429 727 iuret
451 673 513 727 toto
536 683 592 727 nee
615 668 715 745 pervia
737 665 856 727 iletibus
880 676 978 748 esset,

242 754 399 815 Extentam
422 754 576 815 tumefecit
598 754 722 815 humum
734 802 743 835 ,
762 772 817 815 een
841 758 965 834 spiritus
987 758 1048 817 orla

243 842 380 903 Tendere
402 844 531 904 vesicam
554 841 631 904 solet
652 852 703 904 aut
725 843 840 922 direpta
864 842 995 904 bicornis

178 941 228 991 aot
243 930 340 1011 Terga
363 932 466 1010 capri.
494 939 594 991 tumor
615 930 666 991 ille
688 930 746 991 loci
769 934 953 1013 permansit,
976 930 1077 993 etalii

244 1018 332 1080 Collis
354 1017 444 1080 hahet
465 1021 595 1097 speciem
607 1066 617 1099 ,
641 1019 789 1097 longoque
812 1020 946 1080 induruit
968 1038 1056 1080 aero.

242 1107 374 1168 Plurima
396 1123 466 1168 eum
483 1105 610 1167 subeant
632 1107 731 1168 audita
754 1116 786 1168 et
807 1111 925 1187 cognita
948 1108 1051 1187 nobis,

243 1196 340 1256 Pauca
362 1212 454 1273 snper
476 1196 626 1256 releram.
654 1192 756 1274 qnid?
779 1213 838 1256 oon
861 1207 893 1256 et
914 1196 1030 1274 lympha
1055 1196 1166 1274 ligures

243 1283 357 1362 Datque
372 1285 509 1363 capitque
523 1279 645 1344 novas?
663 1283 759 1344 medio
778 1294 851 1363 tna,
869 1287 1007 1361 corniger
1020 1287 1166 1368 Ammon,

178 1381 229 1431 810
243 1371 327 1432 Unda
349 1371 397 1432 die
419 1370 516 1450 gelida
539 1379 606 1451 est,
629 1381 758 1451 ortuque
781 1371 923 1449 obituque
946 1372 1083 1434 calescit.

244 1459 377 1521 Admotis
399 1459 575 1520 Athamanas
598 1462 683 1538 aquis
706 1460 869 1520 accendere
892 1460 1004 1538 lignum

243 1547 410 1629 Narratur,
433 1551 569 1608 minimos
593 1565 662 1609 cum
684 1548 753 1610 luna
777 1551 901 1609 recessit
923 1551 954 1607 in
977 1548 1082 1609 orbes.

242 1635 367 1698 Flumen
389 1636 509 1696 hahent·
521 1635 668 1717 Cicones,
692 1637 771 1715 quod
794 1647 897 1716 potum
920 1654 1007 1696 saxea
1029 1635 1129 1698 reddit

242 1723 362 1786 Viscera
374 1772 383 1807 ,
407 1724 486 1804 quod
509 1728 597 1785 tactis
618 1724 734 1785 inducit
757 1742 903 1785 marmora
926 1724 1032 1785 rebus.

177 1823 227 1872 ate
243 1812 361 1874 Crathis
383 1820 414 1874 et
436 1812 506 1873 hinc
529 1812 649 1892 Sybaris
672 1815 784 1873 nostris
805 1814 1010 1873 conterminus
1031 1814 1109 1875 arvis
1211 1850 1217 1873 0

243 1900 363 1962 Electra
386 1900 497 1962 similes
520 1902 633 1961 iaciunt
655 1918 787 1979 auroque
811 1900 948 1979 capillos.

243 1989 388 2068 Quodque
406 1991 499 2068 magis
513 1991 622 2049 mirum
635 2036 644 2069 ,
663 1999 733 2051 sunt
751 1992 802 2067 qui
817 2007 876 2048 non
890 2006 1016 2067 corpora
1029 1998 1144 2051 tantum
1152 2038 1162 2069 ,

242 2077 352 2139 Verum
375 2079 488 2139 animos
511 2080 600 2139 etiam
623 2077 738 2138 valeant
760 2087 875 2137 mutare
899 2076 1047 2155 liquores.

244 2166 299 2227 Cui
322 2183 381 2226 non
405 2166 503 2227 andita
527 2174 573 2227 est
595 2165 741 2226 obscenae
765 2165 905 2225 Salmacis
929 2165 1025 2225 undae

178 2264 229 2314 tto
243 2253 464 2334 Aethiopesque
486 2250 600 2314 lacus?
622 2271 697 2333 quos
725 2256 860 2332 quisquis
889 2254 1023 2314 laoeibas
1046 2253 1161 2336 hausit,

242 2344 302 2404 aut
324 2344 398 2404 iurit
410 2389 420 2424 ,
442 2350 494 2404 aut
515 2344 627 2422 patitur
650 2345 758 2403 miram
781 2344 922 2421 gravitate
945 2359 1099 2421 soporem.

243 2430 365 2492 Clitorio
389 2433 568 2510 quicumque
592 2432 672 2491 sitim
695 2430 732 2492 de
754 2431 837 2491 fonte
860 2431 980 2509 levarit,

241 2518 315 2580 Vina
337 2520 413 2599 sugit
425 2566 434 2601 ,
456 2519 624 2600 gaudetque
648 2522 738 2579 meris
761 2518 922 2579 abstemius
946 2518 1051 2581 undis:

151 2604 155 2611 ’
245 2606 305 2669 Seu
327 2610 372 2668 ris
395 2615 442 2668 est
462 2611 494 2669 in
518 2624 593 2686 aqua
615 2606 710 2667 calido
729 2609 876 2668 contraria
900 2610 985 2686 vino,

177 2694 336 2777 sensive,
360 2694 439 2774 quod
462 2696 617 2774 indigenae
640 2703 827 2776 memorant,
849 2696 1030 2774 Amythaone
1056 2704 1161 2776 uatus,

242 2782 397 2843 Proetidas
420 2787 558 2846 attonitas
580 2792 738 2863 postquam
761 2801 815 2863 per
837 2801 957 2844 carmen
979 2792 1010 2844 et
1032 2783 1140 2844 herbas

242 2870 360 2950 Eripuit
377 2872 464 2933 iuriis
475 2920 485 2954 ,
507 2874 681 2952 purgamina
705 2874 813 2932 mentis
835 2874 866 2931 in
889 2872 953 2932 illas
1046 2884 1068 2926 1.
1082 2886 1161 2925 ουτω.

242 2958 322 3019 Misit
343 2978 456 3042 aquas,
479 2960 639 3039 odiumque
663 2963 738 3020 meri
760 2962 922 3040 permansit
944 2962 974 3020 in
997 2959 1103 3022 undis.

241 3047 319 3108 llnic
341 3048 408 3109 lluit
429 3049 537 3110 ellectu
561 3047 662 3127 dispar
684 3047 858 3127 Lyncestius
881 3050 993 3129 amnis,

175 3145 228 3196 830
242 3135 338 3208 Quem
363 3133 542 3216 qnieuumm
565 3154 671 3215 parum
694 3136 846 3197 moderato
869 3146 991 3216 gutture
1010 3140 1117 3217 traxit,

242 3223 326 3285 Hand
350 3224 435 3286 aliter
457 3225 586 3305 titubat,
610 3242 699 3302 quam
722 3227 748 3285 si
770 3242 852 3285 mara
873 3226 940 3284 rina
964 3224 1104 3286 bibisset.

241 3311 296 3373 Est
317 3312 399 3373 lacos
422 3313 586 3394 Arcadiae,
608 3312 763 3374 Blrenenm
785 3311 888 3373 dixere
911 3315 1046 3394 priores,

241 3399 394 3479 ambiguis
417 3412 574 3481 suspectus
598 3403 683 3481 aquis
695 3449 705 3483 ,
727 3418 801 3479 quas
824 3410 911 3461 nocte
935 3403 1055 3465 timetoa

241 3485 334 3548 Nocte
358 3497 467 3550 nocent
488 3499 597 3569 potae,
622 3491 686 3550 sine
711 3506 786 3551 noxa
809 3488 875 3550 luca
900 3488 1060 3551 bibuntur.

175 3584 227 3635 att
242 3574 291 3637 Sic
315 3574 385 3636 alias
409 3576 539 3655 aliasque
561 3576 643 3638 lacus
667 3587 698 3640 et
719 3578 840 3639 llumina
864 3580 943 3638 vires
