2467 4042
419 172 464 243 11,
481 177 639 229 209-282.
749 191 888 229 smarnos
992 173 1034 237 29

119 340 232 420 Quique
256 343 420 403 recurvatis
442 339 519 402 ludit
540 338 717 403 Maeandros
739 342 771 401 in
794 339 900 421 undis,

118 431 348 511 Mygdoniusque
371 428 462 491 blelas
484 438 516 491 et
537 428 701 491 Taenarius
723 427 869 491 Eurotas.

118 521 195 579 lusit
216 527 248 580 et
270 518 438 599 Euphrates
460 516 661 599 Babylonius,
683 520 758 579 arsit
780 517 927 600 Orontes,

117 607 363 687 Thermodonque
377 610 475 688 citus,
489 606 683 688 Gangesque,
695 615 727 668 et
739 606 862 688 Phasis,
875 616 906 668 et
920 606 1034 667 llister.

64 697 237 757 antestant
259 695 413 777 Alpheus,
434 698 517 776 ripae
536 694 734 775 Spercheides
758 695 880 757 ardent:

118 784 260 864 Quodque
275 803 331 846 suo
345 783 444 864 Tagus
458 802 544 846 amne
558 784 662 863 vehit,
679 784 747 845 lluit
759 783 900 865 quibus,
919 800 1038 846 aurum:

118 872 153 934 lit
174 891 251 951 quae
274 873 424 934 Maeonias
446 872 633 935 celebrarant
655 874 786 934 carmine
809 875 889 952 ripas

119 960 286 1023 Flumineus
309 961 447 1023 volucres
459 1010 469 1044 ,
491 962 590 1023 medio
612 960 732 1023 caluam
755 960 896 1040 Caystro.

119 1048 198 1111 Nilus
221 1053 254 1111 in
276 1058 445 1112 extremum
467 1051 544 1130 lugit
565 1052 746 1130 perterritus
768 1049 872 1111 orbem

68 1137 313 1218 atnhcculuitque
335 1147 448 1220 caput,
469 1139 550 1219 quod
577 1138 674 1200 adbuc
700 1138 793 1200 latet.
822 1141 898 1199 ostia
924 1146 1038 1218 septem

121 1226 325 1289 Prrlverulenta
347 1236 453 1289 vacant
465 1276 475 1310 ,
498 1236 614 1307 septem
636 1230 701 1289 sine
724 1227 846 1288 flumine
868 1226 978 1289 valles.

121 1314 189 1375 Fors
211 1316 317 1377 eadem
338 1315 478 1377 lsmarios
501 1315 635 1378 llebrum
658 1334 728 1378 cum
751 1316 908 1395 Strymone
931 1318 1040 1396 siccat,

122 1402 336 1484 Hesperiosque
346 1404 1040 1486 amnes,Rhenumlihodanumquel'adumque,

123 1491 230 1571 Cuique
255 1494 313 1554 luit
335 1511 439 1555 rernm
460 1496 607 1574 promissa
629 1496 785 1574 potentia,
807 1491 960 1573 Thybrin.

76 1578 230 1642 uobnsiiit
252 1599 340 1643 omne
362 1582 461 1646 solum
473 1630 484 1664 ,
505 1591 702 1662 penetratque
724 1585 757 1643 in
775 1581 899 1642 Tartara
921 1581 1005 1641 rinds
1072 1581 1075 1586 ’

125 1667 229 1731 lumen
253 1678 284 1731 et
306 1671 457 1732 infernum
480 1679 576 1733 terret
598 1690 668 1733 cum
690 1673 816 1750 coniuge
838 1686 957 1749 regem.

125 1756 158 1817 Et
177 1776 257 1819 mare
279 1759 469 1820 contrabitur
481 1807 491 1841 ,
514 1762 670 1840 siccaeque
698 1767 746 1820 est
768 1776 890 1838 campus
913 1759 1040 1819 harenae

127 1845 202 1916 Quod
215 1846 304 1908 modo
317 1856 429 1927 pontus
443 1857 526 1929 erat3
540 1866 675 1928 quosque
685 1848 778 1909 altum
787 1855 903 1909 texerat
912 1863 1041 1929 aequor,

127 1932 273 1997 Exsistunt
295 1944 413 1997 montes
431 1945 464 1997 et
485 1955 603 2017 sparsas
627 1937 767 2017 Cycladas
790 1944 917 2016 augent.

83 2020 179 2082 ssim
199 2033 307 2104 petunt
327 2026 449 2106 pisces,
471 2044 528 2087 nec
550 2044 583 2087 se
606 2044 698 2105 super
720 2043 850 2105 aequora
872 2026 957 2086 curvi

129 2108 234 2174 Tollere
256 2123 416 2174 consuetas
439 2113 550 2175 audent
572 2113 726 2194 delphines
749 2117 781 2175 in
804 2131 906 2174 auras.

132 2197 248 2280 Corpora
270 2201 435 2281 phocarum
457 2220 573 2265 summo
597 2205 738 2282 resupina
759 2201 909 2282 profundo

132 2285 297 2350 Exanimata'
312 2298 436 2352 natant.
463 2294 562 2371 ipsum
586 2309 705 2370 quoque
729 2290 825 2352 Nerea
847 2291 924 2351 lama
947 2295 994 2349 est

134 2373 286 2457 lloridaque
309 2387 342 2440 et
363 2388 447 2441 natas
469 2379 578 2459 tepidis
601 2379 723 2441 latuisse
747 2378 804 2439 sub
826 2381 937 2441 antris.

90 2461 182 2524 noser
203 2466 358 2547 Neptunus
380 2470 465 2547 aquis
488 2486 557 2530 cum
579 2475 666 2528 torro
688 2466 826 2528 bracchia
847 2465 931 2527 vrrltu

134 2549 265 2616 inserere
287 2573 381 2617 ausus
403 2565 489 2639 erat3
512 2564 559 2617 ter
582 2574 643 2617 non
665 2556 735 2617 tulit
756 2557 833 2616 aeris
856 2557 958 2633 ignes.

135 2639 204 2703 lina
223 2652 322 2706 tamen
345 2642 469 2726 Tellus,
492 2642 540 2722 [ut
563 2653 629 2705 erat
650 2644 831 2706 circumdata
852 2650 964 2722 ponto,

135 2725 204 2792 luter
222 2749 314 2812 aquas
335 2733 431 2813 pelagi
453 2742 624 2795 contractos
646 2733 779 2812 undique
800 2732 917 2812 lentes,

138 2815 182 2886 Qui
202 2838 233 2882 se
254 2821 450 2883 condiderant
471 2823 503 2883 in
526 2839 635 2906 opacae
658 2823 772 2882 viscera
789 2822 911 2899 matris,

97 2906 129 2959 ili
139 2903 248 2971 Sustulit
269 2909 443 2991 oppressos]
467 2909 543 2972 collo
566 2918 655 2971 tenus
678 2909 760 2971 arida
781 2910 899 2984 vultus,

139 2991 325 3078 opposuitque
347 3016 467 3059 manum
490 3000 606 3079 fronti,
627 3016 794 3078 magnoque
816 3007 949 3058 tremore

140 3079 225 3147 inuia
246 3090 423 3149 concutiens
446 3087 567 3167 paulum
590 3087 726 3148 subsedit
748 3095 780 3148 et
801 3087 879 3147 inira

141 3167 215 3239 iram
236 3175 313 3236 solet
335 3193 425 3257 esse,
447 3177 526 3256 luit3
549 3193 694 3255 sacraque
716 3177 758 3236 ita
771 3192 843 3236 voce
858 3173 956 3234 locuta
980 3180 1043 3234 est:

141 3251 147 3279 ‘
164 3262 275 3341 iplacet
287 3263 367 3345 hoe,
384 3267 563 3345 meruique,
581 3265 654 3343 quid
673 3274 756 3327 otua
771 3262 894 3324 lulmiua
908 3270 1043 3341 cessant,

102 3343 241 3414 2illumne
263 3349 384 3414 deum?
405 3352 493 3414 liceat
514 3356 666 3433 periturae
689 3352 804 3414 viribus
826 3353 904 3430 iguis

141 3431 193 3513 lunc
212 3443 311 3520 perire
334 3449 410 3520 tuo,
432 3440 605 3521 clademque
628 3451 751 3504 auctore
773 3440 888 3502 levare.

142 3518 180 3586 lix
197 3529 334 3609 equidem
357 3531 465 3591 lauces.
482 3530 556 3591 baec
578 3533 644 3611 ipsa
665 3533 697 3591 in
718 3527 809 3591 verba
831 3522 959 3589 resolro’
983 3557 1025 3571 -·
