2467 4042
142 190 207 256 276
323 208 445 248 emon
555 190 734 247 METAMM.

230 357 324 419 Enixa
347 367 394 421 est
406 405 416 440 ,
438 375 513 436 quae
536 375 603 418 sum
625 356 714 418 turba
736 376 855 438 quoque
878 368 943 421 tuta
965 376 1132 443 sororum,

230 445 297 507 Non
319 449 377 507 nisi
399 465 453 527 per
475 446 575 507 luctus
596 445 682 507 licuit
704 445 838 527 Cyclopis
861 466 993 509 amorem

165 544 217 595 tto
230 529 381 614 Effugere'
404 542 435 596 et
455 534 593 595 lacrimae
615 551 720 596 vocem
741 535 903 616 impediere
926 534 1101 616 loquentis.

231 622 310 695 Quas
332 621 386 684 uhi
407 640 574 683 marmoreo
597 621 724 684 detersit
744 622 851 703 pollice
873 626 975 705 virgo,

230 709 269 772 Et
292 710 384 772 solata
406 711 492 772 deam
515 718 582 792 est,
605 706 719 792 ‘reler,
742 729 760 770 o
783 713 934 773 carissima
947 709 968 794 ,²
992 713 1071 774 dixit

231 795 322 860 ‘Neve
344 802 390 860 tui
412 816 531 860 causam
552 806 620 878 tege
639 832 683 843 -
706 817 773 860 sum
794 798 850 862 tibi
872 800 931 861 tide
949 834 992 845 -
1012 801 1150 863 doloris.

230 887 336 949 Nereis
357 887 405 948 his
428 894 532 949 contra
553 895 692 948 resecuta
715 885 868 949 Crataeide
891 896 992 950 natam
1016 899 1084 952 est:

165 985 218 1038 too
231 972 310 1037 ‘leis
334 984 399 1037 erat
420 974 521 1036 Fauno
544 974 731 1055 nymphaque
755 975 944 1056 Symaethide
967 985 1094 1061 cretus,

230 1064 333 1144 Magna
356 1063 477 1143 quidem
497 1065 651 1143 patrisque
674 1066 722 1125 sni
743 1067 907 1144 matrisque
928 1064 1088 1147 voluptas,

230 1152 337 1213 Nostra
360 1161 458 1213 umen
481 1154 596 1213 maior.
624 1170 692 1213 nam
714 1171 763 1213 me
785 1151 843 1213 sibi
863 1155 1004 1215 iunxerat
1025 1156 1101 1218 uni.

230 1239 358 1302 Pulcher
381 1248 412 1301 et
434 1242 549 1302 octonis
571 1242 682 1301 iterum
704 1240 851 1302 natalibus
873 1243 949 1302 actis

231 1327 369 1408 Signarat
390 1327 480 1389 dubia
502 1336 621 1390 teneras
644 1327 782 1408 lanugine
804 1329 912 1391 malas.

164 1416 316 1479 totlluno
339 1435 417 1498 ego,
439 1434 486 1477 me
511 1415 635 1496 Cyclops
658 1416 738 1477 nulla
761 1435 830 1478 cnm
851 1418 911 1479 tine
932 1417 1076 1498 petebat:

229 1504 313 1587 Nec,
337 1508 363 1567 si
385 1507 572 1587 quaesieris,
593 1504 695 1566 odium
718 1504 875 1586 Cyclopis,
897 1524 1021 1568 amorne

230 1594 330 1656 Acidis
351 1596 383 1655 ln
406 1592 492 1654 nobis
514 1594 606 1655 fuerit
627 1595 836 1675 praesentior,
859 1593 962 1656 edam:

230 1682 288 1744 Par
310 1690 471 1761 utrumque
495 1681 572 1743 snit.
599 1699 656 1762 pro
668 1729 678 1763 ,
700 1690 809 1761 quanta
831 1685 965 1763 potentia
987 1685 1075 1764 regni

230 1771 307 1853 Est,
328 1769 428 1832 Venus
447 1769 544 1851 elom,
566 1768 633 1831 tui!
656 1788 764 1850 nempe
785 1769 835 1831 ille
857 1773 972 1832 inmitis
994 1780 1026 1832 et
1049 1774 1125 1851 ipsis

165 1859 405 1923 teollorrendns
428 1858 509 1920 silvis
532 1866 563 1919 et
584 1860 667 1920 visus
689 1857 726 1919 eh
749 1858 865 1939 hospite
888 1857 970 1920 nullo

230 1949 367 2029 lnpnne,
389 1954 421 2009 et
442 1949 541 2027 magni
562 1964 632 2008 cum
654 1946 701 2007 dis
723 1954 910 2027 contemptor
933 1946 1070 2030 Olympi,

231 2036 308 2109 Quid
331 2039 371 2098 sit
393 2054 475 2098 amor
487 2084 497 2119 ,
520 2037 633 2117 sentit,
654 2034 808 2115 validaque
830 2034 972 2115 cupidine
994 2044 1102 2123 captus

229 2125 355 2207 Uritur,
378 2124 487 2186 ohlitns
509 2141 653 2205 pecorum
675 2132 889 2204 antrorumque
912 2141 1056 2185 snorum.

229 2214 349 2294 lamque
372 2212 427 2275 tibi
449 2214 561 2273 termae
573 2260 584 2294 ,
606 2213 724 2292 iamque
746 2220 795 2274 est
820 2210 875 2273 tibi
904 2215 977 2274 cura
998 2213 1137 2292 placendi

164 2313 216 2364 tto
230 2302 291 2364 lam
313 2301 425 2382 rigidos
447 2303 542 2381 pectis
564 2302 671 2362 rastris
682 2348 692 2382 ,
713 2298 915 2381 Polypheme,
938 2301 1079 2383 capillos3

229 2391 291 2452 lam
312 2390 385 2452 llbet
407 2389 553 2451 hirsutam
575 2388 631 2450 tihi
652 2388 726 2450 laice
748 2388 884 2450 recidere
906 2387 1048 2471 barbam,

229 2479 268 2540 Et
290 2487 425 2559 spectare
449 2478 529 2540 leros
550 2480 583 2539 in
605 2495 682 2557 aqua
704 2485 736 2538 et
757 2494 937 2557 componere
958 2476 1078 2541 veritus.

230 2567 335 2629 Caedis
358 2582 441 2628 amor
462 2566 623 2645 feritasque
647 2568 772 2645 sitisque
794 2568 929 2627 inmensa
951 2569 1070 2628 cruoris

230 2655 355 2717 Cessant
367 2702 377 2736 ,
398 2662 430 2717 et
452 2662 534 2716 tntae
556 2656 739 2733 veniuntque
762 2652 931 2733 abeuntque
955 2656 1091 2716 carinae.

164 2754 216 2808 tto
229 2743 368 2805 Telemus
389 2746 504 2805 interea
527 2741 658 2804 Siculam
680 2742 795 2803 delatus
818 2742 854 2803 ad
876 2742 1011 2824 Aetnen,

229 2832 368 2894 Telemus
390 2831 589 2912 Eurymides,
613 2849 702 2911 quem
725 2830 805 2893 nulla
827 2830 973 2893 lelellerat
995 2832 1075 2914 ales,

229 2919 406 2983 'l'errihilem
427 2918 629 3000 Polyphemon
652 2919 734 3000 adit,
757 2914 893 2980 “lumen'
916 2937 975 3000 que
987 2967 998 3001 ,
1021 2915 1111 3000 ‘quod

1058 3028 1147 3071 nnum

229 3098 340 3160 Fronte
364 3100 445 3179 geris
467 3098 586 3179 media,
608 3100 705 3178 rapiet
726 3092 793 3158 tihi'
816 3097 890 3158 dixit
914 3092 1068 3158 ‘Ulixes'’

229 3187 306 3248 Risit
329 3195 360 3250 et
382 3183 423 3247 “o
446 3196 545 3248 vatum
568 3186 781 3268 stolidissime,
803 3185 914 3247 lelleris
927 3181 948 3267 ,’
970 3188 1069 3265 inquit

163 3286 216 3337 tto
231 3272 342 3337 ‘Altera
364 3278 423 3337 lam
446 3278 545 3355 rapuit
558 3269 590 3335 .''
619 3277 662 3336 sio
685 3275 797 3335 trustra
819 3292 889 3335 vera
910 3282 1083 3337 monentem

230 3363 374 3446 Spernit,
397 3372 427 3426 et
449 3370 501 3425 ant
523 3363 661 3443 grediens
683 3364 798 3443 ingenti
819 3362 906 3424 litora
928 3380 1019 3443 passu

229 3451 395 3533 liegravat,
418 3460 469 3514 aut
491 3453 588 3512 lessus
611 3450 668 3513 sub
687 3468 777 3531 opaea
800 3454 961 3512 revertitur
984 3460 1085 3515 antra.

111 3593 117 3601 .
229 3538 383 3601 Prominet
404 3542 436 3601 in
458 3548 583 3620 pontum
605 3548 750 3600 cuneatus
773 3542 908 3601 acumine
931 3539 1019 3619 longo

1151 796 1165 827 5
