2467 4042
31 3 1206 51 1-—

408 268 440 318 ν.
460 268 656 319 xre-v1.4e.
756 341 761 353 ’
969 265 1034 330 333

120 429 195 490 Ecce
219 428 289 491 deas
313 429 393 490 vidi:
425 448 484 490 non
508 448 582 508 quas
605 439 781 509 praeceptor
804 430 905 491 arandi

54 572 55 577 ,
164 517 303 597 Viderat,
326 518 468 578 Ascraeas
492 536 559 578 cum
583 526 761 597 sequeretur
784 537 872 599 oves3

74 617 109 667 15,
120 605 180 666 Nec
204 624 277 685 quas
300 605 462 667 Priamides
485 609 516 666 in
540 625 668 685 aquosae
692 605 816 667 vallibus
839 606 906 667 ldae

164 694 317 755 Contulit:
349 713 386 756 ex
408 694 466 755 illis
489 694 542 755 sed
566 704 665 756 tamen
689 702 747 755 uua
771 695 844 755 luit.

121 781 162 842 Ex
185 782 243 843 illis
267 784 323 842 luit
346 801 424 844 una:
456 784 504 843 sui
526 801 666 862 germana
690 784 805 864 mariti3

162 870 241 931 Haec
265 880 350 950 erat,
374 873 500 952 agnovi,
524 890 599 950 quae
623 879 681 933 stat
703 874 734 931 in
758 889 826 932 aree
850 869 942 931 lovis.

119 957 301 1021 llorrueram
323 962 472 1039 tacitoque
497 963 627 1021 animum
650 960 761 1039 pallore
786 959 916 1020 fatebar.

71 1059 105 1107 20
163 1046 237 1108 Tum
262 1047 337 1129 dea,
361 1066 436 1126 quos
460 1049 531 1109 lecit
543 1095 552 1128 ,
576 1048 698 1110 sustulit
721 1050 784 1127 ipsa
809 1057 923 1109 metus.

118 1135 250 1214 Namque
274 1138 314 1198 ait
337 1131 370 1196 ‘o
394 1144 476 1198 vates
488 1185 497 1218 ,
520 1136 645 1198 Romani
669 1136 805 1198 conditor
828 1138 914 1217 anui,

161 1225 240 1285 Auso
262 1240 317 1303 per
340 1228 462 1304 exiguos
485 1244 588 1304 magna
611 1225 727 1286 referre
750 1225 872 1306 modos,

119 1311 168 1372 lus
191 1312 246 1372 tibi
269 1314 366 1373 iecisti
388 1331 499 1374 utrmen
522 1314 649 1375 caeleste
673 1313 809 1395 videndi,

164 1398 237 1459 Cum
261 1400 371 1478 placuit
394 1404 527 1462 numeris
550 1402 679 1463 condere
703 1403 777 1463 lesta
801 1403 879 1462 tuis.

71 1499 105 1547 25
120 1487 162 1548 Ne
186 1496 286 1548 tamen
309 1491 429 1564 ignores
452 1488 588 1568 volgique
613 1507 716 1550 errore
739 1489 885 1570 traharis,

163 1576 267 1636 lunius
291 1595 306 1637 a
330 1583 433 1636 nostro
456 1580 575 1637 nomine
599 1594 708 1637 nomeu
730 1576 835 1638 habet.

118 1665 172 1725 Est
195 1664 305 1743 aliquid
329 1667 466 1743 nupsisse
490 1665 550 1725 lori
561 1713 575 1763 ,
596 1665 673 1725 lovis
698 1683 763 1725 csse
787 1648 938 1741 sororem]

163 1752 267 1813 Fratre
291 1755 405 1833 magis,
429 1751 555 1833 dubito,
579 1752 712 1833 glorier,
735 1770 811 1814 anne
834 1755 915 1813 viro.

120 1842 151 1902 Si
174 1860 269 1920 genus
293 1842 458 1921 aspicitur,
483 1840 643 1902 Saturnum
667 1842 761 1920 prima
784 1849 937 1920 parentem

70 1943 104 1991 30
163 1930 254 2010 Feci,
278 1929 398 1990 Saturni
421 1946 487 1989 sors
511 1948 565 2008 ego
588 1931 683 2008 prima
707 1930 766 1990 lui.
801 1936 802 1940 ’

119 2018 141 2077 Α
164 2026 248 2097 patre
272 2017 350 2078 dieta
372 2035 440 2077 meo
459 2013 611 2096 'quondam
637 2017 775 2078 Saturnia
797 2017 890 2079 Roma
914 2026 976 2098 est,

163 2106 242 2167 llaec
265 2106 307 2166 illi
331 2124 347 2166 a
371 2105 451 2166 caelo
474 2108 608 2185 proxima
632 2113 712 2166 terra
737 2106 808 2166 luit.

120 2195 151 2255 Si
173 2204 257 2255 torus
280 2196 311 2254 in
334 2196 430 2274 pretio
453 2202 520 2274 est,
544 2193 627 2254 dicor
650 2202 784 2255 matrona
807 2193 966 2274 Tonantis,

163 2282 324 2362 lunctaquc
348 2281 474 2361 Tarpeio
497 2290 568 2342 suut
591 2300 654 2342 mea
680 2282 786 2361 templa
809 2281 887 2343 lovi.
975 2285 981 2292 '

69 2382 103 2432 35
119 2371 162 2432 dn
185 2373 282 2450 potuit
303 2371 378 2431 Maio
401 2370 503 2449 paelex
527 2370 597 2430 dare
621 2373 740 2430 nomina
763 2373 880 2451 mensi,

163 2458 218 2520 llic
241 2459 336 2519 honor
358 2461 389 2519 in
413 2458 498 2519 nobis
521 2458 685 2520 invidiosus
709 2455 792 2519 erit?

118 2549 180 2609 Cur
202 2550 292 2626 igitur
315 2549 418 2626 regina
440 2565 530 2607 recor
552 2549 752 2627 princepsque
776 2546 916 2625 dearum,

162 2637 260 2697 Aurea
283 2653 337 2695 eur
360 2635 482 2695 dextrae
505 2644 622 2714 sceptra
646 2634 754 2696 dedere
778 2631 887 2696 meae?

118 2724 162 2784 An
186 2725 296 2784 lacient
318 2740 451 2783 mensem
474 2722 577 2803 luces,
600 2723 772 2804 Lucinaque
795 2722 830 2784 ab
853 2723 912 2784 illis

67 2824 103 2873 40
164 2812 273 2893 Dicar,
297 2819 327 2873 et
350 2830 366 2871 a
389 2810 471 2871 nullo
494 2814 613 2872 nomina
636 2831 738 2873 mense
762 2808 901 2873 traham?

117 2900 193 2962 Tum
218 2918 265 2961 me
287 2903 437 2980 paeniteat
458 2902 594 2979 posuisse
617 2900 744 2962 fideliter
766 2903 826 2961 iras

161 2990 195 3051 ln
218 3007 312 3069 genus
336 2988 472 3049 Electrae
495 2988 730 3068 Dardaniamque
755 2988 891 3049 domum.

116 3078 211 3139 Causa
234 3078 341 3158 duplex
363 3081 444 3139 irae:
476 3085 560 3156 rapto
584 3076 751 3157 Ganymede
775 3076 926 3154 dolebam,
992 3129 994 3133 ,

161 3165 268 3227 Forma
292 3185 409 3246 quoque
433 3164 520 3226 ldaeo
543 3164 641 3226 iudice
664 3168 741 3227 victa
764 3184 829 3226 mea
851 3173 914 3226 est.

64 3267 99 3316 46
115 3255 291 3334 Paeniteat,
315 3255 393 3333 quod
417 3273 476 3315 uon
500 3254 585 3313 ioveo
609 3253 794 3333 Carthaginis
818 3271 920 3335 arces,

162 3342 236 3404 Cum
260 3360 325 3402 mea
349 3345 408 3403 sint
430 3342 480 3403 illo
504 3361 612 3403 currus
636 3351 665 3404 et
688 3361 769 3403 arma
792 3342 874 3403 loco.

115 3432 270 3493 Paeniteat
294 3430 420 3509 Sparten
444 3431 596 3510 Argosque
620 3450 760 3511 measque
784 3430 921 3510 Mycenas

160 3520 198 3581 Et
222 3527 353 3580 veterem
376 3518 459 3579 Latio
484 3521 677 3597 supposuisse
702 3518 831 3579 Samon:

114 3608 197 3669 idne
221 3626 323 3669 senem
346 3608 485 3687 Tatium,
509 3607 755 3686 luuonieolasque
779 3606 926 3687 Faliscos,
