2467 4042
423 215 469 265 vr.
489 217 637 279 rae-ara.
965 210 1030 277 355

115 376 257 437 Convenit
280 384 309 437 et
332 378 448 458 servis,
471 394 555 437 serva
578 378 646 454 quia
669 374 785 436 Tullius
808 384 891 436 crtus

159 464 319 525 Constituit
341 464 447 525 dubiae
471 465 579 544 templa
602 466 768 543 propinqua
791 464 880 524 deae.

369 575 421 640 25.
443 572 507 639 He
552 575 603 639 26.
628 571 689 638 AO

48 695 99 745 785
114 682 191 744 Ecce
214 682 384 745 suburbana
406 684 524 744 rediens
549 683 623 744 male
647 681 763 743 sobrius
787 681 858 743 aede

158 770 202 831 ad
226 770 325 832 stellas
348 772 454 851 aliquis
476 771 545 832 talia
569 770 657 832 verba
679 772 764 831 iacit:

113 857 192 918 Zona
215 857 286 921 latet
306 867 358 920 tua
380 878 482 939 nunc,
506 868 536 920 et
558 877 624 919 cras
647 859 772 919 lertasse
795 857 915 919 latebit:

158 944 269 1008 Dehinc
292 949 350 1008 erit
361 994 371 1027 ‚
394 946 508 1028 Orien,
531 946 699 1026 aspicienda
722 946 811 1006 mihi.

113 1033 150 1094 tt
173 1035 199 1094 si
221 1052 281 1094 000
304 1043 383 1096 esset
406 1041 494 1113 pctus
507 1083 516 1116 ,
539 1035 662 1095 dixisset
685 1035 786 1095 eadem

46 1134 99 1183 790
159 1120 322 1184 Venturum
345 1132 464 1202 tempus
487 1120 640 1184 solstitiale
663 1122 728 1183 die.

350 1234 420 1298 227.
444 1231 504 1298 Bc
550 1234 601 1299 28.
626 1230 682 1297 OF

112 1339 249 1400 Lucifero
273 1339 419 1401 subeunte
441 1340 532 1401 Lares
556 1341 678 1402 delubra
701 1340 835 1401 tulerunt

157 1427 231 1506 Hic,
257 1427 310 1489 ubi
331 1429 364 1488 lit
387 1428 473 1489 docta
494 1428 586 1489 multa
610 1445 718 1488 corona
742 1446 847 1488 manu.

113 1514 244 1593 Tempus
261 1515 339 1576 idem
354 1515 454 1576 Stator
471 1516 552 1576 aedis
570 1513 677 1595 habet,
696 1533 783 1594 qnam
796 1514 940 1576 Romulus
959 1516 1028 1576 olim
1069 1519 1070 1522 ’

158 1601 234 1662 Ante
257 1602 381 1664 Palatini
404 1604 535 1664 condidit
558 1622 610 1665 cra
632 1605 710 1681 iugi.

456 1714 508 1777 29.
531 1712 592 1777 DF

42 1833 98 1883 795
114 1821 170 1882 Tot
193 1829 307 1882 restant
329 1821 366 1882 de
388 1840 491 1883 mense
515 1821 578 1883 dies
590 1870 600 1904 ,
623 1831 696 1901 quot
718 1824 837 1883 nomina
859 1821 977 1901 Parcis,

159 1908 232 1969 Cum
256 1909 323 1969 data
346 1918 416 1971 sunt
438 1909 557 1971 trabeae
580 1909 710 1990 templa,
734 1910 880 1989 Quirine,
903 1917 987 1970 tuae.

461 2022 513 2085 30.
535 2019 596 2085 ud

113 2129 243 2208 Tempus
265 2128 354 2190 luleis
377 2147 442 2190 cras
466 2137 511 2189 est
533 2129 628 2189 natale
652 2128 807 2192 Kalendis:

156 2216 310 2297 Pierides,
333 2219 446 2296 coeptis
469 2216 565 2278 addite
589 2233 704 2278 summa
726 2220 817 2278 meis.

113 2302 229 2383 Dicite,
252 2303 406 2383 Pierides,
430 2307 496 2384 quis
519 2323 572 2365 ves
594 2304 761 2366 adiunxerit
782 2306 850 2385 isti,

36 2404 98 2453 800
158 2390 213 2452 Cui
235 2390 316 2452 dedit
338 2393 444 2473 inpitas
467 2394 542 2453 victa
566 2411 692 2453 noverca
714 2388 845 2453 manus?

113 2476 162 2538 Sic
185 2495 260 2557 ego.
302 2481 346 2539 sic
368 2478 448 2541 Clio:
481 2476 568 2540 ‘clari
590 2482 770 2541 monimenta
793 2478 920 2559 Philippi

156 2566 271 2645 Aspicis
283 2613 293 2647 ‚
316 2566 394 2627 unde
418 2567 510 2627 trahit
531 2567 640 2629 Marcia
663 2576 743 2628 casta
764 2586 875 2648 genus:

110 2654 240 2735 Marcia,
262 2655 396 2714 sacrifico
420 2654 580 2716 deductum
602 2673 711 2716 nemen
734 2654 769 2716 ab
792 2657 891 2736 0000,

155 2740 189 2803 lu
211 2760 269 2821 qua
290 2760 360 2821 pars
382 2743 473 2803 iacies
495 2742 646 2805 nobilitate
670 2761 723 2804 sua
746 2752 808 2806 est.

26 2844 66 2893 05
87 2828 160 2906 [Par
182 2832 279 2890 anime
302 2847 421 2910 quoque
444 2831 538 2891 lorma
561 2849 615 2892 suc
639 2832 799 2911 respondet
820 2835 852 2893 in
874 2832 940 2912 illa,

152 2915 191 2978 Et
212 2936 307 2997 genus
330 2927 360 2979 et
383 2918 472 2979 iacies
495 2921 705 2999 ingeniumque
729 2920 817 2981 simul
826 2918 848 2996 .]

109 3004 171 3065 Nec
194 3007 272 3084 quod
295 3006 448 3067 laudamus
470 3007 594 3067 formam
606 3053 616 3084 ,
639 3016 673 3068 tu
696 3015 783 3086 turpe
806 3008 939 3086 putaris:

153 3090 319 3154 Laudamus
341 3111 460 3172 magnas
483 3093 538 3155 lrac
561 3112 680 3173 queque
702 3102 786 3173 parte
810 3093 897 3154 deas.

110 3177 207 3257 Nupta
229 3179 285 3240 tuit
308 3181 455 3259 quondam
476 3188 636 3242 matertera
658 3180 792 3242 Caesaris
814 3180 873 3242 illi.

26 3282 91 3335 810
153 3265 178 3327 Ο
201 3266 314 3347 decus,
337 3286 354 3326 0
378 3286 460 3330 sacra
484 3269 592 3330 femina
615 3269 703 3348 digna
724 3264 845 3331 domol’

109 3353 158 3415 Sic
181 3356 289 3415 cecinit
311 3353 395 3415 Clio.
435 3356 538 3417 doctae
562 3374 716 3417 assensere
739 3374 874 3435 sorores3

151 3442 262 3504 Annuit
284 3441 401 3503 Alcides
422 3445 630 3525 increpuitque
652 3444 762 3523 lyram.

421 3609 618 3634 ...-.-00.--
