2467 4042
118 228 203 288 xvi.
221 226 340 305 [xvii]
361 227 446 286 unu.
476 226 571 285 xvu.
591 225 724 304 {xviri}
743 225 924 285 nuruum.
970 226 1025 288 itt

472 425 563 489 XVII.

86 510 189 610 Mittit
200 547 372 624 spudemli,
395 563 486 621 quam
499 544 601 608 Μία
612 546 701 620 ferre
713 548 846 617 seluern,

131 633 170 693 Si
182 633 275 701 udat
285 632 370 692 tendo
383 634 492 704 marri,
508 632 594 696 Sesto
601 633 720 707 puella,
741 630 801 690 tibi.

87 716 122 778 Si
140 714 217 777 mibi
231 714 262 777 di
278 714 385 774 faciles
402 721 433 774 et
451 721 522 776 sunt
535 710 568 774 in
583 729 688 774 amore
703 713 840 786 secundi,

130 800 240 860 Invitis
254 798 351 859 oeulis
367 798 446 858 baec
459 814 529 860 moa
541 797 637 858 verba
650 800 746 873 teges.

56 883 154 948 sSed
169 901 232 946 non
249 888 321 944 sunt
334 882 452 943 faciles.
475 898 546 942 nom
561 898 616 943 our
631 896 701 942 mee
717 889 789 943 vota
805 891 968 956 morantur,
1079 932 1084 942 .

132 970 263 1029 Currere
279 983 328 1026 me
342 972 416 1028 noto
429 981 489 1027 neo
501 963 658 1042 patiuntur
671 972 774 1041 aquai

88 1055 165 1129 ipsa
180 1051 269 1112 vides
285 1051 404 1112 caelum
418 1050 488 1127 pice
505 1049 637 1127 nigrius,
660 1057 690 1110 et
705 1050 783 1111 freto
798 1050 896 1109 ventis

130 1136 267 1196 Turbida
280 1151 400 1210 perque
415 1149 509 1195 cavas
526 1134 580 1193 vix
592 1134 737 1195 adeunda
749 1140 841 1195 rates.

89 1223 194 1295 Unus,
215 1227 248 1281 et
262 1219 314 1279 bin
329 1219 448 1294 audax,
467 1235 487 1280 o
501 1235 565 1294 qno
578 1219 633 1279 tibi
647 1219 747 1280 littera
761 1226 867 1279 nostro

44 1316 81 1368 lo
133 1304 301 1376 Redditur,
325 1317 344 1363 e
358 1309 450 1378 portu
465 1303 569 1363 navita
581 1302 678 1364 movit
691 1303 756 1362 iter.

88 1394 288 1449 Aseeosurus
303 1402 403 1460 eram,
425 1386 484 1447 nisi
502 1387 587 1462 quod
602 1402 670 1447 oum
686 1386 807 1447 vincula
820 1401 930 1461 prorae

132 1472 293 1544 Solveret,
316 1471 347 1531 in
363 1471 499 1545 speculis
514 1470 614 1533 omnis
630 1470 763 1549 Abydos
781 1477 856 1529 erat.

90 1557 157 1616 Non
170 1563 312 1632 poteram
327 1554 428 1615 oeiore
442 1570 545 1630 meos,
566 1557 650 1616 velut
663 1562 748 1628 ante,
769 1562 913 1630 parentes

131 1640 293 1716 Quemque
309 1639 370 1714 tegi
387 1641 544 1713 volumus,
566 1653 629 1700 uon
643 1638 784 1700 latuisset
797 1637 891 1699 amor.

46 1737 80 1788 15
91 1724 234 1786 Protinus
249 1723 329 1783 haee
343 1720 484 1784 scribens
503 1723 603 1798 telin,
627 1722 653 1797 i,
672 1722 782 1784 littera’
798 1721 876 1781 dixi=

131 1810 208 1868 ‘lam
221 1807 276 1880 tibi
292 1808 482 1868 formonsum
495 1807 632 1882 porriget
647 1807 699 1867 iilo
713 1823 845 1867 manum.

87 1892 230 1955 Forsitan
244 1892 379 1954 admotis
394 1891 483 1953 etiam
499 1897 626 1967 tangere
641 1890 769 1964 inbellis,

130 1977 288 2052 Rumpere
305 1975 379 2036 dum
394 1976 485 2037 niveo
502 1976 624 2036 vinnula
639 1975 730 2036 dente
745 1977 849 2036 volet?

87 2059 213 2121 Talibus
227 2060 343 2134 exiguo
358 2059 448 2121 dietis
463 2059 536 2119 mihi
549 2074 703 2120 murmure
721 2058 832 2132 verbis,

48 2154 82 2206 no
134 2144 263 2204 Caetera
279 2159 348 2203 eum
367 2142 471 2204 obortu
487 2143 595 2204 dextra
610 2144 713 2205 locuta
727 2159 797 2203 meo
811 2150 867 2203 est.

90 2233 128 2288 At
147 2234 262 2304 quanto
279 2228 414 2300 maliem,
437 2243 529 2302 quam
543 2227 708 2300 soriberet,
728 2228 780 2287 ilia
794 2235 919 2299 nataret,

129 2312 244 2387 Meque
260 2326 317 2386 per
334 2312 480 2372 adsuetas
495 2312 605 2373 sedula
622 2312 713 2372 ferret
728 2328 836 2387 aquas.

89 2396 195 2472 Aptior
208 2397 263 2456 illa
276 2397 396 2471 quidem
404 2397 530 2471 placido
544 2396 623 2456 dore
635 2397 761 2458 verbnm
774 2403 881 2472 ponto:

129 2480 186 2541 Est
198 2485 298 2541 tomen
311 2486 342 2541 et
352 2497 456 2541 rerum
469 2485 543 2557 apto
556 2482 694 2541 ministro
708 2483 774 2542 mei.

47 2576 79 2627 25
91 2562 230 2640 Septima
244 2581 308 2624 nox
323 2563 435 2640 agitur,
459 2564 591 2640 spatium
606 2562 679 2624 mibi
697 2564 819 2640 longius
833 2581 923 2638 anno,

129 2646 302 2708 Sotiicitum
316 2647 419 2708 mucis
433 2655 468 2709 ut
482 2663 567 2709 mare
581 2650 680 2708 servet
694 2649 794 2724 aquis.

89 2732 143 2792 iiis
158 2747 219 2807 ego
237 2731 265 2792 si
283 2730 346 2792 vidi
360 2733 542 2793 mulcentem
554 2739 682 2808 peetora
697 2748 852 2795 somnum

128 2815 295 2890 Noctibus,
316 2815 417 2876 insani
432 2816 472 2877 sit
486 2832 572 2876 mora
587 2819 681 2895 ionga
696 2817 772 2878 ireti.

89 2902 177 2976 Rupe
192 2899 308 2961 sedens
323 2899 428 2976 aliqua
443 2907 552 2975 specto
567 2907 620 2961 tua
633 2901 723 2963 litora
737 2899 842 2975 tristis,

48 2992 81 3046 to
130 2983 169 3044 Et
185 2999 248 3058 quo
264 3001 325 3045 non
341 2998 472 3059 possum
486 2998 633 3062 corpore,
657 2992 757 3045 mente
774 2986 865 3046 feror.

86 3067 216 3129 Lumina
231 3069 305 3143 quin
320 3071 411 3129 etium
426 3084 546 3131 summo
560 3068 718 3143 vigilantia
731 3075 813 3131 turre

128 3152 192 3212 Aut
208 3153 307 3226 videt,
330 3158 382 3213 nut
395 3152 480 3214 aries
497 3159 603 3215 nostro
619 3153 724 3214 videre
739 3160 835 3229 putat.

85 3237 143 3295 Ter
156 3235 231 3295 mibi
247 3236 391 3312 deposita
408 3244 455 3297 est
468 3237 498 3296 in
508 3237 599 3298 sinon
612 3237 709 3299 vestis
718 3236 854 3305 harena:

125 3318 186 3378 Ter
198 3335 295 3395 grave
311 3321 455 3396 temptavi
470 3336 598 3398 carpere
612 3323 714 3384 nudus
729 3325 800 3382 iter:

47 3401 208 3464 substitit
221 3402 519 3479 inceptis-tumidum
533 3405 725 3466 iuvenalibus
742 3422 869 3482 aequor,

127 3487 236 3548 Mersit
249 3494 279 3548 et
292 3487 424 3549 inversis
440 3503 495 3549 oro
511 3489 642 3551 natantis
657 3491 756 3567 equis.
