2467 4042
197 219 260 280 144
348 234 514 272 6666666666
603 212 784 271 ΜΕΤΔΜΜ.
1133 1 1228 374 Ὗ

281 382 346 446 Nox
368 381 469 465 subit,
492 391 523 444 et
544 385 626 444 curis
648 383 778 444 exercita
800 399 926 462 corpora
949 401 1076 448 somnus
1227 440 1228 443 ,

216 482 267 534 666
282 470 435 553 Occupat.
462 480 530 533 ante
552 470 655 533 oculos
678 470 781 532 eadem
803 470 876 532 mibi
898 489 1031 552 quercus
1054 472 1158 535 adesse

282 561 320 623 Et
342 562 516 642 promittere
538 559 640 642 idem,
662 558 845 639 totidemque
868 560 1006 622 animalia
1028 563 1123 624 ramis

282 650 373 711 Ferre
396 651 458 710 suis
480 650 542 710 risa
564 657 611 709 est
623 695 633 730 ,
655 649 825 728 pariterque
847 650 1028 711 tremiscere·
1046 658 1149 730 motu,

282 738 529 817 Granilerumqne
552 754 658 816 agmen
681 735 824 799 subiectis
846 755 988 818 spargere
1010 741 1042 800 in
1065 739 1160 818 arvis3

283 826 424 889 Crescere
448 826 528 905 quod
551 824 649 887 subito
673 833 704 886 et
726 827 821 887 maius
843 827 1000 906 maiusque
1024 826 1138 907 rideri,

216 927 268 978 646
281 916 322 977 dc
341 934 374 977 se
391 914 495 977 tollere
515 914 605 976 humo
623 920 767 994 rectoque
786 915 925 976 assistere
944 923 1070 999 trunco,
1099 929 1123 969 r·
1136 926 1194 968 md-

281 1004 319 1067 Et
342 1006 466 1067 maciem
488 1021 706 1082 numerumque
733 1002 843 1084 pedum
870 1006 1050 1083 nigrumque
1071 1002 1193 1065 colorem

281 1093 420 1175 Ponere,
443 1102 474 1155 et
495 1092 655 1154 humanam
677 1089 819 1153 membris
841 1092 985 1154 inducere
1008 1093 1148 1154 formam.

284 1182 412 1244 Somnus
435 1179 517 1243 abit.
545 1179 652 1241 damno
675 1180 798 1259 vigilans
821 1198 886 1242 mea
908 1182 994 1262 visa,
1017 1197 1178 1261 querorque

281 1270 315 1331 ln
339 1272 457 1351 superis
480 1271 545 1350 opis
568 1286 634 1331 esse
657 1266 752 1330 nibil
780 1276 811 1329 at
830 1270 864 1329 iu
886 1268 1011 1330 aedibus
1034 1271 1135 1349 ingens
1227 1286 1228 1319 1

216 1358 417 1421 6461166666
440 1366 527 1440 erat,
549 1375 697 1436 vocesque
721 1356 874 1419 homiuum
896 1356 1039 1419 exaudire
1061 1355 1173 1418 uidebar

282 1448 341 1508 lanr
365 1446 438 1509 milui
460 1446 598 1508 desuetas
613 1493 620 1507 .
648 1445 720 1507 dum
738 1446 876 1526 suspicer
889 1445 943 1507 bas
956 1445 1189 1526 quoqueeomni,

281 1535 360 1598 Ecce
382 1537 464 1597 venit
485 1534 627 1596 Telamon
649 1551 818 1616 properus,
841 1532 1016 1613 foribusque
1039 1533 1155 1596 reclusis

283 1619 426 1705 “Speque
448 1623 588 1704 fideque,
611 1631 696 1703 pater
708 1617 730 1704 ,⁹
753 1622 828 1685 dixit
851 1617 973 1684 ‘mdora
996 1621 1119 1684 videbis.

281 1712 431 1792 Egredere
445 1707 477 1775 l’'
501 1711 661 1791 egredior:
684 1710 846 1791 qualesque
869 1712 903 1771 in
925 1713 1052 1789 imagine
1073 1709 1160 1770 comm

216 1812 269 1864 666
281 1800 368 1863 Visus
392 1818 473 1862 eram
495 1799 603 1862 vidisse
627 1801 730 1880 viros,
753 1817 790 1860 ex
812 1797 917 1860 ordine
942 1798 1017 1860 tales

281 1891 398 1969 dspicio
422 1906 595 1968 nosceque,
623 1886 755 1967 adeunt,
778 1903 940 1966 regemque
963 1886 1102 1948 salutant.

281 1977 355 2039 Vota
376 1977 438 2039 lori
460 1977 564 2059 solvo,
586 1975 763 2057 populisque
786 1973 959 2037 recentibus
983 1974 1085 2037 urbem

281 2066 398 2129 Partior
420 2074 451 2127 et
472 2083 580 2128 vacuos
602 2066 711 2146 priscis
733 2062 899 2126 cultoribus
922 2081 1027 2143 agros:

281 2154 538 2234 Myrmidonasque
561 2171 635 2214 voco
647 2200 656 2233 ,
680 2153 874 2233 nec—origine
896 2154 1018 2214 nomina
1040 2150 1148 2213 fraudo.

216 2254 267 2305 666
282 2243 413 2323 Corpora
435 2242 535 2304 vidisti
548 2263 556 2303 ε
570 2259 670 2303 mores
693 2258 768 2320 quos
792 2249 861 2302 ante
883 2239 1044 2321 gerebant,

281 2331 367 2394 Nunc
389 2349 509 2411 quoque
531 2329 664 2410 babent,
687 2346 869 2410 parcumque
893 2345 989 2408 genus
1011 2330 1167 2409 patiensque

1049 2415 1166 2478 laborum
1173 2458 1180 2490 ,
1226 2426 1227 2455 ³

282 2509 472 2589 Quaesitique
495 2515 583 2570 tenax
606 2516 637 2569 et
660 2506 739 2586 quod
763 2507 896 2586 quaesita
918 2513 1067 2568 reservet.
1226 2512 1227 2587 ζ

281 2597 318 2658 111
340 2604 370 2659 te
393 2597 428 2660 ad
452 2596 638 2677 bellepares
661 2597 747 2656 annis
769 2596 935 2674 animisque
958 2601 1128 2674 sequentur,

281 2684 356 2747 Cum
378 2689 508 2766 primum
531 2687 583 2764 qui
604 2692 635 2745 te
658 2682 786 2744 feliciter
799 2682 920 2764 attulit,
943 2678 1046 2745 eurus’
1068 2713 1107 2725 -

215 2787 268 2838 666
280 2773 381 2836 Eurus
404 2776 484 2836 enim
506 2771 703 2834 attulerat-
721 2767 825 2833 ‘luerit
846 2777 979 2833 mutatus
1001 2773 1032 2833 in
1054 2757 1178 2832 anuos?

325 2861 446 2924 Talibus
469 2871 558 2940 atque
581 2861 646 2922 aliis
668 2859 790 2939 longum
813 2858 1003 2921 sermonibus
1024 2858 1065 2920 illi

281 2950 443 3031 implevere
465 2950 565 3012 diem.
593 2948 670 3010 lucis
692 2966 761 3029 pars
784 2947 889 3009 ultima
909 2964 1031 3014 mensae

280 3040 334 3102 Est
357 3040 445 3120 data,
468 3056 527 3100 nox
550 3039 684 3099 somnis.
711 3035 797 3098 lubar
821 3053 930 3098 aureus
954 3034 1095 3098 extrueret
1114 3029 1163 3092 sol:

280 3127 383 3190 Flebat
405 3127 500 3189 adbuc
524 3144 616 3188 eurus
638 3124 830 3204 redituraque
853 3124 917 3185 vela
939 3123 1073 3186 tenebat.

215 3230 266 3280 666
281 3217 323 3279 Ad
348 3215 510 3296 Cephalum
532 3213 664 3276 Pallante
687 3215 765 3296 sati,
788 3213 838 3275 oui
860 3213 1001 3292 grandior
1023 3220 1113 3291 aetas,

280 3305 324 3368 dd
347 3322 449 3384 regem
472 3302 618 3384 Cephalus
643 3301 732 3367 simul
754 3310 785 3362 et
806 3299 938 3363 Pallante
962 3303 1054 3362 creati

281 3392 489 3455 Conveniunt.
516 3391 568 3453 sed
591 3390 689 3452 adhuc
716 3406 819 3468 regem
846 3407 936 3470 sopor
963 3388 1040 3450 altus
1061 3381 1175 3449 babebat.
1225 3424 1226 3441 t

280 3481 399 3562 Excipit
419 3480 562 3542 Aeacides
584 3479 651 3540 illos
673 3481 705 3539 in
727 3477 829 3539 limine
852 3476 990 3541 Phocus:

280 3568 352 3629 Nam
376 3566 517 3629 Telamon
540 3567 692 3645 fraterque
715 3568 795 3626 viros
818 3565 854 3628 ad
878 3564 954 3626 bella
976 3564 1122 3644 legebant.
