2467 4042
192 195 258 262 246
599 196 794 248 nesronnn

325 360 429 441 llagna
450 359 512 422 dati
534 362 635 422 nutrix
657 362 787 439 praemia
809 360 894 421 lactis
916 360 1029 424 babet.

282 450 373 528 [Quid
398 458 476 510 vetat
498 449 623 509 Arcadio
646 447 742 510 dictos
763 468 782 509 a
803 458 905 509 monte
927 450 1108 528 lupercos?

326 538 445 600 Faunus
467 540 499 598 in
521 537 646 600 Arcadia
669 536 778 615 templa
800 536 933 616 Lycaeus
954 538 1089 617 babet.]
1176 557 1205 605 et

215 639 267 690 aaa
281 626 402 708 Nupta,
424 626 496 705 quid
520 622 685 705 expectas?
708 643 769 687 non
790 634 824 687 tu
846 626 1032 703 pollentibus
1059 629 1188 711 herbis,

325 715 386 776 Nec
409 731 521 794 prece,
544 732 600 775 nec
623 716 736 792 magico
759 717 891 775 carmine
914 723 1011 776 mater
1036 719 1128 778 eris.

282 802 393 884 Excipe
416 802 560 865 fecundae
582 805 730 881 patienter
752 802 877 864 verbera
899 802 1048 886 dextrae,

325 892 386 954 lant
408 910 494 952 socer
517 899 652 971 optatum
674 909 782 952 nomen
804 890 925 952 babebit
946 895 1011 954 avi.

281 979 355 1043 llam
378 980 434 1042 luit
456 979 505 1041 illa
527 978 591 1040 dies
603 1028 613 1061 ,
636 980 711 1041 dura
733 998 801 1040 cum
824 989 906 1042 sorte
927 983 1060 1043 maritae

214 1082 268 1132 430
326 1068 499 1130 Reddebant
521 1071 600 1129 uteri
623 1071 746 1148 pignora
767 1086 834 1130 rara
857 1071 921 1130 sui.

282 1153 376 1230 ‘Quid
399 1152 487 1218 mihi’
511 1155 655 1218 clamabat
677 1152 816 1235 ‘prodest
838 1159 973 1236 rapuisse
999 1158 1138 1222 Sabinas
1145 1158 1171 1242 ,'

327 1245 470 1306 Romulus
493 1278 527 1287 —
550 1245 607 1307 boc
630 1245 681 1306 illo
704 1255 822 1324 sceptra
843 1253 963 1308 tenente
989 1247 1053 1309 luit
1079 1282 1116 1292 -

283 1335 314 1395 Si
338 1352 403 1395 mea
425 1352 484 1395 non
507 1334 609 1415 vires,
631 1334 684 1396 sed
708 1333 818 1395 bellum
840 1336 949 1396 iniuria
970 1334 1079 1400 lecit?

326 1421 433 1484 Utilius
456 1424 553 1484 luerat
575 1441 635 1483 non
658 1421 797 1484 habuisse
819 1440 914 1483 nurus
923 1418 947 1483 .'

216 1525 268 1574 435
282 1510 381 1572 Monte
404 1511 459 1573 sub
482 1509 616 1591 Esquilio
639 1510 740 1574 multis
762 1511 924 1572 incaeduus
945 1514 1034 1573 annis

325 1600 447 1662 lunonis
470 1617 591 1679 magnae
615 1602 733 1661 nomine
756 1599 842 1662 lucus
864 1608 945 1660 erat.

191 1705 195 1718 ‘
282 1689 347 1751 lluc
370 1687 422 1750 ubi
445 1697 612 1764 venerunt,
635 1690 747 1768 pariter
769 1696 939 1766 nuptaeque
961 1690 1087 1768 virique

327 1776 507 1857 Suppliciter
530 1778 626 1855 posito
649 1776 836 1856 procubuere
858 1794 954 1854 genu:

282 1865 356 1928 Cum
380 1865 478 1928 subito
501 1875 598 1926 motae
622 1872 771 1926 tremuere
795 1866 948 1925 cacumina
970 1863 1087 1947 silvae,

216 1967 268 2017 440
326 1952 364 2015 Et
386 1953 441 2015 dea
463 1972 517 2033 per
539 1954 623 2015 lucos
646 1955 720 2013 mira
742 1953 841 2014 locuta
863 1970 951 2013 suos.

283 2039 415 2105 ‘ltalidas
437 2036 563 2103 inatres’
586 2043 683 2121 inquit
706 2036 807 2102 ‘sacer
829 2041 931 2102 bircus
953 2037 1067 2102 inito.'

328 2129 480 2210 Obstipuit
501 2130 591 2191 dubio
614 2131 719 2191 territa
741 2129 828 2191 turba
851 2147 941 2190 sono.

282 2221 384 2299 Augur
407 2228 471 2280 crat
483 2265 493 2299 ,
516 2236 624 2280 nomen
648 2217 742 2297 longis
765 2218 916 2279 intercidit
938 2219 1043 2281 annis:

326 2308 428 2387 Nuper
451 2306 488 2368 ab
511 2305 638 2368 Etrusca
660 2316 782 2367 venerat
803 2306 872 2368 exul
894 2306 1003 2367 bunio.

215 2409 268 2459 444
282 2397 333 2459 1114
357 2414 479 2476 caprum
502 2402 632 2457 mactat:
663 2397 762 2456 iussae
786 2413 839 2456 sua
861 2403 944 2473 terga
968 2395 1089 2474 puellae

326 2483 456 2547 Pellibus
479 2485 607 2545 exsectis
630 2482 821 2562 percutienda
846 2483 969 2543 dabant.

282 2574 365 2635 Luna
387 2572 557 2635 resumebat
579 2571 694 2633 decimo
718 2590 791 2632 nova
814 2589 926 2633 cornua
947 2579 1050 2652 motu,
1161 2593 1193 2638 (su
1218 2621 1219 2626 ,

329 2662 435 2742 Virque
460 2670 543 2742 pater
566 2661 666 2722 subito
689 2669 840 2740 nuptaque
863 2669 957 2722 mater
981 2669 1065 2723 erat.
1218 2653 1219 2664 ’

283 2750 383 2812 Gratia
405 2749 556 2812 Lucinae.
599 2749 680 2814 dedit
703 2748 775 2810 baec
798 2749 852 2812 tibi
875 2750 993 2811 nomina
1018 2749 1128 2834 lucus,

215 2851 268 2901 450
326 2839 385 2900 lut
408 2841 476 2918 quia
500 2840 680 2918 principium
702 2848 735 2899 tu
748 2886 758 2918 ,
781 2838 835 2898 den
847 2884 857 2917 ,
880 2837 954 2898 lucis
977 2836 1092 2901 habes.

282 2929 398 3009 Parce,
421 2945 550 3009 precor,
572 2927 721 3006 gravidis,
745 2926 838 2988 facilis
861 2925 994 3005 Lucina,
1017 2928 1148 3012 puellis,

326 3015 533 3095 Maturumque
557 3026 643 3077 utero
666 3015 794 3076 molliter
816 3014 900 3075 auler
923 3031 1017 3075 onus.

283 3104 353 3167 Orta
377 3105 441 3166 dies
464 3106 576 3185 luerit,
599 3112 633 3165 tu
656 3103 758 3165 desine
781 3103 904 3165 eredere
928 3105 1041 3186 rentis3

325 3193 458 3255 Perdidit
480 3193 559 3255 illius
582 3195 725 3272 temporis
748 3210 819 3255 aura
842 3192 948 3254 fidem.

211 3293 263 3344 tut
278 3280 410 3343 Flamina
432 3300 492 3343 non
516 3290 673 3362 constant,
696 3291 727 3343 et
749 3299 802 3342 sex
824 3288 956 3344 reserata
979 3280 1088 3344 diebus

327 3370 462 3433 Carceris
485 3368 579 3431 Aeolii
600 3372 688 3432 ianua
711 3369 784 3440 laxa
797 3377 894 3450 patet.

281 3457 343 3518 lam
366 3459 441 3518 lovis
465 3458 582 3535 obliqua
606 3458 741 3519 subsedit
763 3461 903 3538 aquarius
925 3475 1019 3520 urna:

326 3544 481 3605 Proximus
505 3544 653 3606 aetherios
677 3548 802 3626 excipe,
825 3546 941 3626 Piscis,
965 3564 1079 3625 equos,
