2467 4042
466 246 498 298 V.
517 245 720 298 1143-11135.

561 441 625 516 ΠΙ.

177 583 228 644 1113
251 584 315 645 dies
337 583 411 645 haee
434 589 481 644 est
493 629 502 664 ‚
525 600 583 661 qua
606 589 636 642 13
660 579 810 644 celebrare
832 589 955 662 poetae,

178 671 212 731 Si
233 670 321 732 modo
344 689 404 732 non
428 669 533 732 fallunt
555 679 711 751 tempora,
733 668 872 749 Bacche,
893 668 1007 749 solent,

176 759 324 839 Festaqne
347 757 477 820 odoratis
500 760 657 819 innectunt
680 763 813 837 tempora
836 759 942 838 sertis,

178 846 217 907 Et
239 847 343 908 dieunt
365 845 468 908 laudes
491 845 527 906 ad
551 854 601 907 tna
624 847 691 905 aina
714 852 798 906 tuas.

147 934 260 996 olnter
284 951 382 1014 quos,
404 935 548 1014 memini,
571 933 643 994 dnm
665 951 712 994 me
735 951 801 994 mea
823 933 880 994 lata
904 931 1058 1014 sinebant,

177 1022 243 1082 Non
265 1023 359 1083 invisa
382 1021 437 1083 tibi
459 1039 528 1101 pars
551 1038 606 1100 ego
630 1038 717 1100 saepe
741 1021 803 1101 lui,

178 1109 274 1181 Quem
296 1127 377 1170 nnnc
401 1110 588 1188 suppositum
611 1107 705 1169 stellis
729 1108 929 1187 Cynosuridos
951 1106 1044 1169 Ursae

177 1196 282 1259 lnoeta
304 1205 388 1259 tenet
411 1196 511 1258 crudis
536 1195 678 1257 Sarmatis
700 1214 753 1257 ora
776 1194 876 1259 Getis.

179 1284 297 1363 Quique
319 1287 404 1364 prius
427 1284 545 1345 mollem
567 1302 749 1364 vacuamque
773 1283 924 1345 laboribus
948 1285 996 1363 egi

131 1382 164 1432 10
177 1372 212 1432 ln
235 1371 341 1433 studiis
364 1374 456 1434 vitam
475 1371 687 1451 Pieridumque
710 1371 820 1453 choro,

178 1458 264 1521 Nune
286 1459 391 1540 procul
413 1478 430 1520 a
452 1461 547 1538 patria
571 1458 682 1520 Getieis
705 1461 909 1521 circumsonor
933 1461 1042 1540 armis,

178 1545 271 1608 llulta
293 1550 378 1626 prius
400 1547 503 1627 pelago
527 1548 679 1627 multaque
703 1565 808 1627 passus
830 1546 938 1610 humo.

179 1634 247 1696 Sive
270 1634 344 1696 milri
366 1653 453 1697 easus
476 1637 537 1696 3113
560 1635 618 1696 hoe
641 1633 723 1697 dedit
744 1636 789 1696 ira
811 1634 955 1715 deornm,

177 1721 284 1783 Nubila
307 1725 441 1784 nascenti
463 1741 517 1784 seu
539 1723 613 1784 mihi
634 1723 728 1784 Parca
750 1723 824 1802 luit,

131 1819 164 1871 15
179 1810 225 1871 l'n
247 1818 348 1872 tamen
370 1830 387 1871 e
411 1813 503 1872 saeris
526 1809 654 1871 hederae
678 1809 843 1873 cultoribus
866 1828 959 1871 unum

179 1898 307 1959 Numine
329 1898 476 1959 debueras
500 1901 679 1960 sustinuisse
702 1906 771 1960 tuo.

178 1986 223 2047 dn
246 1985 382 2047 dominae
405 1987 458 2047 lati
481 1986 623 2066 quiequid
647 1988 783 2062 cecinere
806 2002 942 2064 sorores,

179 2073 274 2135 Omne
298 2073 354 2134 sub
378 2072 500 2135 arbitrio
525 2074 635 2135 desinit
658 2093 724 2136 3333
747 2070 820 2134 dei?

178 2161 245 2242 lpse
269 2179 389 2241 qnoque
411 2161 558 2223 aetherias
581 2164 696 2224 meritis
719 2164 854 2223 invectus
877 2178 1035 2236 asemas,

130 2248 244 2320 10033
268 2267 329 2310 non
352 2251 458 2329 exiguo
481 2250 559 2310 laeta
579 2249 681 2311 labore
704 2253 749 2310 via
773 2257 836 2310 est.

178 2336 240 2398 Nec
262 2338 357 2416 patria
381 2345 427 2398 est
448 2336 577 2399 habitata
600 2337 677 2417 tibi,
700 2337 753 2398 sed
776 2337 908 2417 adusque
932 2339 1067 2399 nivosum

180 2423 337 2504 Strymona
360 2427 469 2487 venisti
491 2425 732 2505 Marticolamque
756 2423 851 2485 Geten

179 2510 361 2591 Persidaque
385 2521 415 2574 et
437 2512 496 2576 lato
520 2515 698 2592 spatiantem
719 2512 840 2574 llnmine
864 2512 1002 2594 Gangen,

180 2597 219 2660 Et
241 2617 444 2680 quascumque
467 2600 542 2663 bibit
564 2600 686 2662 decolor
708 2599 799 2663 lndus
822 2618 930 2680 aquas.

131 2686 400 2749 2383111331113113
423 2686 518 2768 legem
541 2698 647 2751 nentes
670 2688 767 2750 1313113
789 2688 899 2750 Pareae

181 2775 311 2837 Stamina
334 2775 381 2837 bis
404 2779 503 2856 genito
526 2776 572 2838 bis
596 2778 732 2839 cecinere
754 2776 825 2839 tibi.

178 2862 226 2924 lle
249 2882 369 2942 quoque
381 2911 391 2945 ‚
414 2867 441 2925 si
463 2864 507 2925 las
530 2873 577 2927 est
599 2864 742 2944 exemplis
764 2866 809 2925 ire
832 2864 972 2944 deornm,

179 2949 289 3011 Ferrea
312 2969 378 3011 3313
401 2954 478 3012 11133
501 2951 688 3031 difficilisque
711 2954 837 3032 premit.

118 3036 120 3040 ’
179 3035 232 3096 lllo
255 3054 311 3097 nec
333 3037 428 3098 levius
451 3038 567 3119 cecidi,
590 3057 679 3117 quem
702 3057 808 3119 magna
829 3039 962 3100 locutum

131 3132 167 3185 80
180 3122 322 3202 Reppulit
343 3141 360 3184 3
383 3122 493 3185 Thebis
516 3123 649 3204 luppiter
671 3128 739 3204 igne
763 3143 835 3187 suo.

179 3209 220 3272 Ut
241 3218 340 3273 tamen
362 3211 471 3273 audisti
492 3229 670 3290 percussum
692 3212 816 3275 fulmine
838 3219 952 3293 ratem,

179 3298 340 3361 Admonitu
364 3301 467 3361 matris
490 3299 678 3361 condoluisse
701 3307 804 3380 potes,

180 3385 218 3449 Et
240 3395 348 3467 potes,
372 3387 518 3468 aspicieus
541 3390 655 3452 circum
678 3395 729 3450 tua
752 3406 835 3450 sacra
857 3395 978 3470 poetas,

180 3471 299 3538 ‘Nescio
322 3478 390 3555 quis
413 3471 519 3537 nostri'
543 3476 642 3538 dicere
666 3471 775 3539 ‘enitor
798 3472 902 3538 abest'
997 3491 1001 3497 ·

131 3574 165 3625 aa
179 3562 256 3647 Fer,
278 3562 356 3626 bone
379 3563 486 3645 biber,
508 3582 618 3646 opem:
651 3565 694 3627 sic
718 3564 810 3628 altera
828 3565 968 3646 degravet
985 3564 1100 3630 ulmum
