2467 4042
196 259 256 326 158
368 281 488 318 easuoou
600 262 777 318 MHTAMM.

281 428 387 508 Tangit
410 438 440 490 et
461 431 506 490 ira
528 428 622 491 deos.
651 424 692 491 ‘at
714 447 773 491 non
796 433 908 512 inpune
931 433 1067 515 leremus,

215 529 266 578 080
281 519 422 597 Quaeque
446 517 639 579 inhonoratae
650 566 659 599 ,
685 536 745 579 uon
768 527 799 580 et
822 520 955 582 dicemur
976 518 1086 583 inultae'

280 605 402 688 lnquit,
426 615 456 667 et
478 606 596 668 Oeneos
619 607 748 669 ultorem
771 617 870 688 spreta
892 627 947 689 per
970 627 1050 690 agros

180 708 185 729 ⁴
281 695 361 756 Misit
383 713 510 776 aprum,
534 704 645 774 quanto
668 699 795 758 maiores
818 696 941 759 herbida
963 707 1059 760 tauros

280 783 345 844 Non
364 782 454 844 hahet
475 783 583 864 Epiros
606 793 637 846 et
658 783 769 846 hahent
792 784 891 847 Sicula
914 805 982 848 arra
1004 790 1130 848 minores.

282 872 430 951 Sanguine
454 881 484 933 ot
507 875 574 951 igne
598 874 708 933 micant
731 873 827 955 oculi,
849 876 927 953 riget
950 875 1039 938 ardua
1058 878 1153 956 cervix,

214 971 265 1021 28⁵
280 960 318 1021 Et
340 970 438 1021 sactae
462 960 572 1022 similes
596 961 700 1040 rigidis
723 961 879 1024 hastilibus
901 963 1041 1027 horrent:

215 1060 266 1109 28⁷
281 1048 404 1110 Fervida
428 1067 495 1110 eum
519 1067 609 1110 rauco
628 1049 702 1110 latos
726 1050 854 1112 stridore
876 1069 931 1132 per
950 1071 1044 1114 0011101

282 1139 392 1218 Spuma
414 1137 501 1199 llutt.
529 1138 635 1199 dentes
658 1147 824 1218 aequantur
846 1138 986 1202 dentibus
1009 1140 1098 1203 ludis:

280 1226 404 1287 Fulmen
427 1224 463 1287 ab
486 1244 538 1288 ore
561 1229 643 1289 veuit
655 1275 664 1308 ,
687 1226 809 1288 iroudes
832 1228 981 1291 afflatibus
1004 1228 1112 1290 ardent.

214 1327 266 1377 290
279 1315 308 1376 ls
331 1313 419 1375 modo
442 1324 613 1376 crescentes
632 1323 748 1395 segetes
770 1317 923 1396 proculcat
944 1319 977 1379 in
998 1317 1099 1397 herba,

280 1403 366 1464 Nunc
389 1411 504 1466 matura
527 1406 611 1465 metit
634 1404 733 1466 lieturi
756 1413 823 1466 vota
846 1405 960 1488 coloni,

280 1492 318 1554 Et
341 1491 481 1553 Cererem
504 1495 535 1553 in
558 1495 649 1572 spicis
672 1495 849 1573 intercipit.
877 1512 946 1555 area
969 1494 1076 1556 trustra
1219 1498 1220 1563 l

280 1580 319 1641 lit
341 1580 453 1642 frustra
475 1589 634 1660 expectant
655 1583 817 1661 promissas
839 1581 947 1643 horrea
970 1601 1093 1645 messes.
1219 1588 1220 1595 ’

281 1669 463 1731 Sternuntur
486 1669 597 1748 gravidi
621 1669 709 1750 longo
732 1688 801 1732 eum
822 1670 941 1750 palmite
966 1672 1043 1733 letus

214 1767 266 1818 teo
280 1758 415 1838 Baeaque
439 1775 507 1819 cum
529 1760 620 1819 ramis
644 1776 761 1839 semper
784 1757 950 1820 frondentis
974 1759 1078 1821 olivae.

281 1846 380 1907 Saevit
402 1849 486 1908 etin
507 1845 660 1927 pecudes.
689 1865 749 1907 non
771 1846 824 1908 has
846 1855 984 1927 pastorve
1007 1865 1135 1927 emesae,

280 1934 346 1996 Non
369 1942 502 1997 armenta
525 1943 627 1997 truces
650 1943 777 2015 possunt
799 1934 959 1997 defendere
984 1939 1073 1998 tauri.

281 2023 445 2103 Diffugiunt
466 2024 569 2104 populi
581 2071 590 2105 ,
613 2041 670 2084 uec
693 2042 725 2084 se
749 2025 806 2084 nisi
829 2023 985 2086 moenibus
1008 2024 1087 2086 urhis

280 2112 354 2174 Esse
372 2120 479 2193 putant
501 2121 604 2174 tutos:
628 2110 723 2173 donec
746 2111 909 2192 Meleagros
932 2122 963 2174 et
987 2132 1043 2175 una

214 2201 371 2263 coelecta
393 2219 498 2262 manus
520 2203 662 2262 iuvenum
686 2202 784 2261 coiere
808 2201 947 2281 cupidine
970 2201 1079 2263 laudis:

280 2289 464 2371 Tyndaridae
487 2291 620 2370 gemini,
644 2297 795 2369 spectatus
818 2288 967 2350 caestibus
991 2290 1079 2371 alter,

281 2379 362 2440 Alter
385 2397 485 2459 equo,
506 2379 679 2457 primaeque
702 2380 775 2438 ratis
798 2377 917 2438 molitor
940 2377 1044 2461 lason,

280 2467 320 2529 lit
342 2485 410 2529 eum
433 2466 588 2549 Pirithoo,
612 2464 681 2526 lelir
706 2466 864 2526 concordia
876 2515 886 2547 ,
909 2465 1060 2549 TheseuS,

280 2555 319 2617 Et
342 2554 400 2622 duo
424 2554 622 2635 Thestiadae,
639 2552 744 2634 'proies
767 2554 933 2636 Aphareia,
957 2554 1088 2636 Lynceus

215 2643 427 2707 110οΕ100101
449 2642 537 2727 ldas,
560 2652 592 2704 et
613 2644 672 2704 iam
695 2661 756 2704 non
779 2643 887 2704 lamina
911 2642 1062 2727 Caeneus,

281 2733 509 2813 Leucippusque
533 2733 617 2793 lerox
640 2731 796 2811 iaculoque
818 2733 944 2811 insignis
967 2732 1104 2813 Acastus,

280 2821 526 2902 Hippothousque
541 2819 693 2900 Dryasque
716 2828 747 2881 et
767 2829 867 2882 cretus
881 2820 1042 2900 Amyntore
1055 2821 1177 2895 Phoenix,

281 2909 497 2989 Actoridaeque
517 2927 629 2991 pares,
653 2915 683 2968 et
706 2909 814 2970 missus
838 2907 874 2970 ab
897 2907 983 2970 Elide
1005 2909 1138 2990 Phyleus.

281 2999 343 3060 Nec
365 2998 507 3060 Telamon
531 2997 634 3058 aberat
656 2999 813 3076 magnique
838 3005 955 3059 creator
978 2997 1111 3078 Achillis,

181 3149 186 3161 ,
216 3100 267 3150 310
282 3087 416 3168 Cumque
439 3085 614 3148 Pheretiade
639 3093 669 3147 et
691 3084 824 3166 Hyanteo
847 3084 925 3147 lolao

281 3176 410 3257 lmpiger
432 3174 578 3255 Eurytion
602 3183 633 3235 et
656 3191 746 3234 cursu
769 3175 897 3236 invictus
919 3173 1053 3258 Echion,

281 3264 485 3345 Naryciusque
512 3261 602 3324 Lelex
624 3262 840 3342 Panopeusque
863 3262 1034 3344 Hyleusque
1063 3265 1178 3339 ferorque

282 3353 453 3435 Hippasus,
476 3360 507 3413 et
528 3351 633 3431 primis
666 3352 828 3411 etiamnum
850 3350 958 3412 Nestor
982 3355 1014 3413 in
1038 3354 1131 3433 annis,

282 3441 321 3504 Et
343 3459 418 3522 quos
441 3440 615 3521 Hippocoon
639 3440 768 3517 antiquis
792 3440 1043 3522 naisitanum,

217 3543 267 3591 sto
282 3529 506 3608 Penelopesque
530 3545 616 3589 socer
640 3545 708 3589 cum
731 3526 888 3589 Parrhasio
910 3530 1047 3611 Ancaeo,

279 3615 517 3697 Ampycidesque
540 3633 628 3694 sagax
651 3623 682 3676 et
704 3614 800 3677 adhuc
823 3633 840 3676 a
863 3618 989 3698 coniuge
1013 3628 1094 3680 tutus
