2467 4042
154 269 215 334 με
532 261 804 325 nrrsruunn.

237 421 299 481 Aut
313 432 373 493 ego
388 432 451 477 non
466 417 553 492 novi,
577 431 669 492 qaam
684 416 743 476 sim
759 418 951 493 temerarius,
975 426 1027 480 aut
1041 435 1102 480 me

179 514 226 569 ipo
278 504 311 563 ln
329 503 407 562 freta
421 516 483 562 non
499 508 606 561 cautus
620 507 684 567 tum
699 517 824 579 quoque
842 503 936 563 mittet
950 505 1057 565 Amor.

237 588 322 648 Neve
337 591 428 661 putes
442 585 474 645 id
491 601 555 659 me,
575 584 660 660 qued
675 584 776 660 abest,
798 587 972 664 promittere
987 595 1138 664 tempusa

280 671 411 745 Pignera
426 667 553 745 potiieiti
566 685 627 729 nou
642 666 696 729 tibi
711 671 798 731 tarda
817 669 909 732 dabo.

239 753 445 818 saturninum
461 753 570 828 paueis
588 753 680 814 etlam
691 768 775 814 nune
789 754 930 816 noctibus
945 770 1074 835 aequor,

279 839 327 899 Ire
343 851 399 914 per
413 836 524 897 invitas
540 836 735 913 experiemur
752 855 860 916 aquas.

179 934 225 990 195
237 928 298 986 Aut
314 921 388 982 mihi
407 921 561 997 continget
575 920 648 981 ieiix
663 922 793 983 andacia
808 925 905 998 satvr),

278 1008 341 1069 Aut
355 1021 439 1067 mors
454 1005 578 1067 soitieiti
593 1005 664 1065 finis
679 1007 793 1067 amoris
813 1007 877 1068 erit.

239 1089 358 1169 Optabo
373 1096 490 1165 tamen,
511 1096 545 1151 ut
562 1090 658 1165 partis
674 1092 812 1167 experiar
828 1090 952 1167 initias,

279 1176 318 1236 Et
331 1180 456 1236 teneam
470 1180 577 1250 pertus
592 1174 741 1250 naufraga
753 1175 890 1236 membra
903 1183 984 1237 tues.

237 1259 340 1322 Flebis
352 1257 448 1332 enirn,
468 1264 611 1333 tantaque
627 1273 727 1320 meum
742 1258 913 1335 dignabere
923 1275 1051 1336 eorpus,

176 1356 227 1408 eoo
278 1344 319 1403 lit
331 1343 463 1403 ‘mortis’
481 1342 568 1402 dites
582 1341 667 1402 itruie
680 1356 738 1419 ego
753 1358 849 1404 eausa
864 1343 931 1405 tui!

239 1427 362 1489 Scilicet
375 1426 512 1489 interitus
528 1425 696 1488 offenderis
711 1427 813 1487 emine
830 1428 936 1502 nostri,

279 1511 455 1585 Litteraque
469 1510 572 1572 invisa
585 1517 634 1572 est
647 1511 705 1571 hae
720 1528 789 1573 urea
806 1520 892 1588 parte
908 1512 982 1573 tihit

237 1595 362 1657 Desino.
385 1608 481 1670 paree
491 1593 593 1670 queri.
616 1595 675 1656 sed
692 1603 769 1657 utet
784 1611 869 1656 mare
883 1596 968 1656 finiat
983 1597 1069 1668 iranr,
1120 1592 1123 1601 '

279 1679 452 1755 Accedant,
472 1693 607 1754 quaeso,
630 1680 681 1740 iae
696 1686 747 1742 tua
759 1687 832 1741 veta
845 1680 933 1740 meis.

173 1775 223 1827 aot>
234 1764 313 1823 Paee
326 1762 413 1823 brevi
426 1762 517 1825 nobis
532 1778 612 1839 epus
627 1770 689 1838 est,
713 1764 785 1825 dum
799 1765 968 1826 transferor
982 1765 1053 1824 iste.

280 1847 354 1909 Cunr
369 1853 420 1907 tua
437 1845 594 1922 eontigero
608 1847 714 1919 litora,
735 1854 852 1924 perstet
866 1847 996 1923 hiemps.

236 1931 309 1992 istie
321 1937 488 2006 astaptum
503 1936 629 1991 nostrae
644 1933 754 1992 navale
768 1932 899 2004 carinae,

277 2014 316 2075 lit
329 2014 440 2075 meiius
453 2015 537 2075 ntrtta
552 2022 613 2076 stat
627 2031 695 2076 mea
709 2015 824 2092 puppis
840 2030 931 2091 aqua.

237 2098 301 2159 lilia
317 2113 365 2158 me
379 2099 501 2158 plaudat
516 2100 643 2175 boreas,
661 2100 714 2161 ubi
729 2101 820 2160 dulee
834 2099 946 2161 morari
960 2107 1022 2161 esta

172 2193 224 2246 210
277 2181 361 2243 Tune
377 2181 464 2257 piger
478 2182 518 2243 ad
536 2183 685 2260 nandum,
708 2191 780 2246 tune
796 2200 855 2260 ego
869 2191 978 2247 cautus
993 2199 1067 2244 eros

234 2266 297 2325 Nee
312 2265 421 2329 sariam
436 2267 540 2331 surdis
554 2267 695 2328 eonvieia
710 2267 853 2329 fluetibus
870 2269 940 2344 ulia,

276 2349 374 2410 Triste
387 2356 526 2413 nataturo
542 2366 601 2411 nee
614 2367 728 2427 querar
741 2366 813 2413 esse
829 2353 947 2413 fretum.

233 2432 284 2494 Me
298 2433 411 2508 pariter
426 2433 508 2496 venti
522 2441 645 2498 teneant
657 2436 816 2512 tenerique
831 2436 943 2513 iaeerti,

274 2517 335 2578 Per
349 2532 461 2580 pensu
476 2520 545 2580 istie
558 2517 762 2597 inpediarque
771 2520 867 2582 uuas.

171 2609 222 2662 215
233 2601 306 2662 curn
323 2600 454 2676 patietur
469 2602 584 2678 hiems,
605 2604 699 2666 remis
715 2620 773 2681 ege
788 2606 928 2682 eorporis
943 2612 1020 2667 utar.

275 2685 393 2746 Lumen
408 2686 437 2746 in
453 2696 582 2763 aspectu
596 2696 626 2749 tu
642 2689 735 2753 modo
751 2704 875 2765 semper
886 2688 977 2750 habe.

234 2769 353 2831 tnterea
367 2786 425 2846 pro
440 2787 491 2832 rne
505 2779 664 2847 pernoctet
677 2774 809 2848 epistula
823 2781 932 2847 tecam,
1022 2785 1026 2793 ’

277 2851 374 2927 Quam
386 2870 499 2931 precer
511 2864 547 2917 ut
559 2857 683 2918 minima
697 2872 871 2933 prosequar
884 2857 952 2933 ipse
965 2870 1060 2919 mera.

236 3151 338 3258 Quam
353 3187 425 3248 mihi
438 3189 548 3250 misisti
563 3189 683 3266 verbis,
705 3193 858 3268 Leandre,
881 3195 1010 3255 satutem

275 3273 314 3334 Ut
327 3271 446 3348 possim
460 3272 587 3334 missam
601 3274 694 3335 rebus
709 3276 838 3351 habere,
859 3278 944 3339 vani!

201 3380 203 3384 v
233 3357 339 3432 Longa
353 3373 439 3417 mora
453 3364 501 3417 est
516 3357 607 3420 nohis
621 3359 737 3434 omnis,
760 3376 839 3436 quae
854 3363 966 3438 gaudia
981 3362 1095 3425 differt.

275 3442 325 3501 Da
337 3440 458 3502 veniam
473 3442 592 3519 iassae,
611 3459 673 3504 non
688 3444 838 3520 patienter
851 3461 931 3507 arno.

206 3523 355 3586 5Urimur
368 3524 440 3601 igne
454 3526 530 3604 pari.
553 3527 612 3588 sed
626 3544 694 3588 sum
708 3527 760 3589 tibi
776 3528 892 3591 viribus
906 3531 1006 3609 inpar.
