2467 4042
400 227 486 297 VIII,
504 225 649 296 sea-IX,
669 233 720 283 67.
795 246 927 286 aennons
1002 229 1063 296 175

131 393 400 475 Congreditnrqne
423 393 529 455 ferox.
556 391 665 474 puduit
689 392 777 454 modo
804 410 910 474 magna
931 394 1063 457 loentum

133 483 277 546 &deret
299 484 392 544 reieci
413 480 538 543 viridem
561 481 598 542 de
622 498 747 561 corpore
770 490 901 565 restem,

132 571 343 651 BraeuhIaque
365 572 513 651 opposui,
535 571 679 650 tenuique
702 588 719 631 a
740 578 863 650 pectore
885 589 969 633 varas

133 661 171 723 ln
196 662 325 724 statione
348 676 453 721 manus
477 666 508 720 et
528 675 645 738 pugnae
668 657 802 721 membra
822 663 939 739 paravi.

82 760 121 812 tu
134 749 191 811 Ille
214 750 295 811 cavis
317 747 423 810 hausto
447 749 561 827 spargit
582 764 630 808 me
652 746 775 826 pulvere
798 748 918 831 palmis,

134 837 234 917 Inque
257 839 354 899 vinem
377 835 473 897 fulvae
496 842 578 896 tactu
600 833 733 896 flavescit
754 835 900 898 harenae.

136 925 178 988 Et
200 924 289 987 modo
313 926 483 1005 cervicem,
505 922 593 984 modo
617 941 706 985 orura
728 926 867 986 micantia
889 933 1003 1006 eaptat,

136 1016 200 1075 Ant
222 1022 343 1094 captare
366 1020 476 1093 putes,
500 1013 640 1091 omnique
664 1029 681 1072 a
703 1020 787 1091 perte
810 1012 946 1075 lacessit.

137 1102 188 1164 hie
210 1119 277 1164 mea
300 1100 433 1163 defendit
455 1102 605 1180 pavitas:
627 1101 800 1179 frustraque
821 1100 963 1183 petehar;

86 1202 124 1253 to
137 1189 227 1251 Haud
250 1207 339 1251 secus
360 1207 395 1250 ao
416 1189 534 1271 moles,
555 1205 662 1267 magno
680 1205 769 1269 qnam
789 1207 942 1252 murmure
956 1190 1065 1253 humus

138 1277 345 1359 oppugnant3
365 1285 466 1339 manet
487 1276 537 1338 illa
548 1323 559 1359 ,
581 1294 697 1356 suoque
721 1286 767 1339 est
788 1277 921 1359 pondere
944 1286 1024 1342 tuta.

138 1365 331 1446 itigredimur
353 1366 475 1446 panium
487 1414 497 1447 ,
519 1382 686 1446 rursusque
709 1364 745 1426 ad
768 1364 845 1428 hello
868 1369 999 1448 coimus,

138 1454 238 1535 Inque
261 1453 355 1534 gradu
378 1456 538 1536 stetimus,
562 1455 639 1516 uerti
661 1470 722 1516 non
745 1454 875 1536 oedere3
898 1464 1021 1535 eratque

138 1542 219 1605 Gnm
241 1541 318 1622 pede
341 1560 395 1623 pes
417 1545 560 1624 iunctus,
582 1549 706 1621 totoque
729 1560 785 1622 ego
808 1551 931 1623 pectore
952 1561 1065 1623 pronus

87 1644 123 1694 to
138 1629 180 1692 Et
202 1630 312 1711 digitos
335 1629 434 1710 digitis
457 1638 489 1692 et
510 1630 641 1692 frontem
662 1630 761 1693 fronte
783 1631 970 1711 premebam.

138 1718 208 1781 Non
232 1718 318 1780 aliter
340 1718 400 1781 ridi
422 1719 515 1780 fortes
538 1736 720 1781 concurrere
743 1727 863 1801 tauros,

139 1806 219 1868 Cum
240 1808 371 1888 pretium
392 1824 510 1887 pugnae
532 1814 595 1868 toto
618 1806 795 1869 nitidissima
817 1807 894 1869 saltu

139 1894 302 1976 Expetitur
323 1896 472 1957 eoninnx:
494 1903 631 1974 spectant
652 1903 785 1957 umente
807 1905 972 1977 paventque

141 1983 251 2045 Nescia
263 2029 274 2065 ,
297 2001 386 2064 quem
409 1992 526 2045 maneat
547 1985 623 2044 tanti
645 1984 769 2045 viatoria
791 1987 892 2063 regni.

89 2085 126 2136 ιο
139 2072 203 2133 'i'er
226 2074 291 2134 sine
313 2072 451 2152 proiectu
473 2071 567 2133 volarit
587 2072 714 2133 nitentIa
736 2079 841 2133 eontra

141 2160 270 2222 Reicere
292 2158 410 2221 Alcides
432 2177 449 2220 a
472 2177 506 2220 se
528 2177 594 2220 mea
615 2166 760 2239 pectora:
783 2168 890 2240 quarto

142 2248 266 2310 Excutit
287 2246 462 2329 amplexus,
485 2247 670 2326 adductaque
692 2246 832 2309 hraoohia
854 2248 957 2330 solvit,

142 2335 357 2417 Inpulsumque
381 2342 527 2398 mann'-
541 2343 659 2397 eertum
681 2343 729 2397 est
749 2336 823 2397 mihi
840 2354 909 2397 vera
923 2337 1009 2397 fateri
1024 2369 1066 2381 -

142 2423 287 2486 Protinus
309 2425 438 2507 avertit,
460 2432 604 2504 tergoque
628 2441 774 2486 onerosus
796 2423 939 2486 inhaesit.

92 2511 240 2591 assiqua
262 2511 358 2595 fides,
382 2530 541 2592 -neque
565 2514 645 2573 emm
667 2513 735 2574 fleta
757 2511 831 2574 mihi
853 2512 946 2592 gloria
967 2531 1039 2574 voce

144 2600 307 2672 Quaeritur
329 2632 372 2646 -
395 2602 525 2681 Inposita
546 2617 671 2681 pressus
693 2600 767 2662 mlhi
789 2609 890 2662 monte
914 2600 1049 2662 videbar.

144 2686 200 2750 Vix
222 2696 321 2751 tamon
343 2691 458 2755 inserui
481 2688 591 2751 sudore
613 2688 736 2750 fluentia
758 2688 852 2750 multo

147 2775 291 2839 Braochia
303 2824 313 2859 ,
335 2778 383 2838 vix
405 2777 479 2839 solvi
502 2776 594 2839 duros
616 2796 635 2838 a
656 2784 778 2858 pectore
801 2794 913 2839 noxus.

144 2865 240 2927 Instat
261 2864 433 2949 anhelanti,
454 2864 652 2945 prohibetque
675 2882 829 2927 resumere
851 2868 948 2946 vires,

94 2966 132 3016 ao
145 2952 186 3015 Et
207 2956 323 3015 servios
345 2971 411 3016 mea
432 2955 567 3035 potitur.
593 2962 660 3015 tum
683 2952 812 3033 denique
836 2953 922 3015 tellus

145 3041 253 3103 Pressa
274 3059 354 3122 genu
376 3049 480 3105 nostro
502 3051 549 3104 est
561 3090 571 3124 ,
593 3050 625 3104 et
646 3042 773 3104 harenas
795 3059 847 3103 ore
870 3040 1031 3102 momordi.

146 3129 274 3192 Inferior
296 3132 429 3212 virtuto,
450 3148 532 3192 meas
554 3130 687 3192 divertor
709 3130 745 3192 ad
768 3137 865 3211 artes,

145 3217 314 3299 Elahorque
332 3220 396 3279 viro
414 3218 536 3298 lengum
554 3218 699 3281 formatus
716 3221 748 3281 in
767 3236 908 3298 anguem.
931 3231 954 3271 t·
968 3229 1069 3271 cxxxiv-

145 3307 205 3379 Qui
226 3315 384 3387 postquam
405 3306 498 3368 flexos
521 3308 636 3369 sinuavi
658 3325 767 3387 eorpus
790 3309 822 3368 in
845 3304 952 3388 orhes,

95 3408 132 3458 aa
147 3394 282 3475 Cumque
305 3397 368 3457 tero
392 3397 471 3457 movi
492 3395 624 3475 linguam
646 3396 775 3457 stridore
797 3393 959 3476 hisuleam,

146 3483 244 3564 Risit,
267 3492 298 3545 et
320 3483 449 3547 illudens
470 3493 589 3546 nostras
611 3483 785 3566 Tirynthhrs
808 3490 887 3545 artes

147 3567 322 3634 “Cunarum
343 3570 428 3634 lahor
449 3581 497 3634 est
518 3590 630 3654 angues
654 3590 795 3654 superare
818 3567 979 3649 mearum‚'
