2467 4042
956 4 995 23 N

445 220 493 290 11,
511 225 667 276 ote-652.
775 239 911 275 cernuos
1017 219 1059 286 39

134 386 210 449 Odit
232 404 362 468 cumque
385 403 474 448 manu
498 388 656 447 temeraria
678 385 736 447 teia
748 432 758 467 ,
781 387 919 465 sagittas:

135 474 365 555 Collapsamque
387 475 468 536 foret
490 491 616 553 seraque
640 492 696 554 ope
714 475 833 536 vincere
856 474 915 536 iata

137 563 255 625 Nititur
277 571 309 624 et
330 564 460 624 medicas
483 569 603 623 exercet
625 563 753 623 inaniter
776 570 872 623 artes.

135 652 221 723 Quae
243 659 401 731 postquam
423 651 534 711 frustra
556 657 721 731 temptata,
742 667 908 730 rogumque
930 651 1029 730 parari

59 752 121 802 sao
135 740 241 800 Sensit
263 747 293 800 et
310 756 432 801 arsuros
454 740 602 818 supremis
625 737 744 817 ignibus
766 747 867 820 artus,

136 827 230 906 [Turn
254 845 324 888 vero
347 830 497 908 gemitus,
520 845 618 907 neque
642 829 722 890 enim
740 826 877 888 caeiestia
899 828 994 907 tiugui

135 914 198 977 Ora
219 915 291 977 licet
312 915 464 997 lacrimis,
486 915 544 977 alto
568 915 605 976 de
629 915 718 977 corde
741 918 852 995 petitos

134 1003 261 1066 Edidit:
283 1003 363 1066 baud
386 1003 471 1067 aliter
483 1051 493 1085 ,
517 1021 605 1084 quam
629 1021 697 1065 cum
720 1011 874 1084 spectante
896 1005 1020 1066 iuvenca

134 1090 288 1154 Lactantio
310 1091 395 1154 vituli
416 1092 520 1154 dextra
541 1091 726 1158 libratus.ab
749 1110 821 1154 aure

63 1192 124 1241 ers
138 1180 289 1259 Tempora
312 1180 453 1242 discussit
475 1181 555 1242 claro
578 1198 649 1244 cava
670 1179 794 1245 malleus
815 1182 895 1242 ictu.

134 1265 177 1330 Ut
198 1277 299 1330 nmen
320 1271 453 1348 ingratos
474 1271 506 1330 in
528 1277 650 1349 pectora
673 1269 751 1331 fudit
772 1268 879 1330 odores

133 1355 175 1417 Et
197 1356 279 1418 dedit
302 1356 454 1437 amplexus
476 1358 646 1437 iniustaque
669 1359 747 1419 iusta
768 1359 885 1437 peregit
893 1355 917 1438 ,]

133 1443 202 1505 Non
215 1443 295 1523 tulit
316 1447 348 1506 in
371 1446 488 1507 cineres
510 1445 569 1507 labi
591 1464 645 1507 sua
667 1444 806 1506 Phoebus
829 1446 950 1507 eosdem

134 1532 279 1615 Semina,
303 1533 356 1594 sed
379 1541 481 1595 netmn
503 1533 630 1596 flammis
653 1542 799 1613 uteroque
821 1536 954 1613 parentis

62 1633 121 1682 eac
133 1619 255 1700 Eripuit
277 1623 447 1701 geminique
470 1621 540 1684 tulit
563 1621 700 1683 Chironis
722 1624 754 1684 in
777 1629 912 1683 antrum.

135 1708 374 1789 sperantemque
397 1709 454 1771 sibi
476 1728 537 1772 non
559 1710 650 1772 falsae
671 1712 802 1791 praemia
823 1710 941 1789 linguae

133 1796 217 1859 luter
240 1814 309 1859 aves
331 1797 412 1859 albas
434 1800 529 1860 vetuit
551 1801 716 1860 consistere
738 1816 878 1860 corvum.

181 1884 309 1947 Semifer
331 1887 447 1947 interea
469 1888 584 1949 divinae
607 1888 709 1967 stirpis
733 1887 851 1949 alumrm
978 1900 1056 1944 nu·

132 1972 245 2036 Laetus
267 1982 333 2035 erat
354 1977 506 2054 mistoque
529 1978 614 2037 oneri
637 1974 783 2054 gaudebat
804 1975 935 2037 honore.

66 2073 120 2122 aas
133 2061 214 2123 Ecce
237 2064 320 2123 venit
342 2062 441 2124 rutilis
464 2081 584 2125 umeros
606 2072 742 2143 protecta
764 2063 878 2142 capiffis

133 2149 209 2210 Filia
233 2148 397 2230 Centauri,
419 2169 509 2230 quam
531 2152 681 2230 quondam
702 2151 830 2231 nympha
854 2149 1010 2240 Chariclo.

133 2237 281 2299 Fluminis
303 2240 335 2299 in
357 2239 454 2318 rapidi
476 2241 550 2319 ripis
573 2243 659 2301 enixa
681 2242 795 2301 vocarit

134 2325 317 2405 Ocyrboen.
344 2345 404 2388 non
422 2327 496 2389 haec
519 2336 598 2389 artes
622 2336 762 2389 contenta
783 2335 922 2407 paternas

135 2413 302 2476 Edidieisse
326 2415 405 2477 fuit:
432 2417 562 2477 satorum
585 2434 692 2478 arcana
715 2415 855 2478 canebat.

66 2515 119 2565 tto
134 2502 216 2582 Ergo
235 2501 289 2564 ubi
310 2505 453 2566 vaticinos
476 2507 614 2585 concepit
636 2512 736 2567 mente
758 2506 895 2586 furores,

133 2590 323 2670 Incaluitque
345 2591 425 2675 deo,
447 2610 537 2671 quem
559 2592 695 2655 clausum
716 2600 839 2673 pectore
861 2591 1006 2674 habebat,

133 2681 249 2759 Aspicit
270 2680 415 2742 infantem
437 2676 515 2742 ‘toti'
540 2699 597 2761 que
621 2677 767 2744 ‘salutifer
789 2679 855 2742 orbi

135 2767 245 2829 Cresce
267 2786 344 2848 puer
358 2764 377 2829 τ’
401 2768 475 2831 duit
498 2765 563 2831 ‘tibi
585 2787 618 2831 se
641 2769 775 2831 mortalia
793 2787 881 2849 saepe

134 2855 268 2935 Corpora
291 2855 465 2920 debebunt:
487 2860 599 2919 animas
622 2857 676 2919 tibi
698 2858 824 2920 reddere
847 2858 998 2937 ademptas

67 2956 119 3006 ua
133 2943 192 3005 Fas
216 2946 296 3006 erit:
317 2945 408 3026 idque
431 2945 523 3007 semel
546 2946 591 3007 dis
613 2946 836 3026 indignantibus
858 2965 967 3028 ausus,

132 3032 227 3094 Posse
250 3032 322 3098 dare
344 3034 401 3095 hoc
422 3037 533 3096 iterum
554 3033 671 3097 flamma
693 3034 891 3114 prohibebere
914 3038 1008 3118 avita,

133 3120 220 3201 Eque
243 3121 300 3182 deo
323 3139 433 3201 corpus
455 3123 509 3184 ties
532 3141 704 3205 exsangue,
726 3123 878 3205 deusque,
965 3138 990 3180 t.
1003 3137 1057 3192 nt.

134 3210 194 3281 Qui
217 3209 306 3271 modo
329 3227 438 3290 corpus
461 3228 528 3272 eras
540 3258 550 3292 ,
573 3219 604 3273 et
626 3210 672 3272 bis
695 3219 746 3273 tua
769 3212 827 3272 iata
845 3211 984 3274 novabis.

134 3298 181 3359 'fu
205 3315 325 3377 quoque
337 3345 347 3381 ,
371 3316 439 3360 care
461 3307 568 3381 pater,
591 3318 672 3361 nunc
694 3299 860 3361 inmortalis
882 3308 914 3362 et
936 3303 1014 3362 aevis

66 3398 119 3450 eto
135 3386 281 3448 Omnibus
304 3395 339 3448 ut
361 3404 502 3469 maneas,
525 3389 666 3450 nascendi
687 3387 753 3467 lege
777 3396 913 3470 creatus,

132 3475 226 3537 Posse
250 3477 328 3557 mori
351 3478 454 3554 cupies
476 3484 541 3537 tum
553 3524 563 3559 ,
586 3494 656 3538 cum
678 3475 852 3537 cruciabere
876 3477 956 3539 dirae

134 3563 285 3644 Sanguine
308 3566 457 3645 serpentis
479 3582 534 3644 per
557 3567 658 3627 saucia
680 3563 813 3626 membra
835 3575 975 3645 recepto:
