2467 4042
471 228 506 280 11.
525 230 621 280 s-an.
681 263 684 270 ,
982 227 1048 292 235

82 401 116 450 40
174 389 270 450 Caede
293 407 348 468 per
370 388 546 452 Haemonias
569 390 656 452 solvit
677 390 801 452 Acastus
824 408 931 470 aquas.

130 475 250 539 vectam
272 477 396 539 frenatis
417 495 472 557 per
495 479 582 539 inane
606 477 784 540 draconibus
807 477 924 559 Aegeus

174 564 320 626 Credulns
342 567 479 626 inmerito
501 564 628 627 Phasida
649 568 725 627 iuvit
747 584 821 646 ope.

130 653 369 732 Amphiareiades
391 653 561 733 Naupactoo
584 654 713 716 Acheloo

174 736 277 802 ‘Solve
300 736 397 802 neias'
419 741 518 822 dixit,
540 740 628 803 solvit
650 751 681 803 et
702 741 751 803 ille
775 742 875 804 nolas.

80 840 114 890 4⁶
129 827 170 889 hi
200 830 324 890 nimium
347 830 470 910 laciles,
493 832 545 911 qui
567 831 663 892 tristia
687 832 810 892 crimina
833 829 932 892 caedis

173 916 325 978 Flumineo
349 917 412 978 tolli
434 935 522 997 posse
544 920 656 998 putatis
679 917 772 999 aquai

129 1004 187 1067 Sed
211 1013 310 1083 tamen
333 1037 367 1050 -
390 1008 504 1085 antiqui
525 1024 564 1067 ne
587 1009 707 1069 nescius
730 1006 843 1068 ordinis
866 1024 949 1068 erres
973 1039 1005 1050 -

171 1093 311 1175 Primus,
334 1102 368 1155 ut
391 1103 459 1173 est,
482 1092 545 1155 lani
567 1098 678 1156 mensis
701 1105 731 1157 et
754 1104 821 1156 ante
845 1096 919 1156 luit.

128 1181 185 1253 Qui
208 1181 491 1263 sequitur-lanum,
516 1185 624 1244 veteris
647 1185 704 1245 luit
727 1182 848 1245 ultimus
871 1185 958 1245 anni:

80 1280 115 1330 ⁶0
173 1270 219 1331 Tu
242 1288 361 1349 quoquo
385 1288 560 1350 sacrorum,
583 1270 745 1352 Termine,
769 1272 836 1333 linis
859 1287 944 1333 oras.

128 1355 245 1417 Primus
268 1361 346 1418 enim
369 1358 432 1418 lani
455 1361 565 1419 mensis
577 1404 585 1437 ,
611 1361 679 1437 quia
702 1362 788 1420 ianua
811 1361 907 1438 prima
928 1366 992 1421 est:

173 1442 231 1514 Oui
254 1461 338 1505 sacer
361 1447 498 1505 ostiaris
521 1444 658 1507 machus
670 1489 680 1526 ,
702 1448 780 1507 imus
803 1454 886 1507 erat.

89 1577 93 1585 .
127 1530 286 1592 Postmodo
309 1532 473 1593 creduntur
496 1534 590 1612 spatio
613 1532 752 1595 distantia
775 1534 863 1613 longo

172 1618 317 1700 Tempora
340 1619 386 1681 his
407 1622 492 1699 quini
514 1623 705 1682 continuasse
727 1624 798 1682 riri.

385 1795 414 1858 1.
435 1791 703 1859 H0K·FEB·N

80 1949 113 1999 ot
128 1936 278 2018 Principio
303 1939 413 1999 mensis
435 1936 579 2018 Phrygiae
603 1940 786 2000 contermina
809 1937 895 2002 Matri

173 2025 288 2107 Sospita
312 2023 444 2088 delubris
467 2025 577 2088 dicitur
600 2034 686 2089 aucta
710 2029 809 2088 novis.

42 2179 47 2186 q
127 2109 230 2176 ‘Nunc
253 2113 304 2176 ubi
328 2120 419 2195 sunt,
441 2112 500 2175 illis
523 2132 598 2192 quae
623 2121 693 2175 sunt
715 2122 828 2187 sacrata
851 2114 991 2178 Kalendis

170 2201 291 2282 Templa
314 2201 385 2263 deae
399 2197 432 2263 ‘2'
455 2201 542 2282 longa
563 2201 752 2282 procubuere
775 2202 840 2266 die.

127 2290 231 2351 Cetera
254 2309 291 2352 ne
315 2289 404 2351 simili
427 2288 567 2352 caderent
589 2289 731 2352 labefacta
753 2293 856 2372 ruina,

78 2390 113 2441 co
171 2376 253 2439 Cavit
275 2378 383 2440 sacrati
404 2377 525 2457 provida
549 2396 621 2440 cura
644 2377 748 2459 ducis,

128 2465 190 2527 Sub
214 2485 272 2545 qno
296 2464 428 2528 delubris
451 2467 580 2529 sentitur
602 2465 683 2529 nulla
706 2475 862 2550 senectus3

170 2553 232 2615 Nec
255 2556 325 2616 satis
349 2562 395 2614 est
417 2553 574 2636 homines,
596 2554 705 2633 obligat
727 2553 776 2617 ille
799 2549 888 2617 deos.

126 2641 316 2721 Templorum
339 2644 468 2724 positor,
492 2642 670 2721 templorum
694 2651 794 2705 sancte
816 2651 971 2726 repostos,

171 2729 215 2793 Sit
238 2732 376 2812 superis,
400 2737 492 2811 opto,
515 2738 618 2793 mutua
641 2747 713 2793 cura
736 2735 796 2793 tui.

77 2831 111 2882 aa
125 2818 201 2881 beot
224 2820 277 2881 tihi
300 2817 465 2900 caelestes,
488 2837 563 2899 quos
586 2828 621 2881 tu
644 2818 821 2882 caelestibus
832 2868 843 2901 ,
866 2837 976 2900 annos,

69 2959 72 2964 .
169 2907 286 2988 Proque
310 2915 360 2970 tua
384 2916 521 2969 maneant
543 2910 574 2971 in
595 2910 723 2970 statione
747 2908 850 2970 domo.

125 2994 209 3057 Tunc
232 3015 350 3076 quoque
372 2996 462 3057 ricini
484 2996 569 3058 lucus
593 2995 760 3059 celebratur
782 2994 904 3058 llelerni

170 3082 233 3153 Qtra
256 3086 331 3163 petit
353 3101 515 3163 aequoreas
539 3083 650 3145 advena
672 3083 799 3162 Thybris
822 3099 931 3161 aquas.
970 3155 977 3170 k

125 3169 170 3232 td
192 3170 343 3250 penetrale
366 3168 500 3251 Numae,
523 3169 780 3250 Capitolinumque
803 3169 984 3248 Tonantem,

2 3319 3 3332 ,
75 3271 109 3321 ‘10
168 3256 262 3339 lnque
284 3256 360 3321 lovis
383 3275 497 3319 summa
520 3256 654 3318 caeditur
677 3276 744 3319 aree
767 3256 889 3318 bidens.

124 3345 219 3426 Saepe
242 3363 346 3427 graves
368 3345 481 3427 pluvias
504 3344 665 3426 adopertus
687 3343 817 3408 nubibus
840 3354 940 3406 auster

168 3433 302 3498 Concitet
314 3482 324 3517 ,
348 3442 399 3497 aut
421 3435 515 3514 posita
539 3432 595 3496 snb
618 3436 684 3497 nive
708 3442 788 3496 terra
809 3425 907 3496 latet(
