2467 4042
428 239 512 312 xm,
531 247 670 299 oa-rea.
787 264 881 301 uena
995 246 1060 315 259

132 407 200 470 Ora
222 425 318 489 sono;
340 425 438 488 neme
461 406 546 471 abest
566 408 702 471 lacundis
725 413 818 489 gratia
840 410 944 475 dictis.

133 493 185 558 ‘Si
206 514 273 558 mea
295 514 364 558 eum
386 498 495 562 vestris
517 495 680 560 valuissent
701 505 768 561 vota
780 546 790 580 ,
812 498 945 583 Pelasgi,

131 584 205 647 Non
227 586 306 646 foret
327 584 484 664 ambiguus
505 588 581 650 tanti
603 588 774 648 certaminis
795 587 906 669 heres,
965 638 968 645 .

52 687 115 737 rao
132 673 244 753 Tuque
268 674 328 735 tuis
350 675 463 754 amis,
485 691 541 735 nos
562 681 593 736 te
615 682 811 758 poteremur,
832 675 961 741 Achille.

132 762 236 834 Quem
258 763 397 842 quomam
420 779 480 823 non
504 780 596 841 aequa
618 762 693 824 mihi
714 762 857 843 uobisque
879 776 1026 846 negarunt

132 850 210 913 Fata
221 847 243 932 ,³
267 882 309 895 -
332 867 482 930 manuque
504 850 592 913 simul
614 850 708 914 veluti
727 851 911 915 lacrimantia
932 857 1020 917 tersit

132 938 265 1001 Lumina
287 970 329 984 -
355 934 435 1018 ‘quis
456 956 563 1019 magno
586 940 694 1002 melius
716 940 858 1003 succedat
880 941 1003 1025 Achilli,
1090 952 1096 957 ’

132 1028 233 1100 Quam
255 1044 311 1108 por
332 1044 423 1107 quem
444 1045 569 1108 magnus
591 1026 699 1091 Danais
721 1031 868 1092 suecessit
888 1029 1043 1093 Achilles?
1157 1088 1162 1097 .

45 1127 115 1179 ‚aad
133 1115 217 1180 Huic
239 1115 327 1178 modo
350 1134 389 1177 ne
411 1118 529 1199 prosit,
551 1115 654 1197 quod,
676 1118 722 1178 uti
743 1125 810 1199 est,
833 1116 926 1184 hehes
949 1137 1015 1181 esse

926 1207 1060 1271 ridetur·

132 1292 218 1355 Neve
241 1293 314 1356 mihi
336 1302 465 1377 noceat,
487 1292 567 1373 quod
589 1293 816 1375 vobis-semper
828 1342 838 1377 ,
859 1295 981 1379 Achivi,
1051 1256 1061 1291 ⁹

132 1380 255 1444 Proluit
275 1383 450 1463 ingenium:
471 1400 597 1462 meaque
615 1382 690 1444 haec
708 1382 866 1465 facundia,
889 1388 975 1464 sique
997 1393 1061 1468 est,

131 1471 220 1543 Quae
243 1488 324 1532 nune
345 1488 402 1552 pro
425 1470 567 1553 domino,
588 1488 645 1550 pro
668 1470 752 1532 vohis
773 1489 861 1551 saepe
879 1471 979 1535 locuta
996 1483 1060 1557 est,

133 1558 250 1621 invidia
272 1567 394 1640 went,
416 1557 495 1621 bona
515 1576 573 1620 nee
595 1577 651 1622 sua
673 1561 799 1639 qrmsqua
820 1569 958 1625 recuset.

59 1661 117 1711 140
133 1647 213 1710 Nam
234 1664 330 1728 genus
352 1654 383 1709 et
404 1664 530 1727 proauos
553 1654 682 1726 atquae
704 1665 766 1710 non
789 1647 914 1711 iacimus
937 1651 1012 1732 ipsi,

131 1735 191 1798 Vix
214 1753 249 1798 oa
270 1742 373 1798 nostra
395 1752 491 1797 voco.
518 1735 572 1797 sed
594 1737 674 1797 enim
697 1738 767 1815 quia
788 1736 904 1800 rettulit
925 1737 998 1803 arax

133 1824 212 1887 Esse
235 1822 312 1885 loris
333 1840 507 1904 pronepos,
528 1824 625 1885 nostri
647 1842 767 1903 quoqne
785 1827 937 1904 sanguinis
956 1834 1059 1890 auctor

133 1913 271 1993 luppiter
292 1920 361 1995 est,
382 1911 566 1990 totidemque
589 1912 699 1997 gradus
722 1912 865 1975 distamus
888 1912 925 1974 ah
947 1913 1015 1975 illo.

134 2000 212 2062 Nam
235 1999 308 2062 mihl
329 1999 452 2062 Laertes
474 2008 558 2079 pater
582 2007 629 2061 eat
641 2046 651 2082 ,
673 1999 813 2063 Arcesius
836 2000 896 2082 illi,

63 2100 118 2152 145
134 2089 271 2170 luppiter
293 2088 387 2169 huio;
408 2105 506 2167 neque
528 2089 560 2150 in
582 2087 631 2150 his
653 2091 810 2168 mquam
832 2090 987 2153 damnatus

920 2186 952 2241 el
973 2179 1058 2241 exul.

134 2263 194 2326 Est
215 2282 334 2345 quoqne
356 2282 412 2345 per
434 2272 560 2328 matrem
583 2264 733 2346 Cyllenius
754 2266 854 2329 addita
870 2265 958 2328 nobis

134 2352 237 2415 Altera
258 2351 418 2415 nobilitas.
445 2353 520 2415 deus
542 2361 590 2416 est
610 2357 644 2415 ia
665 2362 795 2433 utroque
816 2362 957 2435 parante.

135 2440 198 2503 Sed
220 2459 319 2521 neque
341 2448 477 2507 materno
496 2441 580 2522 qnod
602 2460 671 2504 sum
693 2444 866 2521 generosior
889 2451 975 2525 ortu,

134 2528 200 2590 Nec
221 2529 294 2591 mihi
316 2529 396 2609 quod
418 2537 504 2610 pater
526 2538 574 2593 est
594 2531 720 2592 fraterni
741 2532 894 2610 sanguinis
916 2533 1037 2611 insons,

67 2628 120 2682 loo
134 2617 294 2697 Proposita
316 2635 397 2678 arma
418 2625 511 2699 pain.
538 2621 654 2680 meritis
676 2617 833 2699 expendite
855 2637 993 2700 causam3

136 2705 303 2768 Dummodo
327 2705 407 2786 quod
429 2707 538 2768 hohas
560 2705 702 2768 Telamon
724 2706 892 2788 Peleusque
914 2708 1038 2770 hrernnt

135 2795 234 2855 Aiacis
255 2796 396 2856 meritum
418 2811 479 2856 non
501 2797 562 2877 alt,
584 2813 642 2857 nec
664 2796 816 2875 sanguinis
838 2795 930 2877 ordo,

137 2881 198 2943 Sed
219 2883 338 2944 virtutis
355 2882 457 2944 honor
479 2882 582 2963 spolils
605 2891 767 2963 quaeratur
788 2886 820 2945 ln
842 2886 926 2946 istis.

135 2970 196 3032 Aut
218 2972 244 3031 si
265 2972 439 3050 proximitas
460 2973 636 3052 primusque
658 2974 823 3051 requiritur
845 2972 953 3052 heres,

69 3069 120 3121 toa
135 3057 192 3120 Est
213 3060 331 3138 genitor
353 3058 482 3139 Peleus,
505 3068 552 3121 est
573 3059 706 3139 Pyrrhus
728 3059 807 3122 filius
829 3059 890 3123 illi.

135 3146 211 3219 Quis
232 3146 317 3208 locus
334 3143 448 3209 Aiaci?
468 3146 606 3209 Phthiam
628 3147 702 3209 haee
721 3147 882 3228 Scyrumve
906 3148 1056 3211 ferantur.

135 3233 198 3296 Neo
220 3236 319 3297 rnlnns
342 3243 389 3297 ast
409 3237 468 3297 isto
490 3234 607 3297 Teucer
629 3235 772 3316 patruelis
794 3235 916 3297 Achilli.

136 3322 215 3385 Num
237 3325 314 3404 petit
334 3322 385 3384 ille
407 3330 528 3405 tamen,
550 3341 625 3385 num
646 3324 673 3385 sl
694 3332 798 3405 petat,
820 3324 935 3385 auferat
957 3318 1033 3385 illa?

134 3410 215 3491 Ergo
237 3429 363 3493 operum
385 3412 525 3490 qnoniam
548 3410 662 3474 nudum
684 3420 835 3474 certamen
857 3410 1001 3492 habetur,

71 3511 122 3564 rto
136 3499 227 3561 Plura
250 3499 370 3579 quidam
392 3500 451 3561 leci
463 3547 473 3582 ,
495 3517 584 3580 mam
607 3518 683 3579 quae
706 3499 920 3580 comprendere
943 3498 1032 3560 dictis

134 3586 333 3669 inpromptu
355 3587 429 3650 mihi
451 3589 511 3650 sit.
538 3606 641 3651 rerum
664 3596 763 3651 tamen
786 3588 890 3650 ordine
913 3587 1022 3649 ducar.

793 3686 846 3740 rr*
