2467 4042
182 232 226 298 52
597 229 768 281 rnrsrruu

270 397 348 459 Dum
370 395 520 475 trepidant
541 394 678 475 Minyae,
701 394 773 455 dum
795 392 921 455 solvitur
943 410 1050 473 aggere
1077 395 1186 476 funis,

271 485 348 547 Dum
371 487 507 563 sequitur
529 483 644 544 celeres
667 499 775 542 ancora
798 490 893 544 tracts
914 499 1038 560 manus,

223 586 256 636 15
272 573 397 635 Conscia
418 573 568 654 percussit
591 572 767 631 meritorum
789 579 911 649 pectora
934 569 1051 631 Colchis

271 663 350 723 Ausa
372 668 461 740 atque
484 678 593 721 ausura
614 657 709 720 multa
731 658 857 719 nefanda
879 676 989 738 manu;

271 749 331 830 Et,
355 766 533 830 quamquam
556 755 695 827 superest
716 749 822 825 ingens
844 746 966 809 audacia
988 749 1107 830 menti,

271 837 367 899 Pallor
390 840 421 898 in
444 838 585 897 attonitae
608 837 732 914 virginis
754 853 807 896 ore
829 836 904 896 luit.

271 925 350 1005 Ergo
374 924 426 987 ubi
447 927 602 1005 prospexit
624 926 771 984 venientia
793 923 875 1004 vela,
898 919 1081 1005 ‘Tenemur,

223 1026 258 1076 ao
272 1013 311 1075 Et
332 1021 418 1095 pater
441 1020 488 1074 est
509 1012 606 1093 aliqua
629 1011 733 1072 fraude
757 1006 929 1072 morandus’
953 1014 1011 1074 ait.

271 1102 348 1163 Dum
371 1101 442 1181 quid
457 1109 539 1181 agat,
559 1102 694 1181 quaerit,
713 1099 784 1162 dum
798 1108 897 1160 versat
913 1101 946 1161 in
964 1100 1063 1160 omnia
1080 1101 1204 1184 vultus,

272 1191 316 1252 ild
339 1191 462 1251 fratrem
485 1207 556 1250 casu
578 1188 690 1249 lumina
712 1188 787 1249 flexa
809 1187 896 1249 tulit.

272 1278 365 1340 Cuius
388 1286 422 1340 ut
444 1276 541 1339 oblata
564 1288 611 1338 est
632 1278 821 1358 praesentia,
845 1271 998 1338 ‘Vicimus'
1021 1278 1148 1356 inquit:

273 1363 339 1429 ‘llic
362 1366 435 1428 mihi
457 1374 553 1428 morte
575 1382 630 1426 sua
653 1383 741 1426 causa
764 1363 868 1426 salutis
891 1359 968 1426 erit'

224 1468 258 1517 ao
272 1455 412 1517 Protinus
434 1457 530 1533 ignari
552 1471 608 1515 nec
632 1454 791 1533 quiequam
812 1451 870 1514 tale
893 1454 1025 1514 timentis

272 1543 437 1605 innocuum
460 1542 555 1620 rigido
578 1542 712 1621 perforat
734 1559 805 1602 ense
828 1539 924 1621 latus,

272 1632 370 1712 Atque
391 1635 433 1693 ita
456 1630 588 1710 divellit,
610 1630 783 1709 divulsaque
806 1629 940 1691 membra
961 1647 1016 1710 per
1039 1647 1133 1708 agros

274 1719 402 1799 Dissipat
424 1722 455 1780 io
478 1718 580 1780 multis
602 1719 779 1779 invenienda
801 1718 892 1779 locis.

273 1808 338 1870 Neu
360 1814 446 1887 pater
467 1810 606 1887 ignoret,
630 1805 752 1886 scopulo
775 1808 915 1888 proponit
935 1807 967 1866 in
990 1805 1049 1868 alto

225 1909 259 1959 80
273 1896 479 1975 Pallentesque
502 1914 606 1957 manus
630 1898 884 1974 sanguineumque
907 1903 1012 1973 caput,

273 1984 312 2046 Ut
334 1986 452 2065 genitor
474 1985 616 2063 luctuque
639 2001 716 2044 novo
739 1982 875 2044 tardetur
897 1991 928 2044 et
940 2028 949 2063 ,
972 1990 1056 2044 artus

273 2073 350 2134 Dum
371 2072 443 2153 legit
465 2075 633 2153 extinctos,
656 2075 743 2133 triste
765 2070 897 2132 retardet
918 2074 994 2132 iter.

273 2161 345 2222 lnde
368 2161 469 2222 Tomis
492 2160 590 2222 dictus
612 2160 697 2221 locus
719 2159 789 2240 hio,
812 2161 881 2239 quia
904 2160 1000 2220 fertur
1022 2159 1055 2220 in
1076 2158 1135 2222 illo

273 2249 404 2312 Membra
427 2267 513 2311 soror
535 2250 638 2310 fratris
660 2250 850 2310 consecuisse
874 2250 938 2310 sui.

668 2442 711 2517 X.

274 2604 375 2685 Siquis
398 2603 494 2665 adhuc
516 2605 585 2665 istie
606 2604 742 2664 meminit
764 2600 890 2663 Nasonis
912 2600 1062 2680 adempti,

273 2691 313 2755 Et
335 2699 473 2773 superest
495 2694 560 2752 sine
582 2709 631 2752 me
654 2709 763 2753 nomen
784 2693 817 2752 in
839 2688 919 2751 Urbe
942 2706 1062 2767 meum,

275 2780 469 2861 Suppositum
492 2780 585 2841 stellis
609 2797 770 2859 numquam
793 2776 983 2857 tangentibus
1006 2794 1125 2856 aequor

274 2869 321 2930 lle
345 2872 419 2931 sciat
440 2871 472 2929 in
494 2868 591 2930 media
615 2870 713 2929 virere
735 2867 889 2929 barbaria.

244 2959 464 3021 sSauromatae
489 2959 634 3039 cingunt,
662 2957 724 3017 iera
747 2974 838 3037 gens,
860 2954 1004 3034 Bessique
1027 2952 1207 3036 Getaeque,

274 3047 368 3118 Quam
391 3064 451 3108 non
474 3048 592 3125 ingenio
615 3048 735 3107 nomina
758 3043 845 3125 digna
868 3041 951 3104 meo!
974 3065 977 3072 ⁴

274 3136 350 3198 Dum
373 3144 473 3197 tamen
495 3152 567 3197 aura
590 3142 674 3212 tepet
685 3180 695 3215 ‚
717 3134 814 3195 medio
838 3131 1024 3194 defendimur
1046 3129 1179 3195 Histros

274 3224 325 3286 llle
348 3226 411 3286 suis
433 3223 565 3303 liquidus
588 3221 665 3283 bella
688 3221 806 3301 repellit
828 3223 930 3300 aquis.

274 3315 312 3374 At
334 3331 403 3375 cum
425 3314 520 3374 tristis
542 3312 638 3373 hiems
662 3311 826 3391 squalentia
848 3307 973 3389 protulit
994 3326 1064 3390 ora,

227 3414 259 3463 10
274 3401 426 3482 Terraque
449 3417 615 3463 marmoreo
640 3407 685 3459 est
708 3400 831 3460 candida
854 3398 931 3459 iacta
952 3395 1041 3479 gelu,

273 3486 298 3566 †
321 3488 396 3550 Dum
419 3497 501 3568 patet
523 3497 554 3549 et
575 3486 682 3548 boreas
705 3495 736 3549 et
757 3490 808 3549 nir
830 3488 940 3548 iniecta
962 3485 1018 3547 sub
1041 3492 1129 3547 arcto

275 3576 352 3636 'lum
374 3584 476 3659 patet,
499 3577 553 3637 has
576 3583 681 3654 gentes
704 3594 758 3637 axe
781 3584 927 3637 tremente
950 3576 1064 3653 premi.
