2467 4042
578 264 628 314 EX
646 262 766 315 PONTO

475 523 613 608 blBllR
641 522 867 609 QUARTUS.

659 715 686 790 I.

258 867 388 949 Accipe,
410 866 554 947 Pompei,
577 863 739 927 deductum
761 882 882 928 carmen
905 865 941 928 ab
962 866 1034 951 illo,

304 953 426 1018 Debitor
449 964 495 1017 est
517 956 594 1015 ritae
617 956 670 1033 qui
693 953 770 1035 tibi,
793 953 904 1035 Sexte,
927 973 1015 1017 suae.

260 1043 318 1115 Qui
341 1062 394 1105 seu
418 1061 478 1104 nun
501 1040 642 1122 prohibes
665 1060 682 1102 a
705 1059 752 1104 mc
776 1050 827 1104 tua
849 1045 967 1103 nomina
991 1047 1083 1127 poni,

304 1130 434 1193 Accedet
455 1133 571 1192 meritis
593 1130 667 1191 haec
690 1148 809 1211 qunque
831 1149 947 1192 summa
969 1135 1049 1194 tuis:

228 1219 328 1283 ⁶Sive
353 1219 446 1281 trahis
469 1219 591 1300 vultus,
614 1219 752 1298 equidem
774 1236 914 1299 peccasse
937 1219 1072 1302 fatebor,

303 1307 409 1370 Delicti
431 1316 531 1370 tamen
554 1316 600 1369 est
622 1325 711 1369 causa
732 1304 885 1388 probanda
907 1309 983 1369 mei.

259 1397 325 1457 Non
347 1398 444 1476 putuit
467 1413 532 1457 mea
555 1412 662 1475 mens,
685 1398 758 1475 quin
780 1403 862 1457 esset
883 1403 965 1475 grata
977 1441 986 1477 ,
1009 1400 1134 1461 teneri.

305 1483 351 1546 Sit
373 1501 481 1564 precor
504 1484 601 1545 cilicio
625 1502 685 1545 non
708 1486 805 1563 gravis
827 1486 872 1545 ira
894 1485 961 1564 pin.

260 1571 303 1635 01
326 1575 464 1652 quotiens
487 1590 542 1651 ego
565 1589 633 1633 eum
655 1571 739 1633 libris
762 1572 834 1634 mihi
857 1574 938 1634 risus
960 1574 1085 1635 inistis

213 1674 246 1724 ιο
304 1660 438 1742 Impius,
460 1662 492 1721 in
515 1659 595 1721 nullo
619 1660 699 1738 quod
721 1660 854 1739 legerere
878 1660 961 1721 loeo:

262 1747 305 1812 Oi
329 1750 490 1829 quotiens,
512 1747 561 1808 alii
583 1765 653 1809 cum
676 1747 779 1809 vellem
803 1748 957 1830 scribere,
981 1766 1097 1811 nomen

303 1836 429 1898 Rettulit
450 1839 482 1898 in
505 1853 589 1897 ceras
611 1837 706 1897 inscia
729 1836 832 1897 dextra
854 1836 955 1898 tunml

258 1926 325 2006 lpse
349 1924 422 1986 milri
443 1924 554 2004 placuit
576 1924 692 1985 mendis
715 1926 746 1985 in
768 1923 877 1986 talibus
899 1942 1005 2006 error,

304 2013 342 2074 Et
364 2015 412 2073 vix
435 2014 526 2074 invita
549 2009 625 2074 laeta
647 2011 737 2074 litura
759 2030 849 2074 mann
872 2020 934 2074 est.

215 2114 246 2165 1⁶
261 2096 407 2163 ‘Viderit'
431 2101 467 2162 ad
490 2118 640 2162 summum
663 2100 745 2161 dixi.
788 2096 873 2162 ‘licet
896 2103 959 2180 ipse
982 2113 1160 2188 queratur,

303 2189 387 2251 lianc
409 2187 502 2269 pudet
524 2189 666 2249 eliensem
689 2206 749 2250 nnn
771 2191 917 2251 meruisse
939 2191 1027 2267 prius
1038 2186 1060 2251 .’

261 2277 301 2339 [ta
325 2277 397 2339 mibi
408 2325 417 2358 ,
440 2276 591 2357 siquiden
615 2284 661 2338 est
671 2324 681 2358 ‚
699 2275 888 2338 hebetantem
906 2285 1031 2355 pectora
1051 2278 1193 2366 Lethen,

306 2363 423 2427 Oblitus
446 2374 551 2445 potera
574 2382 634 2426 non
657 2372 756 2427 tamen
779 2383 845 2426 esse
868 2366 929 2426 tui.

262 2453 354 2534 ldque
377 2455 457 2515 sinas
480 2471 556 2533 oro,
578 2470 635 2515 nec
658 2453 787 2515 fastidita
809 2452 935 2532 repellas

216 2555 250 2604 20
308 2540 426 2623 Verba,
449 2559 505 2603 nec
527 2542 625 2602 cilicio
649 2542 762 2602 crimen
784 2543 883 2602 inesse
905 2549 1010 2622 puteq,

261 2629 299 2693 Et
321 2629 394 2692 levis
416 2629 490 2691 baec
513 2631 627 2691 meritis
650 2630 799 2691 reseratur
821 2631 914 2708 gratia
937 2631 1050 2694 tantis:
1140 2649 1194 2700 usu

306 2718 338 2778 Si
361 2719 481 2800 minus,
504 2719 596 2779 invito
620 2725 650 2779 te
673 2735 791 2797 quoque
814 2726 917 2797 gratus
940 2735 1009 2778 ero.

261 2806 427 2884 Numquam
450 2808 534 2885 pigra
556 2806 615 2867 luit
636 2808 746 2867 nostris
769 2814 820 2867 tua
843 2808 937 2885 gratia
959 2804 1074 2890 rebus,

304 2893 366 2954 Nec
388 2894 462 2955 mihi
485 2895 639 2955 munificas
663 2911 730 2955 arca
754 2896 870 2973 negarit
892 2912 981 2974 opes.

212 2994 246 3045 aa
261 2981 347 3045 Nunc
370 3000 489 3062 qunque
513 2982 554 3042 nil
578 2980 685 3044 subitis
708 2981 864 3044 clementia
886 2984 992 3043 territa
1014 2983 1092 3047 latis

305 3070 454 3132 Auxilium
476 3072 553 3131 vitae
577 3071 694 3150 fertque
717 3071 853 3149 feretque
877 3088 977 3132 meae.

261 3158 366 3238 Unde,
390 3176 477 3237 roges
500 3158 622 3239 forsan,
645 3158 752 3219 fiducia
775 3166 856 3220 tanta
880 3159 973 3220 futuri

307 3247 353 3308 sit
375 3242 474 3308 mibi?
506 3246 585 3325 quod
609 3243 680 3309 lecit
692 3293 701 3328 ,
724 3249 851 3327 quisque
874 3254 976 3308 tuetur
997 3265 1102 3327 epus.

261 3334 300 3397 Ut
322 3334 421 3398 Venus
445 3336 567 3397 artificis
590 3333 673 3396 labor
696 3344 742 3396 est
765 3343 796 3397 et
817 3335 911 3415 gloria
933 3334 1002 3415 Coi,

213 3435 247 3484 30
305 3422 461 3501 Aequoreo
484 3423 616 3484 madidas
640 3441 715 3503 quae
737 3426 848 3502 premit
870 3421 965 3483 imbre
988 3441 1119 3489 comas:

261 3510 346 3571 dreis
369 3520 402 3572 ut
424 3511 549 3572 Actaeae
571 3510 617 3572 vel
640 3510 753 3572 eburna
776 3510 822 3572 vel
846 3529 931 3572 aerea
954 3519 1059 3574 custos

306 3595 414 3658 Bellica
437 3596 574 3659 Phidiaca
597 3606 655 3659 stet
678 3598 731 3659 dea
756 3598 832 3660 laeta
855 3617 962 3660 maner:
