2467 4042
416 226 499 294 vni,
518 231 677 283 aas-ssa.
776 244 896 280 mmor
987 222 1047 288 161

118 392 207 456 Eece
229 394 333 455 furens
356 400 459 454 contra
482 411 535 454 sua
558 393 616 453 fata
638 390 805 471 bipennifer
827 390 918 452 Arcas

120 478 274 563 ‘Discite,
296 481 433 543 femineis
456 479 528 561 quid
550 479 609 541 teia
631 480 726 541 virilia
747 486 917 559 praestent,

120 570 149 632 O
176 572 301 631 iuvenes
313 615 323 650 ,
345 571 488 649 operique
512 585 579 629 meo
602 567 756 629 concedite
770 562 791 629 1’
814 567 888 629 dixit

121 654 208 738 ‘fpsa
229 659 294 720 suis
316 657 387 719 licet
408 656 488 719 hunc
510 655 634 718 Latonia
655 663 792 736 protegat
814 657 922 735 armis,

49 747 221 809 senionia
244 755 345 808 tamen
367 745 447 806 bunc
469 747 598 825 perimet
620 762 686 806 mea
709 743 813 805 dextra
835 737 956 804 Diana?

119 835 209 895 'falia
231 833 421 914 magniloquo
444 832 576 895 tumidus
599 840 813 894 memoraverat
835 850 905 913 ore,

120 925 356 1002 ancipitemque
378 940 468 984 manu
491 921 598 984 tollens
621 929 748 1001 utraque
772 922 901 983 securim

119 1011 281 1073 {astiterat
303 1010 425 1092 digitis,
446 1027 559 1091 pronos
581 1027 746 1089 suspensus
767 1012 799 1071 in
822 1016 922 1070 artus.

121 1099 264 1180 Occupat
285 1099 466 1180 audentem,
490 1116 607 1178 quaque
631 1108 678 1159 est
699 1099 746 1158 ria
767 1098 901 1177 proxima
923 1095 1001 1176 iste,

52 1199 105 1249 too
120 1187 251 1250 Summa
274 1187 356 1248 ferus
378 1189 512 1266 geminos
536 1185 645 1248 direxit
667 1185 704 1248 ad
726 1187 847 1265 inguina
870 1185 992 1246 dentes.

121 1275 266 1337 Concidit
288 1274 446 1356 humens,
468 1275 689 1355 glomerataque
713 1276 855 1353 sanguine
877 1272 971 1334 multo

119 1363 248 1426 Viscera
270 1362 351 1444 lapsa
367 1363 466 1424 fluunt
477 1410 487 1444 ,
509 1363 732 1441 madefactaque
754 1370 835 1423 terra
858 1378 965 1423 cruore
988 1370 1049 1421 est.

121 1451 191 1514 ibat
212 1454 246 1513 in
269 1451 426 1513 adversum
447 1451 548 1531 profes
570 1450 681 1513 lxionis
704 1449 821 1511 hostem

120 1540 303 1621 Pirithous,
324 1539 418 1602 salida
441 1541 577 1619 quatiens
599 1537 744 1600 venabula
767 1537 887 1599 dextra.

55 1638 104 1690 too
124 1629 184 1691 Cui
207 1627 326 1708 ‘procul
334 1625 355 1705 ,'
378 1627 505 1705 Aegides
529 1625 558 1688 ‘o
581 1643 630 1686 me
652 1626 727 1687 mibi
749 1623 858 1688 earior'
881 1627 979 1706 inquit

122 1707 213 1774 ‘Pars
236 1715 351 1774 animae
375 1715 505 1775 consiste
528 1711 633 1774 meae!
656 1711 726 1774 licet
749 1715 865 1774 eminus
888 1729 954 1774 esse

122 1799 291 1863 Fortibus:
313 1800 432 1862 Ancaeo
454 1803 558 1862 nocuit
580 1802 738 1862 temeraria
760 1795 884 1862 virtus?

123 1888 229 1970 Dixit,
251 1897 283 1950 et
304 1898 403 1950 aerata
426 1891 514 1950 torsit
535 1907 624 1968 grave
647 1888 770 1969 cuspide
793 1905 936 1969 cornum3

123 1976 184 2039 Coi
206 1976 283 2039 bene
306 1976 414 2038 librato
436 1979 557 2056 notique
579 1984 702 2058 potente
725 1976 826 2039 futuro

62 2074 111 2126 tro
124 2064 252 2127 Obstitit
273 2064 390 2146 obstipa
412 2064 572 2127 frondosus
594 2064 632 2126 ab
654 2064 761 2127 arbore
784 2083 900 2127 ramus.

124 2153 209 2215 hfisit
230 2162 262 2215 et
282 2153 445 2215 Aesonides
467 2153 597 2216 iaoufrmr
609 2200 620 2234 ,
643 2154 722 2233 quod
745 2170 832 2215 casus
854 2151 891 2214 ab
913 2152 963 2214 iffe

125 2241 225 2304 Vertit
246 2244 278 2303 in
299 2243 432 2303 inmeriti
455 2242 547 2304 fatum
569 2241 726 2324 intrantis,
750 2251 780 2303 et
801 2243 880 2303 inter

125 2329 181 2392 itia
202 2331 373 2392 coniectum
396 2329 503 2391 tellure
525 2348 581 2410 per
603 2330 654 2391 ilia
676 2330 768 2391 fixum
791 2339 853 2391 est.

127 2419 165 2480 At
188 2434 295 2479 manus
317 2417 449 2480 Oenidae
471 2420 586 2500 variat,
608 2420 768 2498 missisque
792 2415 906 2480 duabus

66 2515 112 2565 stt
127 2504 221 2567 Hasta
242 2507 326 2586 prior
349 2513 430 2568 terra
442 2553 452 2588 ,
475 2507 572 2569 medio
595 2508 680 2568 stetit
701 2506 794 2567 altera
816 2512 919 2586 tergo.

127 2594 191 2655 Nec
205 2611 310 2674 mora,
327 2594 399 2656 dum
414 2596 529 2676 saevit,
546 2594 619 2656 dum
633 2612 760 2675 corpora
773 2603 872 2656 versat
885 2596 916 2656 in
930 2593 1051 2677 orbem,

128 2681 372 2762 stridentemque
394 2700 471 2743 novo
494 2700 630 2763 spumam
652 2701 722 2744 eum
744 2684 887 2762 sanguine
910 2682 1025 2763 fundit,

126 2769 266 2831 Vulneris
285 2779 389 2833 auctor
412 2770 518 2852 adest,
539 2771 716 2851 hostemque
739 2772 838 2832 irritat
860 2770 897 2832 ad
919 2774 1011 2853 ham,

128 2857 348 2938 splendidaque
371 2857 511 2920 adversos
533 2858 677 2921 venabula
700 2858 855 2921 conditio
877 2877 993 2921 armos.

68 2953 116 3006 tto
129 2946 241 3009 Gaudia
263 2954 411 3009 testamur
433 2950 507 3009 socii
529 2946 658 3009 clamore
681 2947 830 3028 secundo,

128 3033 346 3115 victricemque
368 3043 476 3116 petunt
498 3035 619 3098 dextrae
642 3039 823 3116 coniungere
847 3035 998 3118 dextram3

130 3122 339 3204 inmanemque
362 3124 462 3186 ferum
484 3123 576 3185 multa
599 3123 706 3186 tellure
729 3127 876 3187 iacentem

130 3210 270 3275 Mirantes
292 3221 450 3293 spectant,
472 3230 570 3293 neque
593 3212 690 3275 adhuc
713 3214 886 3293 contingere
909 3219 1008 3274 tutum

130 3298 202 3361 Esse
224 3309 331 3380 putant
342 3349 353 3382 ,
375 3299 428 3362 sed
451 3300 510 3362 teia
533 3309 631 3362 tamen
654 3318 708 3362 sua
731 3303 857 3381 quisque
881 3309 1032 3363 cruentat.

74 3395 118 3445 tto
131 3386 195 3468 fpse
217 3387 293 3469 pede
317 3390 446 3469 inposito
469 3396 559 3469 eaput
580 3388 729 3451 exitiabile
750 3390 879 3470 pressit,

129 3477 224 3556 itque
246 3479 288 3539 ita
311 3472 407 3539 ‘sume
430 3479 490 3539 mei
511 3477 663 3560 spolium,
685 3477 831 3539 Nonacria
843 3523 853 3558 ,
875 3479 950 3539 iuris
957 3474 979 3559 ,’

130 3561 206 3626 bixit
229 3559 272 3627 ‘et
294 3567 325 3628 in
348 3574 463 3645 partem
486 3567 584 3629 veniat
605 3584 671 3628 mea
694 3565 787 3645 gloria
809 3572 910 3628 tecum
920 3559 940 3625 .’

99 3669 177 3714 orm.
189 3674 225 3716 11.
805 3671 835 3720 fl
