2467 4042
147 276 210 341 2⁰8
477 279 616 340 ARTIS
644 278 780 340 ΑΜΑΤ.

274 433 426 492 Aeacides
443 432 563 507 dextra,
584 438 709 508 pectore
726 433 836 494 Nestor
851 438 924 507 erat,

233 516 369 589 Quantus
384 523 449 576 erat
464 516 591 576 Calchas
607 518 702 591 extis,
722 517 914 578 Telamonius
930 516 1033 590 aruris,

274 601 468 660 Automedon
485 616 589 674 curru,
610 607 711 662 tantus
726 609 842 662 arnetor
856 617 924 676 ego.

232 684 282 744 Me
297 692 396 745 vatem
410 684 576 762 celebrate,
599 686 669 759 viri,
690 686 761 745 nrilri
778 685 869 745 dicite
882 685 999 758 laudes,

171 774 221 830 ilo
274 767 417 848 Cantetur
430 775 492 829 toto
509 784 618 829 nornen
635 770 665 828 in
682 770 756 830 orbe
770 785 880 830 meum.

233 854 326 912 Anna
343 852 415 912 dedi
430 852 528 914 vobis.
551 853 678 913 dederat
694 852 986 914 Vulcanusncnitti.

275 937 395 997 Vincite
410 938 601 1009 muneribus,
625 938 696 997 vicit
710 946 742 998 ut
756 938 819 1013 ille,
843 937 930 998 datis.

234 1020 295 1079 Sed
312 1021 496 1096 quicumque
511 1037 579 1082 rneo
595 1022 747 1097 superarit
760 1025 917 1082 Amazona
933 1021 1025 1093 terro,

273 1105 423 1165 Inscribat
437 1105 545 1180 spoliis
563 1106 659 1166 ‘Naso
679 1106 823 1181 magister
838 1110 923 1165 erat.¹

170 1195 219 1250 lto
232 1189 326 1262 Ecce,
349 1200 460 1264 rogant
477 1196 614 1266 tenerae,
635 1190 694 1250 sibi
709 1190 778 1250 dem
796 1196 975 1266 praecepte,
998 1192 1131 1264 puellae

276 1273 340 1334 Vos
355 1274 439 1334 eritis
455 1274 577 1335 chartae
591 1276 730 1349 proxirna
746 1289 818 1334 cura
832 1281 931 1334 meae!

555 1473 761 1482 ...--·—-—

253 1632 290 1723 Ρ.
316 1628 434 1723 titul
459 1630 631 1723 intonit
656 1631 782 1725 nulls
805 1628 1062 1727 nullone

460 1814 603 1880 nunna
637 1815 860 1881 rnnrrus,

232 2086 328 2179 Arma
343 2118 414 2177 dedi
430 2118 542 2178 Danais
558 2118 588 2177 in
603 2119 787 2178 Amazonas.
810 2120 903 2177 Anna
918 2127 1097 2191 supersunt,

276 2200 359 2277 Quae
374 2201 425 2261 tibi
441 2202 510 2261 dern
525 2209 556 2261 et
570 2209 699 2276 turmae,
722 2200 927 2275 Penthesilea,
946 2208 1027 2261 tuae.

233 2288 275 2346 lte
289 2286 319 2345 in
337 2285 415 2345 bella
430 2302 532 2360 peres.
555 2286 692 2362 vincant,
714 2285 826 2362 quibus
841 2286 920 2344 alna
937 2284 1034 2345 Dione

274 2370 395 2430 Faverit
409 2377 438 2429 et
454 2377 516 2430 toto
532 2370 583 2445 qui
600 2371 683 2431 volat
698 2370 786 2444 orbe,
810 2385 894 2445 puer.

205 2455 297 2515 §Non
316 2461 380 2514 erat
394 2455 518 2515 annatis
532 2470 665 2531 aequum
679 2469 862 2516 concurrere
877 2453 984 2514 nudas.

275 2538 325 2599 Sic
340 2539 429 2599 etiarn
447 2538 534 2600 vobis
550 2539 672 2598 uincere
687 2547 788 2615 turpe,
813 2538 877 2598 riri.

117 2671 120 2676 .
233 2622 348 2683 Dixerit
363 2640 380 2683 e
394 2623 495 2683 multis
510 2624 621 2697 aliquis
637 2624 723 2697 ‘quid
739 2624 822 2683 virus
838 2622 867 2680 in
885 2621 992 2694 anguis
1066 2657 1068 2660 ·

273 2707 395 2781 Adicis,
418 2715 447 2766 et
461 2707 586 2768 rabidae
602 2707 696 2769 tradis
712 2708 793 2768 ovile
807 2708 897 2781 lupae
904 2708 930 2763 t’

230 2791 347 2852 Parcite
363 2802 527 2866 paucarum
542 2791 714 2852 dilinndcre
730 2792 840 2851 crimen
857 2792 886 2850 in
902 2804 1020 2849 omnes.

192 2886 223 2937 lo
277 2875 438 2952 Spectetur
453 2876 566 2937 meritis
582 2892 724 2951 quaeque
738 2877 838 2950 puella
853 2875 927 2935 suis.

233 2960 264 3020 Si
279 2961 378 3021 rninor
390 2960 514 3020 Atrides
529 2961 680 3020 Helenen.
705 2961 898 3033 Helenesque
912 2971 1050 3017 sororem

273 3044 339 3119 Quo
354 3052 471 3120 premat
485 3044 608 3105 Atrides
626 3044 750 3104 crimine
764 3044 861 3102 maior
875 3041 973 3115 habet,

232 3128 263 3188 Si
280 3130 397 3189 scelere
413 3127 553 3188 Oeclides
569 3128 744 3188 Talaioniae
757 3126 920 3204 Eriphyles

273 3213 369 3273 Vivus
385 3221 414 3272 et
429 3213 458 3271 ln
475 3213 553 3273 rivis
569 3213 608 3273 ad
625 3212 722 3291 Styga
738 3213 819 3273 venit
834 3209 931 3286 equis,

191 3308 222 3361 15
233 3297 287 3357 Est
305 3297 355 3372 pla
368 3297 522 3373 Penelope
537 3297 640 3357 lustris
656 3304 775 3356 errante
790 3295 911 3355 duobus

272 3382 308 3441 Et
323 3382 446 3443 totidem
462 3380 565 3442 lustris
580 3382 660 3442 bella
674 3386 798 3456 gerente
815 3381 890 3438 uiro.
1014 3375 1018 3381 ’

231 3466 362 3541 Respice
375 3464 562 3542 Phylaciden
578 3472 607 3525 ct
623 3482 701 3542 quae
716 3481 819 3526 comes
835 3465 898 3525 isse
914 3461 1019 3522 inuito

273 3549 377 3610 Fertur
392 3556 421 3608 et
436 3555 504 3608 ante
520 3565 617 3609 annos
634 3550 818 3613 occubuisse
832 3564 915 3608 snos.
