2467 4042
224 227 289 292 111
631 225 826 280 saeuorum
852 210 856 219 ’

357 389 490 463 Nomius,
505 396 617 452 mutato
641 407 730 451 causa
752 390 846 452 relata
867 406 933 451 mea
955 398 1026 451 est:

313 479 338 541 0
361 482 474 542 utinam
498 496 563 541 mea
586 495 675 557 scre,
698 495 756 557 qua
778 480 909 558 primum
932 485 1098 558 coeperat,
1118 479 1183 551 isset,

358 567 478 647 lamque
502 585 557 646 eqc
578 567 730 646 praesenti
752 574 887 647 tempure
909 564 992 628 nulla
1016 563 1126 627 forem!

315 656 393 727 Quid
416 674 463 718 me
486 655 614 717 desertis
637 656 824 735 perituram,
846 653 937 717 lsllrer
949 702 958 734 ,
980 653 1106 715 harenis

246 757 302 809 4111
360 739 534 806 Servehas?
565 745 651 824 potui
673 742 841 805 dedoluisse
863 741 972 804 semel».

312 832 428 894 Bacche
450 831 546 913 levis,
567 830 719 912 leviorque
739 833 821 911 tuis,
845 849 920 911 quse
942 840 1083 910 tempore
1100 831 1193 907 cingunt,

358 919 548 1001 Fraudibus,
569 922 602 982 in
625 919 761 982 lacrimas
782 923 901 1000 cognite
924 918 1044 981 Bacche
1067 932 1154 997 meu,

312 1009 411 1071 Ausus
434 1027 467 1070 es
490 1016 557 1071 ente
580 1008 683 1070 oculos
706 1008 833 1071 adducta
855 1008 967 1087 paelice
991 1016 1114 1070 nostros
1172 1014 1194 1065 11

358 1097 431 1159 'fam
452 1096 529 1159 bene
553 1098 751 1177 compositum
773 1096 933 1159 sollicitere
955 1092 1091 1158 torum?

247 1184 379 1248 saulieu
402 1184 455 1247 ubi
476 1193 561 1266 pacta
583 1182 689 1247 fides?
719 1185 771 1247 ubi
783 1232 793 1266 ‚
815 1203 893 1265 quae
914 1187 1019 1247 iurare
1042 1178 1167 1246 sclebas?

357 1274 404 1336 lle
428 1275 589 1354 miseram,
613 1276 751 1354 quotiens
772 1273 846 1335 hacc
869 1292 924 1353 ego
948 1271 1042 1334 verba
1064 1264 1173 1351 lcquul

314 1363 429 1426 Thesea
451 1361 613 1444 culpabas,
637 1361 828 1441 fallacemque
850 1364 915 1442 ipse
937 1360 1085 1424 vocabas:

359 1451 471 1513 iudicio
493 1468 600 1530 peccas
624 1452 741 1530 turpius
763 1453 828 1530 ipse
851 1460 920 1512 tuo.

314 1539 357 1601 Ne
382 1542 455 1601 sciat
477 1538 534 1601 lrcc
557 1540 736 1620 quisquam,
760 1540 917 1618 tacitisque
939 1536 1097 1600 doloribus
1117 1552 1179 1609 urar,

249 1640 301 1691 490
361 1626 404 1689 Ne
427 1629 536 1690 1011400
559 1626 621 1689 10111
643 1628 731 1707 digua
754 1627 846 1688 luisse
869 1636 980 1707 puter.

315 1716 477 1796 Praecipue
500 1718 618 1797 cupiam
641 1715 732 1778 celari
754 1715 868 1778 Thessa
880 1762 890 1796 ‚
912 1733 951 1776 ne
972 1723 1006 1776 te

360 1804 536 1866 Conscrtem
558 1803 663 1885 culpae
684 1803 812 1883 gaudeat
834 1821 900 1866 esse
923 1820 1013 1865 suae.

315 1892 354 1955 Ut
371 1900 466 1974 puto,
489 1895 657 1973 praeposita
676 1901 723 1954 est
745 1893 845 1954 fuscae
863 1891 936 1954 mihi
958 1889 1086 1954 candida
1107 1876 1192 1970 paelex?

358 1981 482 2043 Eveniat
505 1983 616 2043 nostris
638 1980 774 2054 hostibus
797 1980 846 2042 ille
869 1978 968 2043 color!

248 2069 393 2143 40000101
416 2078 515 2131 tamen
537 2069 594 2132 hcc
617 2064 740 2131 refert?
772 2071 843 2131 vitio
865 2067 920 2130 tili
941 2069 1057 2148 gratier
1084 2069 1142 2146 ipsc
1159 2067 1192 2121 111

361 2158 438 2230 Quid
462 2154 565 2220 facis?
597 2156 749 2238 amplexus
771 2159 909 2238 inquinet
930 2156 979 2218 illa
1003 2165 1092 2218 tucs.·

314 2246 451 2327 Bacche,
474 2246 563 2308 fldem
585 2254 726 2327 praesta,
751 2263 808 2307 nec
830 2246 948 2325 praefer
970 2243 1122 2306 amoribus
1140 2236 1193 2301 ulau

360 2335 521 2415 Coniugis.
563 2335 684 2397 adsuevi
706 2352 824 2414 semper
847 2348 946 2395 amare
968 2335 1086 2394 vuum.

316 2423 481 2504 [Ceperunt
501 2432 626 2486 matrem
650 2424 773 2484 formosi
795 2440 907 2485 corsua
929 2423 1025 2501 tauri,
1097 2458 1100 2463 -

249 2524 301 2576 100
359 2512 406 2574 114
428 2521 502 2576 tue:
533 2531 581 2575 me
604 2511 716 2592 laedit,
739 2511 788 2573 ille
811 2510 967 2592 pudendus
990 2508 1106 2587 amor]

317 2600 373 2680 [Ne
397 2611 502 2664 noceat
514 2649 524 2684 ,
546 2600 626 2682 quod
649 2616 737 2662 amc.
777 2617 875 2680 neque
898 2601 977 2661 euim
1002 2596 1060 2661 tibi
1072 2646 1083 2680 ,
1103 2589 1194 2658 Bamht·

862 2687 987 2750 nocebat
994 2730 1005 2769 ,

360 2777 445 2850 Quod
468 2778 600 2840 flammas
624 2776 710 2839 nobis
732 2778 829 2839 fassus
852 2795 885 2838 es
906 2779 971 2857 ipse
993 2774 1095 2854 tuas.]

318 2866 414 2948 [Nec,
438 2866 518 2947 quod
541 2885 596 2928 nos
619 2868 706 2947 uris,
733 2867 842 2928 mirum
870 2866 964 2927 facis.
1004 2872 1092 2926 crtus
1111 2864 1139 2924 in
1156 2859 1194 2934 ige

359 2953 497 3039 Diceris,
520 2964 551 3017 et
572 2956 668 3036 patria
691 2963 794 3035 raptus
817 2953 854 3016 ab
876 2956 945 3034 igue
965 2971 1057 3014 mauu
1067 2951 1088 3031 .]

252 3043 369 3106 0001110
391 3062 447 3124 eqo
471 3060 559 3124 sum,
583 3045 632 3106 cui
655 3052 689 3104 tu
712 3042 817 3104 solitus
839 3045 1013 3123 promittere
1035 3040 1194 3104 caelumll

211 3196 219 3209 ,
359 3130 396 3193 lli
419 3134 512 3214 mihi,
535 3150 590 3213 prc
612 3130 695 3194 caelo
718 3131 815 3211 qualis
838 3130 915 3193 done
937 3124 1034 3192 fercl'

316 3220 456 3283 Dixerat.
497 3221 617 3284 eudibet
638 3219 811 3282 iamdudum
832 3219 922 3282 rerba
945 3220 1099 3299 querentis

359 3309 470 3390 Liber,
493 3318 527 3373 ut
549 3329 566 3371 a
589 3317 673 3389 tergo
697 3308 774 3370 forte
796 3316 919 3371 secutus
940 3315 1022 3370 erat.

317 3396 449 3478 Occupat
471 3397 630 3478 amplexu,
654 3398 848 3477 lacrimasque
871 3415 926 3477 per
947 3395 1049 3458 escula
1072 3396 1166 3467 siccat,

292 3498 302 3524 ⁸
361 3483 400 3546 Et
422 3482 550 3566 ‘pariter
574 3486 647 3547 cccli
670 3503 783 3549 summa
807 3495 942 3565 petamus
956 3479 980 3546 f’
1013 3486 1055 3546 ait

317 3567 379 3634 ‘'lu
402 3573 475 3634 mihi
493 3577 594 3636 iuncta
617 3585 683 3635 roro
706 3573 778 3635 mihi
800 3576 901 3636 iuncta
924 3571 1065 3636 voeabula
1087 3582 1181 3640 sumes?
