2467 4042
443 240 500 310 111,
519 247 677 298 tae-eol.
739 260 875 297 amaus.
894 261 960 297 acuo
1022 242 1067 308 55

75 420 128 471 aaa
143 409 276 489 Corpora
299 415 474 488 serpentum
492 405 589 469 bacilli
612 407 770 470 violaverat
792 411 872 489 ictu3

143 497 246 577 [leque
269 499 334 558 viro
357 497 475 578 lactus,
497 493 654 578 mirabile,
677 497 807 578 femina,
824 505 939 577 septem

142 585 253 666 Egerat
275 592 456 647 autumnos.
484 592 586 645 octavo
608 603 716 646 rursus
739 585 859 647 eosdem

143 673 243 756 Vidit,
267 683 299 735 et
322 669 381 735 ‘est
390 680 517 735 -restrae
540 674 566 734 si
589 681 670 734 tanta
693 675 824 753 potentia
846 673 949 754 plagae
957 674 977 756 ,'

142 762 222 824 Dixit
245 757 294 823 ‘ut
315 763 446 823 auctoris
468 770 580 822 sortem
602 763 635 823 in
658 763 806 824 contrarla
827 770 940 844 mutet,

77 864 128 913 ³³0
143 850 229 913 Nono
253 868 376 931 quoque
398 867 450 911 ros
473 849 577 911 leriam
591 844 611 912 .'
638 852 790 930 percussa
804 849 950 930 anguIbus
973 849 1067 912 lsdem

142 939 250 1001 Forma
273 940 358 1019 prior
380 937 469 1000 rediit
480 985 491 1019 ,
513 940 708 1018 genetivaque
731 941 812 1001 venit
833 941 946 1020 imago.

142 1027 263 1089 Arbiter
286 1027 338 1088 hle
359 1029 451 1107 igitur
473 1035 610 1107 sumptus
633 1026 671 1088 da
693 1027 745 1089 lita
767 1029 868 1089 iocosa

142 1115 227 1178 llicta
249 1115 329 1177 lovis
352 1116 470 1176 mmet.
498 1117 617 1194 gravius
641 1114 779 1177 Saturnia
801 1118 880 1178 iusto

143 1204 203 1266 Nec
225 1221 284 1285 pro
307 1205 431 1265 materia
452 1203 549 1264 lertur
571 1202 725 1285 doluisse,
747 1205 854 1284 suique

78 1303 128 1353 aas
144 1292 255 1355 Iudicis
279 1300 400 1354 aeterna
423 1291 571 1354 damnavit
592 1290 705 1356 lumina
727 1300 832 1354 nocte.

143 1381 179 1443 dt
199 1389 289 1461 pater
311 1382 520 1462 omnipotens,
542 1382 734 1460 nequeenim
748 1380 915 1442 licetirrita
930 1382 1067 1462 cuiquam

143 1469 231 1531 Facta
255 1468 305 1531 dei
328 1470 435 1530 leotsse
457 1468 536 1550 deo,
558 1486 613 1549 pro
637 1469 748 1531 lumine
771 1469 908 1549 adempto

145 1557 228 1619 Scire
252 1558 355 1619 lutura
378 1556 480 1638 dedit,
502 1574 689 1637 poenamque
710 1557 817 1620 levavit
838 1558 969 1619 honore.

186 1645 240 1707 llle
264 1663 319 1726 per
341 1646 450 1706 Aonias
473 1646 550 1706 lama
573 1645 785 1708 celeberrimus
808 1644 899 1708 urbes

81 1744 131 1795 seo
145 1733 364 1814 lnreprehensa
386 1731 474 1795 dabat
495 1734 605 1814 populo
629 1752 772 1814 responsa
793 1736 925 1815 patentl.

143 1822 243 1884 Prima
266 1821 325 1883 llde
348 1823 488 1902 vocisque
511 1829 592 1884 ratae
616 1825 808 1902 temptamina
830 1825 957 1903 sumpsit

144 1910 269 1972 Caerula
290 1909 433 1991 Liriope,
456 1927 545 1989 quam
568 1908 717 1990 quondam
739 1910 861 1972 llumine
881 1929 971 1973 curvo

145 1998 310 2080 Inplicuit,
333 1997 510 2078 clausaeque
533 2001 596 2060 suis
620 1998 763 2079 Cephisos
785 2001 816 2060 in
834 1999 922 2061 unda

144 2086 207 2149 Vim
230 2086 322 2149 tulit.
356 2089 441 2148 enixa
460 2095 507 2148 est
529 2095 615 2149 utero
637 2087 837 2167 pulcherrima
859 2087 948 2168 pleno

85 2175 314 2256 altimontem,
336 2174 473 2255 nymphis
496 2177 555 2236 iam
578 2184 649 2237 tunc
673 2178 725 2257 qui
746 2184 849 2257 posset
871 2178 979 2258 ammi,

144 2263 377 2343 Narcissumque
400 2271 507 2325 vocat.
535 2263 572 2325 de
595 2281 655 2344 quo
678 2264 855 2345 consultus,
878 2282 915 2326 an
938 2273 1019 2327 asset

144 2352 292 2433 Tempora
314 2358 448 2415 maturae
471 2354 590 2414 vmurus
611 2352 699 2433 longa
722 2362 878 2434 senectae,

143 2440 296 2504 Fatidicns
318 2448 400 2502 vates
423 2435 461 2502 ‘si
483 2458 516 2502 se
539 2458 599 2502 non
622 2436 751 2503 noverit'
774 2442 894 2520 inquit.

145 2528 223 2591 Vana
247 2528 300 2591 diu
322 2531 384 2590 alsa
407 2535 454 2590 est
476 2545 532 2589 vox
554 2530 698 2609 auguris.
726 2530 824 2591 exitus
845 2528 926 2591 illam

87 2626 133 2678 tto
145 2617 264 2698 Resque
288 2615 395 2697 probat
416 2616 527 2698 letique
550 2635 646 2698 genus
667 2618 841 2698 novitasque
864 2619 992 2680 luroris.

143 2704 278 2786 Namque
301 2713 349 2768 tor
371 2705 407 2767 ad
431 2707 537 2785 quinos
559 2723 655 2768 unum
677 2705 834 2786 Cephisius
856 2724 966 2768 annum

143 2792 305 2857 tumuerat
317 2840 326 2876 ,
349 2801 525 2874 poteratque
546 2812 624 2873 puer
645 2796 820 2875 iuvenisque
844 2795 954 2858 videri.

143 2882 230 2945 ltulu
250 2882 337 2944 illum
358 2883 503 2964 iuvenes,
525 2880 636 2944 multae
659 2884 780 2962 cupiere
802 2882 936 2963 puellae;

145 2969 204 3033 Sed
227 2970 286 3032 luit
308 2971 339 3031 ln
362 2977 465 3032 tenera
488 2978 548 3032 tam
571 2970 646 3032 dura
669 2971 809 3051 superbia
832 2973 944 3049 torma,

86 3068 131 3119 tot
144 3058 225 3121 Nulll
246 3057 331 3120 illum
353 3059 477 3120 lurenes
489 3104 499 3141 ,
522 3057 619 3120 nullae
643 3060 768 3140 tetigere
791 3058 925 3139 puellae.

144 3148 259 3227 Aspicit
280 3146 362 3208 hunc
384 3145 517 3227 trepidos
540 3149 700 3226 agitantem
722 3150 754 3209 in
777 3151 852 3210 retia
875 3165 978 3210 cervos

145 3234 262 3297 Vocalls
284 3234 435 3316 nymphe,
459 3252 535 3315 quae
558 3253 614 3297 nec
636 3238 765 3299 reticere
787 3235 921 3316 loquentl

144 3322 206 3386 Nec
227 3325 313 3405 prior
335 3326 399 3404 ipsa
421 3323 505 3403 loqui
527 3323 653 3406 didicit,
674 3323 850 3387 resonabilis
872 3324 973 3388 Eeho.

146 3411 261 3493 Corpus
284 3411 381 3474 adhuc
402 3410 485 3474 Echo
497 3459 507 3495 ,
529 3429 590 3474 non
620 3430 677 3474 vox
699 3421 785 3475 erat:
808 3420 840 3475 et
857 3420 956 3475 tamen
978 3431 1066 3475 usum

86 3509 134 3562 tto
147 3499 270 3563 Garrada
288 3518 349 3562 non
371 3501 484 3583 alium,
508 3518 596 3580 qoam
610 3518 691 3563 nunc
708 3499 820 3583 habet,
843 3504 903 3563 oris
922 3499 1068 3582 habebat,

146 3587 280 3652 Reddere
303 3589 341 3652 de
363 3589 466 3652 multis
488 3597 523 3651 ut
544 3588 634 3651 rerba
657 3591 815 3652 novmslma
838 3598 956 3669 posset.
