2467 4042
206 243 270 307 228
567 245 707 307 ARTlS
728 246 866 307 AMAT.

288 397 415 458 Nomine
430 404 592 472 suspectas
607 396 668 456 iam
683 396 808 472 spiritus
822 398 886 458 exit
897 397 927 457 in
941 412 1050 458 aureas

174 490 213 542 Q>
328 479 444 554 Labor,
452 481 515 579 je,
532 496 605 540 cara
620 481 735 541 lumina
748 481 850 541 conde
863 497 954 541 manu
961 484 983 540 t’

287 564 383 638 Dixit,
405 571 436 624 et
450 571 573 626 incauto
589 564 733 639 paulatim
748 573 873 640 pectore
887 566 994 639 lapsus

328 648 486 723 Excipitur
498 648 602 707 miseri
616 647 741 722 spiritus
756 664 811 707 ore
825 649 893 708 viri.

225 739 274 796 ile
285 731 339 792 llle
354 731 424 792 sinu
437 730 580 792 dominae
594 731 755 793 morientia
768 747 900 808 corpore
913 738 1033 792 maesto

330 813 479 889 Sustinet,
500 822 531 875 et
542 814 675 874 lacrimis
692 817 818 876 vulnera
831 831 926 877 saeva
940 816 1031 874 lavat.

288 899 350 961 Sed
364 906 539 974 repetamus
554 915 644 973 opus.
666 897 739 958 mihi
753 898 845 960 nudis
858 899 951 959 rebus
966 899 1108 959 eundum
1124 909 1185 970 est.

329 983 369 1044 Ut
382 989 487 1058 tangat
500 990 607 1058 portus
621 984 706 1043 lesse
720 984 824 1042 carina
838 1000 925 1043 suos.

289 1065 412 1128 Scilicet
425 1074 587 1141 expectes,
608 1067 681 1128 dum
695 1075 725 1126 te
741 1067 773 1126 in
787 1067 929 1126 convivia
943 1066 1063 1137 ducam,

224 1157 275 1214 750
326 1150 365 1210 Et
379 1151 501 1226 quaeris
518 1150 651 1211 monitus
666 1150 725 1210 hac
741 1166 865 1226 quoque
882 1156 969 1226 parte
983 1157 1099 1210 mense

290 1233 365 1294 Sera
379 1232 465 1308 veni,
486 1235 650 1309 positaque
665 1235 779 1295 decens
793 1235 903 1295 incede
920 1235 1054 1294 lucerna.

330 1318 421 1379 urata
434 1333 521 1378 mora
535 1326 597 1379 este
618 1318 748 1378 Veneris
762 1319 896 1379 maxima
908 1319 980 1378 lena
994 1332 1082 1378 mora
1098 1329 1163 1380 est.

286 1401 351 1461 Etsi
365 1401 461 1476 turpis
477 1402 553 1476 eris,
577 1402 735 1462 formonsa
747 1401 893 1462 videbere
908 1403 997 1477 potis,

329 1485 367 1545 Et
381 1484 513 1545 latebras
526 1485 608 1546 vitiis
623 1501 686 1545 nox
701 1485 786 1546 dabit
798 1487 868 1560 ipsa
879 1487 949 1546 tuis.

224 1576 274 1632 755
287 1568 384 1644 Carpe
400 1568 488 1628 cibos
503 1569 615 1644 digitis.
640 1577 688 1630 est
704 1570 849 1644 quiddam
864 1575 970 1644 gestus
986 1569 1120 1629 edendis

330 1652 390 1713 Ora
403 1667 460 1710 nec
475 1651 630 1712 immunda
644 1659 708 1712 tota
724 1669 883 1727 perungue
896 1669 999 1713 manu.

288 1734 361 1796 Sive
375 1736 457 1796 domi
472 1751 635 1810 praesume
650 1736 762 1810 dapes,
784 1752 841 1796 seu
855 1737 963 1797 desine
977 1737 1061 1812 citra,

330 1819 426 1893 Quam
441 1820 543 1893 cupis,
564 1826 594 1878 et
607 1820 714 1894 paule,
737 1836 828 1895 quam
843 1829 948 1895 potes,
972 1835 1058 1893 esse,
1076 1822 1179 1895 prius.

287 1902 453 1964 Priamides
467 1903 602 1963 Helenen
620 1903 711 1962 avide
725 1903 752 1963 si
767 1910 886 1979 spectet
898 1904 1048 1976 edentem,

223 1997 275 2053 160
329 1987 446 2061 Oderit,
470 1993 500 2046 ct
514 1987 595 2046 dicat
610 1988 716 2047 ‘stulte
728 1988 836 2062 rapina
849 2002 917 2047 mea
931 1990 1001 2047 est?

287 2072 397 2147 Aptius
412 2078 472 2144 est,
496 2072 666 2146 deceatque
683 2072 780 2146 magis
796 2079 902 2146 potare
917 2071 1047 2146 puellas.

309 2155 402 2215 ,Cum
417 2155 547 2215 Veneris
563 2170 660 2230 puero
675 2172 737 2215 non
752 2157 846 2230 male,
863 2155 1000 2229 Bacche,
1022 2155 1112 2215 16616.

287 2241 493 2314 Hocquoque,
510 2238 861 2315 quapatienscaputest,
877 2239 1058 2314 animusque
1065 2239 1229 2316 pedesque

330 2323 485 2383 Constant.
507 2338 579 2397 nec,
604 2330 769 2399 quaesunt
783 2322 917 2398 singula,
935 2322 1008 2381 bina
1023 2323 1105 2383 vide.

224 2414 274 2471 765
285 2407 384 2483 Turpe
398 2408 503 2468 iacens
518 2406 625 2467 mulier
639 2406 731 2467 multo
747 2408 917 2466 madelacta
931 2407 1053 2483 Lyaeos

328 2491 427 2566 Digna
441 2498 489 2551 est
503 2488 683 2551 concubitus
699 2489 853 2565 quoslibet
867 2491 918 2551 illa
932 2492 1004 2566 pati.

285 2574 349 2634 Nec
364 2575 480 2636 somnis
496 2576 597 2650 posita
609 2582 707 2635 tutum
722 2575 921 2636 succumbere
936 2591 1052 2635 mensa.

327 2658 385 2718 Per
399 2674 527 2720 somnos
541 2659 607 2719 beri
622 2660 715 2719 multa
730 2659 873 2734 pudenda
886 2660 995 2720 soient.

286 2742 436 2803 Ulteriora
451 2744 546 2818 pudet
559 2743 716 2803 docuisse.
754 2742 816 2804 Sed
831 2743 912 2803 alma
925 2742 1023 2803 Dione

223 2834 274 2890 110
327 2825 506 2901 ‘Praecipue
520 2833 659 2886 nostrum
675 2835 736 2897 est,
754 2827 839 2903 quod
854 2826 960 2902 pudet’
976 2825 1075 2901 inquit
1087 2829 1207 2902 ‘opus’

288 2911 363 2971 Nota
378 2910 436 2970 sibi
451 2911 513 2971 siut
527 2925 678 2985 quaeque.
714 2911 825 2971 Medos
840 2927 859 2970 a
874 2926 1007 2986 corpore
1020 2917 1122 2971 certos

328 2993 452 3055 Sumite.
474 3009 534 3054 non
551 2996 649 3055 omnis
664 3011 726 3055 uua
740 2996 838 3070 ligura
853 2995 952 3055 decet.

288 3078 372 3152 Quae
388 3077 466 3140 iacie
480 3077 652 3153 praesignis
668 3078 737 3153 erit,
758 3078 906 3154 resupina
919 3078 1033 3139 iaceto=

329 3162 511 3238 Spectentur
525 3167 625 3237 tergo,
651 3160 719 3236 quis
734 3178 790 3222 sua
804 3170 890 3237 terga
904 3163 1034 3238 placent.

224 3252 275 3310 115
285 3247 430 3306 Milanion
443 3245 557 3322 umeris
573 3246 731 3308 Atalantes
745 3262 835 3307 crure
848 3246 981 3307 ferebam

331 3330 363 3390 Si
378 3331 460 3390 bona
475 3336 559 3403 sunt,
580 3329 642 3389 hoc
655 3337 727 3391 sunt
742 3331 922 3405 accipienda
939 3330 1041 3391 modo.

285 3413 383 3474 Parve
397 3413 525 3474 vehatur
539 3428 630 3488 equo.
653 3416 737 3487 quod
751 3422 816 3475 erat
829 3416 1023 3490 longissima,
1039 3431 1204 3492 numquam

327 3497 458 3557 Thebais
473 3498 625 3559 Hectoreo
640 3507 735 3574 nupta
748 3500 864 3560 resedit
878 3515 970 3577 equo.
