2467 4042
62 246 88 305 l.
98 243 232 305 teon,
241 241 304 307 let
306 244 420 307 -1att
441 244 533 304 Xllll.
542 242 858 306 HYPERMNESTRA
870 244 984 309 1-33.
997 245 1057 311 12³

26 406 84 461 lae
101 396 226 458 Ultima
240 397 384 459 mandata
400 397 559 459 claudetur
570 398 706 473 epistula
721 414 832 473 parvae

152 480 203 543 Sit
217 481 271 543 titi
286 497 360 544 cura
369 483 451 558 mei,
472 482 512 543 sit
525 481 578 543 tibi
594 498 669 543 cura
683 481 741 544 tuit

493 700 589 764 xnn.

104 787 208 881 Mittit
220 816 465 896 Hypermestra
479 820 520 880 de
533 826 578 881 tat
591 819 685 881 moda
702 817 845 879 tratribus
861 818 923 878 aui.

153 903 265 964 Cetera
279 909 440 979 nuptarum
454 904 582 964 crimme
595 904 685 965 turba
699 903 788 964 lacet.

104 986 226 1048 clausa
239 986 333 1048 dama
348 994 456 1048 tenear
468 988 679 1064 gravibusque
695 985 828 1049 caecata
845 986 970 1050 vinclist

151 1071 211 1132 Est
223 1070 297 1132 mihi
312 1070 456 1148 supplicii
471 1087 581 1145 causa,
605 1072 703 1134 luisse
718 1071 810 1148 piam.

68 1166 90 1218 tt
104 1154 204 1230 Quod
217 1171 327 1217 manus
343 1156 482 1218 extimuit
494 1157 601 1232 iugulo
616 1154 776 1218 demittere
790 1154 913 1230 terrum,

152 1238 231 1301 Sum
244 1255 308 1299 rea.
329 1241 487 1316 laudarer,
510 1240 538 1301 si
553 1241 656 1303 scelus
672 1256 750 1301 ausa
766 1239 872 1299 larem.

105 1323 192 1384 Esse
206 1339 289 1385 ream
305 1331 456 1400 praestat,
479 1342 572 1401 quam
588 1325 636 1386 sic
650 1324 807 1401 placuisse
822 1325 950 1398 parenti.

151 1407 221 1469 Nau
237 1406 322 1484 piget
334 1409 477 1470 inmunes
492 1410 598 1471 caedis
611 1409 727 1470 habere
741 1424 860 1469 manus.

104 1491 159 1553 Me
174 1499 265 1568 pater
277 1492 348 1568 igue
364 1493 450 1567 lieet,
473 1509 565 1570 quem
579 1511 642 1556 uon
658 1493 857 1566 violavimus,
877 1501 954 1565 mat

57 1586 98 1639 to
155 1576 303 1652 Quaeque
317 1577 446 1638 aderant
463 1578 577 1652 sacris,
602 1578 707 1640 tendat
722 1578 751 1638 in
767 1593 823 1637 ara
838 1577 938 1638 laces:

107 1664 172 1722 Aut
187 1660 239 1721 illu
256 1660 385 1736 iugulat,
409 1677 500 1738 quem
515 1679 578 1724 non
592 1663 673 1724 bene
687 1662 814 1724 tradidit
827 1676 942 1735 ensem,

149 1746 194 1807 Ut
208 1761 270 1820 qua
284 1761 345 1806 uon
359 1746 473 1809 cecidit
487 1748 533 1809 vir
547 1763 639 1820 nece,
661 1753 758 1824 nupta
776 1746 901 1806 cadam=

105 1829 175 1889 Nan
191 1835 308 1904 tamem
332 1837 364 1891 ut
378 1830 482 1892 dicant
494 1831 655 1894 morientia
670 1830 829 1908 ‘paenitet’
845 1845 910 1904 ora,

149 1912 282 1975 Elflciet
305 1930 368 1975 non
383 1921 446 1990 est,
467 1932 559 1991 qaam
574 1916 659 1992 piget
673 1931 745 1978 esse
762 1915 852 1991 piam.

55 2008 97 2063 le
108 1996 269 2061 Paeniteat
282 1999 411 2061 sceleris
426 2000 565 2062 Danaum
579 2016 757 2076 saevasque
772 2014 908 2061 soreres.

148 2082 208 2143 Hic
223 2083 304 2144 salet
317 2090 449 2145 eventus
464 2087 545 2146 tacta
558 2085 694 2146 nefanda
706 2084 808 2160 sequi.

106 2166 168 2229 Car
184 2174 277 2242 pavet
290 2168 450 2231 admonitu
467 2176 632 2231 temeratae
649 2169 800 2244 sanguine
815 2167 926 2241 noctis,

100 2306 104 2315 .
149 2251 190 2312 Et
202 2251 323 2314 subitus
338 2252 469 2313 dextrae
479 2254 644 2329 praepedit
659 2269 732 2316 arsa
747 2260 869 2314 tremor.

107 2336 206 2409 Quam
217 2343 253 2397 tu
266 2337 366 2399 caede
383 2343 471 2411 putes
488 2339 574 2413 tangi
589 2337 731 2413 patuisse
746 2336 854 2408 mariti,

58 2430 100 2482 eo
154 2418 299 2483 Scribere
313 2420 354 2482 de
368 2422 450 2482 lacta
464 2437 526 2483 aon
542 2423 601 2483 sibi
618 2423 715 2483 caede
732 2422 824 2482 timet.

106 2504 171 2565 Sed
185 2512 286 2565 tamen
302 2505 456 2581 experiar.
488 2506 582 2567 ltlado
597 2509 679 2568 lacta
694 2504 877 2581 crepuscula
891 2504 988 2593 terrie,

147 2586 260 2649 Ultima
276 2605 350 2665 pars
365 2589 459 2661 lueis,
481 2592 641 2666 primaque
655 2591 755 2652 nactis
772 2596 850 2650 erat:

108 2672 254 2734 Ducimur
268 2672 434 2735 Inachides
449 2676 550 2750 magni
566 2676 624 2736 sub
641 2683 719 2736 tecta
732 2673 863 2749 Pelasgi,

148 2757 187 2817 Et
200 2773 294 2819 sacer
308 2766 442 2820 armates
457 2759 569 2835 accipit
583 2759 653 2835 ipse
667 2775 772 2820 nurus.

58 2852 96 2903 aa
107 2842 253 2918 Undique
268 2844 434 2904 conlucent
448 2843 642 2919 praecinctae
657 2843 817 2918 lampades
833 2858 923 2903 auro=

149 2925 311 2989 Danturia
326 2926 441 2988 invitos
457 2927 633 3003 impletura
648 2929 751 2990 iocose
984 2926 1034 3005 [tis

105 3011 228 3086 Vulgus
247 3011 398 3090 ‘Hymem
420 3012 613 3090 Hymenaee'
630 3018 751 3073 vacant.
783 3011 859 3086 fugit
872 3012 922 3070 ille
939 3025 1035 3071 vocan

149 3094 222 3171 Ipsa
236 3095 320 3156 lavis
336 3095 472 3158 coniunx
487 3097 582 3159 cessit
595 3095 635 3157 ab
652 3095 728 3156 urbe
742 3112 808 3156 sua.

106 3178 188 3240 Ecce
202 3195 287 3241 mero
303 3179 404 3252 dubll,
428 3180 572 3242 comitum
586 3182 721 3241 clamore
736 3182 922 3255 trequentes,

58 3268 97 3324 ³0
151 3263 241 3324 llere
256 3280 339 3325 navo
353 3264 495 3325 madidas
511 3264 698 3341 impedIente
714 3280 829 3336 comas,

105 3348 140 3407 ln
155 3346 306 3411 mmamos
321 3347 425 3411 laeti...
443 3349 607 3424 thalamos,
629 3366 686 3411 sua
699 3348 838 3411 btatat...
861 3350 1006 3418 teruntur,

150 3430 315 3509 Strataque
329 3432 527 3509 cerporibus,
552 3434 658 3494 lunere
673 3433 780 3509 digua,
804 3440 954 3508 premunt.

104 3516 233 3592 lammae
246 3517 318 3580 ciba
333 3517 471 3594 vinoque
484 3533 596 3594 graves
611 3533 784 3593 somnoque
799 3516 947 3583 iacebant,
