2467 4042
421 218 478 286 VI,
497 222 655 274 483-661.
743 236 891 275 unicornu
982 221 1042 286 121

113 385 210 448 Nulla
232 386 298 465 luga
321 393 369 448 331
391 391 501 467 capio,
523 391 639 464 spectat
661 402 714 446 sua
736 385 866 464 praemla
888 393 1008 466 raptor.

114 473 243 554 lamque
265 476 323 536 iler
346 473 508 556 ellectum,
530 476 647 552 iamque
670 475 701 535 13
724 491 778 534 333
800 472 887 535 litora
909 475 995 535 133313

48 573 99 623 ouo
113 561 275 642 Pupprus
298 563 455 643 exierant,
478 579 546 623 cum
568 579 622 622 rex
644 560 795 623 Pandione
818 569 916 624 331313

114 650 151 712 13
177 649 294 712 stabula
316 649 375 711 3113
398 647 489 711 trahil
510 649 591 711 silvis
614 648 742 711 obscura
764 651 908 732 vetustis,

113 740 219 818 litque
241 737 283 800 lbi
305 737 466 818 pallentem
489 737 694 818 trepidamque
717 746 748 800 31
770 748 877 801 cuncta
890 739 1043 802 timentem

113 825 156 887 El
180 829 242 888 iam
264 844 333 888 cum
355 825 508 908 lacrimis,
531 825 583 887 ubi
606 829 646 888 sit
668 844 807 906 germana
819 874 829 908 ,
852 836 1022 910 rogantem,

114 913 272 998 Includit,
294 915 453 994 lassusque
476 915 559 976 33133
582 923 612 976 31
635 916 779 994 virginem
802 924 832 978 et
854 933 944 978 unam

52 1012 102 1063 111
115 1001 153 1064 Vi
178 1012 325 1084 superat,
348 1003 460 1064 frustra
482 1003 606 1066 clamato
629 1021 718 1083 saepe
740 1012 882 1086 parente,

116 1090 219 1173 Saepe
242 1109 346 1152 sorore
369 1109 423 1152 sua
435 1139 445 1172 ‚
467 1094 581 1171 maguis
604 1109 695 1171 super
718 1093 817 1153 omnia
839 1092 930 1155 divis.

116 1178 172 1240 1113
197 1181 321 1262 tremit,
343 1177 425 1240 velut
447 1197 520 1259 agna
542 1197 675 1262 pavens,
698 1197 773 1259 quae
796 1182 895 1243 saucia
918 1185 983 1243 canl

118 1266 182 1329 Ore
207 1285 332 1329 excussa
354 1267 417 1346 lupi
440 1268 572 1330 noudum
594 1267 652 1329 sibi
675 1275 739 1329 1313
761 1268 896 1350 ridetur3

116 1353 221 1435 thue
244 1354 380 1417 columba
403 1374 457 1417 suo
480 1355 665 1418 madefactis·
676 1358 818 1435 sanguiue
840 1356 949 1437 plumis

57 1441 237 1506 1331133331
258 1442 377 1524 adhuc,
400 1443 560 1524 aridosque
581 1446 690 1526 timet,
713 1443 821 1524 qulbus
843 1443 998 1529 haeserat,

915 1552 1046 1615 ungues.

121 1619 190 1682 llox
214 1620 268 1684 ubi
290 1638 374 1682 meus
397 1621 508 1703 rediit,
530 1638 634 1701 passos
655 1621 763 1684 laniata
786 1621 923 1703 capillos,

122 1706 267 1789 [Lugenti
291 1708 417 1792 similis,
440 1711 534 1771 caesis
556 1709 699 1789 plangore
722 1708 874 1791 lacertis,]

120 1795 285 1860 incendens
307 1796 418 1876 palmas
443 1793 471 1856 ‘o
495 1796 568 1858 (liris
591 1796 717 1859 barbare
740 1797 844 1860 1331131

122 1883 148 1946 0
172 1884 303 1947 crudelis
317 1878 337 1946 l'
360 1887 401 1947 311
424 1880 491 1948 ‘nec
513 1894 543 1948 te
566 1885 703 1949 mandata
725 1888 857 1966 peremis

62 1980 109 2032 111
123 1972 199 2035 Cum
222 1973 352 2034 lacrimis
375 1989 495 2035 movere
517 1976 597 2055 piis,
619 1991 676 2036 neo
699 1993 771 2036 cura
793 1976 905 2037 sororis

123 2060 186 2122 Nec
209 2078 275 2122 mea
298 2062 450 2140 virginitas
473 2080 529 2123 uec
552 2061 728 2141 coniugialia
749 2060 840 2125 iura?

124 2149 231 2211 Omnia
254 2148 402 2211 turbasti.
431 2147 531 2229 [pelex
554 2168 609 2230 ego
633 2150 709 2212 13313
731 2153 861 2233 sororis,

125 2236 170 2300 ’13
194 2239 333 2317 geminus
356 2238 507 2299 coniunx.
534 2237 629 2300 hostis
651 2238 724 2300 mihi
746 2238 845 2301 debila
867 2236 993 2319 poena]

126 2325 204 2397 Quin
233 2328 361 2387 animam
387 2325 486 2407 hanc,
508 2344 546 2387 ne
570 2326 650 2405 quod
677 2327 792 2389 lacinus
818 2326 1048 2409 3111333113,

777 2424 888 2498 restet,

67 2507 114 2563 113
125 2498 257 2583 Eripis?
278 2511 367 2583 alque
391 2504 503 2565 ulluam
526 2503 650 2565 fecisses
673 2512 740 2566 aule
764 2505 906 2565 uelandus

126 2588 331 2653 Concubitus!
355 2608 462 2653 vacuas
484 2590 656 2653 habuissem
678 2593 811 2654 criminis
834 2592 971 2654 umbras.

127 2677 158 2740 Si
181 2688 281 2741 133333
303 2679 377 2741 haec
399 2681 502 2760 superi
524 2689 675 2762 cernunt,
697 2682 723 2741 si
745 2683 867 2742 numina
890 2681 989 2742 divum

128 2765 205 2829 Sunt
227 2766 360 2849 aliquid,
382 2769 408 2837 si
431 2785 491 2829 nou
513 2770 670 2848 perierunt
691 2770 789 2830 omnia
811 2786 946 2849 mecum,

128 2854 380 2934 Quandocumque
402 2855 476 2918 mihi
497 2874 609 2936 poenas
632 2854 737 2919 dahis.
764 2860 828 2938 ipsa
850 2858 964 2938 pudore

70 2941 263 3005 oaoProleclo
286 2952 337 3006 133
359 2944 436 3005 13313
459 2943 579 3024 loquar.
608 2947 635 3006 si
657 2947 741 3026 copia
765 2945 871 3028 delur,

126 3029 159 3092 ln
180 3031 308 3112 populos
330 3034 467 3094 veniam:
490 3035 516 3094 si
539 3032 620 3094 silvis
642 3032 742 3095 clausa
763 3032 907 3115 tenebor,

128 3118 260 3200 implebo
284 3119 372 3181 silvas
384 3168 394 3201 ,
417 3128 448 3182 31
470 3123 589 3182 muscia
611 3138 681 3182 saxa
703 3120 845 3184 movebo.

127 3208 233 3270 Audiat
254 3206 327 3270 haec
350 3207 475 3290 aether,
497 3212 574 3270 3131
598 3208 773 3279 1133331133
796 3212 827 3272 lu
850 3208 900 3272 illo
923 3204 999 3272 331.’

126 3295 246 3359 Talibus
268 3299 313 3358 ira
336 3297 393 3359 leri
415 3306 572 3377 postquam
595 3306 742 3360 commota
753 3288 881 3379 'tyranni
888 3345 898 3380 ,

74 3382 187 3445 1111133
210 3387 308 3447 minor
329 3384 386 3447 hac
408 3393 506 3447 metus
528 3394 597 3468 est,
620 3388 707 3448 33333
730 3385 898 3449 stimulatus
922 3394 1048 3466 utraque

129 3471 192 3543 Quo
211 3474 269 3535 1311
291 3475 466 3556 accinctus,
489 3476 592 3553 vagina
614 3473 721 3536 liberat
744 3492 887 3557 eusem‚.

126 3561 340 3643 arreptamque
363 3578 448 3624 coma
470 3562 554 3624 flexis
576 3570 645 3642 posi
666 3570 749 3642 lerga
771 3562 889 3623 lacertis
