2467 4042
401 257 424 309 L
442 258 715 310 111136-1111113.

98 432 133 482 11)
147 419 304 497 Temporis
327 424 358 479 et
380 417 459 496 longi
481 419 602 477 iunctus
626 434 725 478 amore
749 413 830 478 ubi?

147 507 247 589 Quid,
271 508 329 566 nisi
352 513 396 567 tot
419 505 502 566 lusus
526 513 556 566 et
578 512 623 565 tot
646 523 710 564 mea
734 507 812 565 seria
835 519 960 586 nosses,

147 595 204 656 Tot
227 611 346 655 nossem
370 594 454 655 lusus
477 595 614 670 seriaque
637 594 701 672 ipse
725 589 801 653 tua?

147 682 248 763 Quid,
271 684 298 742 si
320 681 472 743 dumtaxat
495 680 605 740 Romae
629 680 684 740 tibi
707 683 843 759 cognitus
867 698 982 760 essem,

146 772 265 831 dscitns
287 773 397 832 totiens
420 772 451 829 in
475 786 571 847 genus
594 785 681 828 omne
705 765 792 828 loci?

98 871 133 921 tt
147 859 298 920 Cunctane
322 860 353 918 in
377 874 542 936 aequoreos
565 856 703 916 abierunt
726 858 809 917 irrita
834 853 965 918 ventos?

148 947 298 1008 Cunctane
321 945 459 1006 Lethaeis
482 961 579 1005 mersa
602 944 742 1004 feruntur
765 941 874 1022 aquis?

146 1034 212 1096 Non
236 1052 291 1114 ego
314 1042 344 1095 te
364 1033 496 1112 genitum
520 1030 635 1110 placida
661 1050 732 1092 reor
754 1031 828 1091 urbe
852 1031 1013 1116 Quirini„

147 1123 227 1184 Urbe
250 1140 339 1202 11111,
362 1138 438 1200 quae
460 1127 519 1181 iam
542 1138 603 1180 non
627 1118 761 1180 adeunda
784 1119 874 1200 mihi,

148 1211 206 1271 Sed
231 1210 383 1289 scopulis,
406 1211 491 1288 ponti
514 1225 590 1287 quos
610 1206 684 1268 haec
706 1207 796 1268 habet
818 1224 870 1267 ora
894 1209 1037 1290 sinistri„

97 1310 133 1360 40
147 1298 240 1377 Inque
264 1300 336 1358 ieris
360 1296 498 1375 Scythiae
523 1295 752 1373 Sarmaticisque
776 1297 870 1376 iugis,

147 1386 186 1447 Et
210 1395 260 1446 tua
283 1393 354 1446 sunt
377 1385 468 1445 silicis
492 1385 605 1444 circum
629 1382 802 1462 praecordia
826 1400 937 1465 venae,

147 1473 185 1535 Et
208 1473 337 1551 rigidum
361 1472 433 1532 ierri
456 1474 568 1531 semina
591 1480 697 1549 pectus
719 1471 824 1552 habet,

149 1562 291 1640 Quaeque
314 1558 369 1620 tibi
391 1566 496 1620 tenero
520 1558 668 1638 quondam
692 1558 827 1620 ducenda
849 1559 945 1636 palato

148 1649 240 1710 Plena
263 1648 345 1709 dedit
368 1650 468 1708 nutrix
491 1645 606 1728 ubera,
630 1649 715 1725 tigris
739 1656 821 1708 erat:

96 1736 298 1799 4111111111
320 1744 422 1798 nostra
441 1738 556 1816 minus,
579 1752 668 1813 quam
691 1752 790 1815 nunc,
813 1734 907 1795 aliena
930 1744 1071 1816 putares,

148 1826 339 1903 Duritiaeque
362 1824 435 1884 mibi
457 1841 517 1883 non
541 1840 662 1901 agerere
686 1841 776 1884 reus.

148 1913 207 1974 Sed
231 1915 369 1991 qnoniam
393 1910 508 1972 accedit
531 1911 668 1971 fatalibus
691 1910 748 1971 hoc
772 1928 890 1990 quoque
914 1909 1047 1991 damnis,

148 2001 188 2062 Ut
211 2008 330 2062 careant
353 2001 486 2061 numeris
509 2006 644 2078 tempore
667 2002 763 2078 prima
786 2002 866 2079 suis,

147 2089 258 2169 Effice,
281 2091 396 2169 peccati
419 2106 457 2148 ne
481 2088 537 2148 sim
561 2104 675 2147 memor
698 2086 787 2147 huius
800 2134 809 2167 ‚
833 2096 862 2174 et
885 2087 934 2147 iilo

99 2190 134 2240 50
150 2176 288 2239 Officium
311 2175 451 2256 laudem,
476 2192 535 2254 quo
559 2192 692 2257 queror,
714 2193 766 2235 ore
790 2184 883 2236 tuum.

501 2367 615 2440 VIIII.

146 2531 244 2591 Detur
267 2527 412 2589 inoffenso
434 2530 511 2589 vitae
534 2525 590 2588 tibi
612 2534 733 2605 tangere
757 2529 887 2607 metam,

148 2619 207 2690 Qui
230 2617 304 2697 legis
327 2615 383 2676 boc
406 2606 492 2677 nobis
514 2633 574 2677 non
597 2617 737 2676 inimicus
760 2632 854 2694 opus.

147 2701 242 2785 Atque
266 2707 380 2767 utinam
402 2722 457 2784 pro
481 2712 511 2765 te
533 2712 656 2783 possent
679 2722 744 2764 mea
767 2710 833 2763 vota
857 2702 972 2785 111111,

148 2794 230 2866 Quae
253 2812 307 2874 pro
331 2811 378 2854 me
402 2793 493 2854 duros
516 2811 575 2853 non
600 2795 724 2871 tetigere
748 2789 837 2852 deos!

116 2883 248 2944 11101111
271 2884 331 2942 eris
355 2898 479 2960 sospes,
504 2880 612 2941 multos
636 2879 806 2941 numerabis
830 2882 958 2941 amicos:

148 2969 296 3046 Tempora
319 2972 345 3029 si
368 2969 480 3028 fuerint
502 2968 625 3046 nubila,
648 2968 729 3029 solus
754 2971 831 3028 eris.

147 3057 285 3136 Aspicis,
308 3063 343 3117 ut
365 3058 485 3116 veniant
506 3056 542 3115 ad
566 3056 689 3115 candida
712 3065 790 3115 tecta
812 3054 984 3134 columbae,

148 3145 280 3222 Accipiat
302 3142 398 3203 nullas
421 3143 539 3204 sordida
562 3145 661 3203 turris·
678 3139 772 3202 aves?

146 3233 262 3293 Horrea
284 3233 424 3291 formicae
448 3230 575 3313 tendunt
598 3230 634 3289 ad
657 3232 755 3290 inania
779 3246 957 3307 numquam:

100 3334 134 3384 10
148 3320 253 3383 Nullus
277 3321 313 3381 ad
337 3321 459 3379 amissas
483 3319 538 3379 ibit
562 3321 673 3379 amicus
697 3336 785 3397 opes.

146 3411 244 3489 thue
268 3426 368 3469 comes
392 3408 490 3468 radios
512 3425 567 3488 per
590 3407 661 3467 solis
685 3406 824 3468 euntibus
847 3405 952 3466 umbra
976 3412 1040 3488 est,

147 3499 221 3561 Cum
244 3498 316 3559 latet
338 3497 387 3558 bic
410 3515 532 3577 pressus
556 3487 709 3576 nubibus,
732 3495 781 3556 1111
804 3496 897 3575 fugit,

146 3586 253 3648 Mobile
277 3589 321 3648 sic
345 3588 480 3665 sequitur
503 3586 653 3647 Fortunae
676 3586 787 3646 lumina
810 3583 933 3662 vulgus:

110 3696 193 3740 OVID.
220 3698 265 3738 111.
891 3689 907 3737 2
