2467 4042
428 236 473 288 IV.
493 247 526 289 m
542 239 641 289 1-vn
656 237 697 288 18.
1026 234 1067 298 73

146 399 315 472 Quamlibet
337 400 444 479 eumue
468 398 592 461 solvitur
615 397 711 459 imbre
734 406 842 460 vetus.

145 489 206 549 Nos
225 506 367 569 quoque,
391 504 465 565 quae
485 488 631 565 ierimus,
653 485 776 547 tulimus
799 488 959 566 patientius
983 493 1050 549 ante

147 576 240 648 Quam
266 575 340 638 mala
363 583 434 638 sunt
455 574 542 653 longa
565 572 760 653 multiplicata
783 574 848 635 die.

148 664 290 744 Credite,
312 664 440 742 dedci03
463 669 626 741 nostroque
650 681 667 723 a
690 680 815 741 corpore
837 671 983 742 quantum

98 764 131 824 to
146 754 306 832 Auguror,
330 752 475 813 accedunt
498 758 633 829 tempora
655 768 745 829 parra
769 750 871 812 malis.
1082 773 1097 806 ο

146 840 220 901 Nam
243 857 341 919 neque
365 847 435 900 sunt
458 840 536 899 vires
548 885 558 920 ,
585 856 641 900 uec
670 840 722 918 qui
744 837 826 899 color
849 856 915 900 csse
939 837 1069 900 solebatt

146 926 201 988 Vix
223 926 318 988 babeo
341 935 485 1008 tenuem,
508 943 584 1005 quae
608 933 688 1006 tegat
711 944 777 987 ossa
789 972 799 1007 ,
823 936 939 989 cutem.

146 1015 277 1096 Corpore
301 1014 353 1076 sed
372 1032 457 1076 mens
481 1021 528 1075 est
551 1031 640 1093 aegro
665 1016 757 1094 magis
780 1031 886 1096 aegra,
908 1013 1035 1095 malique

145 1103 180 1165 ln
203 1106 422 1183 circumspectu
447 1110 505 1164 stat
527 1103 591 1163 sine
614 1102 673 1163 line
697 1104 762 1164 sui.

98 1203 132 1252 45
147 1190 236 1254 Urbis
260 1190 345 1252 abest
366 1192 481 1272 iacies,
503 1189 612 1252 absunt
624 1236 634 1270 ‚
657 1208 721 1252 mea
744 1209 817 1253 cura
829 1239 838 1270 ,
861 1190 993 1273 sodales,

146 1279 186 1340 Et
198 1326 208 1361 ‚
230 1297 288 1359 qua
311 1279 392 1341 nulla
415 1279 488 1340 milri
511 1281 633 1358 carior,
655 1297 732 1340 uxor
755 1278 857 1341 abest.

147 1366 258 1447 Vulgus
282 1367 365 1429 adest
388 1366 560 1446 Scytbicum
587 1365 766 1446 bracataque
795 1366 883 1429 turba
911 1366 1069 1430 Getarum:

149 1454 198 1516 Sic
221 1473 292 1536 me,
315 1473 391 1535 quae
414 1456 498 1516 video
522 1473 582 1516 non
605 1455 772 1537 videoque,
795 1463 931 1518 movent.

149 1541 212 1604 Una
235 1552 333 1605 tamen
357 1561 426 1623 spes
451 1551 497 1605 est
509 1590 518 1625 ,
542 1559 617 1623 quae
641 1561 688 1604 me
712 1541 825 1605 soletur
844 1545 880 1608 iu
901 1545 985 1624 istis,

100 1644 134 1693 oo
149 1630 228 1694 llaec
251 1633 315 1694 rore
338 1640 434 1694 morte
456 1649 522 1693 mea
545 1649 605 1692 nou
630 1630 769 1692 diuturna
792 1630 875 1693 mala.

524 1823 603 1897 vil.

149 1984 200 2044 Ris
222 2000 270 2044 me
293 1983 337 2043 sol
360 1982 432 2045 adiit
453 1981 567 2062 gelidae
591 1991 660 2062 post
681 1983 791 2063 frigora
814 1982 954 2065 brumae,

149 2071 259 2151 Bisque
282 2090 370 2133 suum
393 2079 471 2133 tacto
495 2071 581 2132 Pisce
604 2074 721 2151 peregit
743 2074 818 2135 iter.

150 2161 296 2240 Tempore
320 2168 380 2222 tam
402 2159 490 2239 longo
514 2178 569 2221 cur
591 2178 652 2220 non
676 2168 726 2221 tua
749 2160 870 2223 dextera
892 2178 997 2222 versus

151 2247 318 2319 Quamlibet
339 2251 371 2309 iu
393 2265 505 2328 paucos
528 2248 660 2309 oldciosa
683 2245 770 2311 luit?

121 2336 212 2397 oCnr
236 2344 285 2397 tua
309 2339 435 2398 cessavit
457 2337 575 2418 pietas,
598 2336 799 2398 scribentibus
821 2335 898 2417 illis,

151 2424 283 2504 Exiguus
306 2424 392 2485 nobis
415 2443 484 2486 cum
508 2423 617 2504 quibus
641 2442 715 2486 usus
738 2421 828 2486 erat?

151 2512 234 2594 Cur,
257 2514 394 2590 quotiens
417 2512 505 2574 alicui
528 2512 648 2575 chartae
672 2531 725 2575 sua
748 2513 864 2575 vincula
886 2513 1019 2595 dempsi,

150 2599 233 2661 lllam
255 2602 376 2681 speravi
393 2618 502 2662 nomen
524 2600 635 2662 babere
659 2598 770 2662 tarum?

150 2688 186 2749 Di
209 2688 340 2772 iaciant,
363 2697 397 2750 ut
420 2707 507 2769 saepe
531 2697 582 2752 tua
604 2692 645 2751 sit
667 2689 794 2769 epistula
816 2691 920 2752 dextra

104 2790 136 2838 10
152 2776 291 2861 Scripta,
314 2778 366 2840 sed
390 2796 407 2839 e
431 2776 531 2839 multis
554 2778 669 2840 reddita
692 2777 772 2839 nulla
795 2777 885 2841 mihil

150 2865 236 2937 Quod
254 2885 379 2946 precor,
399 2884 465 2927 esse
484 2864 594 2944 liquet.
623 2867 741 2929 credam
757 2869 842 2948 prius
861 2885 912 2929 ora
931 2866 1071 2928 Medusae

151 2953 297 3032 Gorgonis
320 2955 474 3034 anguineis
498 2956 594 3016 cincta
617 2956 709 3016 luisse
733 2958 843 3036 comis,

151 3039 225 3101 Esse
249 3059 338 3102 canes
361 3049 447 3101 utero
471 3040 527 3101 sub
550 3043 694 3123 virginis,
717 3061 783 3104 csse
807 3043 1009 3123 Chimaeram,

151 3128 175 3188 Α
198 3136 284 3189 truce
308 3146 383 3207 quae
406 3128 531 3189 llammis
554 3136 673 3208 separet
695 3146 790 3209 angue
813 3129 907 3208 leam,

104 3228 136 3277 15
152 3214 426 3296 Quadrupedesque
448 3214 577 3277 bominis
601 3234 669 3278 cum
691 3225 813 3294 pectore
836 3223 957 3296 pectora

647 3307 781 3382 iunctos,

152 3392 423 3473 Tergeminumque
447 3394 543 3454 vbum
567 3393 824 3473 tergeminumque
847 3410 968 3474 canem,

151 3481 341 3562 Sphingaque
364 3489 395 3543 et
418 3481 561 3562 Harpyias
585 3482 869 3563 serpentipedesque
892 3480 1049 3562 Gigantes,
1089 3554 1092 3558 ,

151 3570 416 3650 Centimanumque
440 3570 520 3651 Cyan
545 3571 784 3651 semibovemque
806 3573 920 3633 virum.
