2467 4042
177 258 238 324 tte
402 217 405 222 ’
539 262 680 321 nens
701 262 840 322 amar.

199 422 248 474 145
260 411 352 472 Cuius
367 411 438 486 equi
456 412 593 487 veniant,
616 414 723 486 facito,
747 415 899 490 studiose,
922 410 1092 492 requiras=

303 495 366 554 Nec
380 509 480 570 mora,
505 495 646 571 quisquis
662 497 731 569 erit,
755 499 804 558 cui
819 499 901 559 iavet
915 500 981 574 illa,
1004 501 1100 560 fave.

262 580 302 639 At
317 594 386 638 cum
402 594 514 655 pompa
532 581 677 654 frequens
695 581 880 643 certantibus
894 583 949 645 ibit
963 584 1123 660 ephebis,

304 664 346 721 Tu
361 663 475 723 Veneri
491 662 633 724 dominae
649 665 762 739 plaude
778 665 899 728 favente
913 684 1015 728 manu.

262 747 362 821 thue
376 746 424 818 fit,
443 747 472 805 in
488 746 635 821 gremium
652 749 753 823 pulvis
769 749 796 810 si
811 751 889 810 rorte
904 752 1025 826 puellae

204 842 251 894 ¹50
303 830 470 904 Deciderit,
492 830 594 905 digitis
610 832 809 893 excutiendos
824 834 890 893 erit.

262 914 299 973 Et
313 914 339 973 si
353 914 455 974 nullus
471 914 526 973 erit
541 916 658 990 pulvis,
681 922 782 976 tamen
798 924 907 978 excute
924 918 1057 977 nullume

305 997 462 1072 Quaelibet
477 997 580 1058 ollicio
597 1014 691 1059 causa
706 1000 746 1061 sit
762 1008 833 1077 apta
847 1009 909 1061 tuo.
1050 1001 1054 1005 ’

261 1081 354 1141 Pallia
370 1082 396 1141 si
410 1089 492 1142 terra
506 1082 630 1142 nimium
645 1082 782 1144 demissa
796 1085 945 1157 iacebunt,

306 1165 436 1242 Collige,
460 1172 490 1226 et
506 1166 652 1226 inmunda
666 1166 792 1228 sedulus
807 1167 884 1227 effer
897 1168 1000 1228 humo,

202 1260 250 1310 155
261 1248 417 1324 Protinus,
440 1250 533 1309 olllcii
547 1248 691 1325 pretium,
715 1253 847 1326 patiente
865 1252 965 1328 puella

306 1333 486 1409 Contingent
501 1333 597 1394 oculis
614 1348 703 1393 crura
717 1335 851 1396 videnda
868 1337 936 1395 tuis.

263 1418 394 1493 Respice
409 1424 582 1494 praetcrea,
606 1424 678 1493 post
692 1434 750 1480 vos
767 1420 952 1496 quicumque
965 1419 1102 1494 sedebit,

305 1501 348 1560 Ne
365 1508 482 1576 premat
499 1502 643 1577 opposito
658 1503 761 1563 mollia
775 1509 860 1579 terga
874 1520 964 1579 genu.

261 1583 359 1644 Parva
374 1585 450 1645 levis
466 1586 590 1662 capiunt
605 1586 735 1646 animos.
767 1586 834 1647 Fuit
845 1587 916 1647 utile
931 1586 1033 1649 multis

202 1679 250 1731 160
299 1667 461 1731 Pulvinum
475 1669 555 1729 facili
572 1671 787 1745 composuisse
801 1688 901 1731 manu.

261 1752 376 1816 Proluit
390 1760 420 1813 el
433 1752 516 1814 lcuui
533 1760 641 1814 ventos
656 1755 793 1817 movisse
807 1755 926 1828 tabella,

303 1837 340 1896 Ει
355 1853 431 1898 cava
448 1837 506 1898 sub
520 1843 656 1898 tenerum
671 1854 797 1899 scamna
811 1839 937 1900 dedisse
952 1840 1074 1916 pedem.

261 1921 326 1982 llos
341 1922 442 1982 aditus
460 1921 627 1996 Circusque
641 1937 722 1983 novo
739 1923 897 1999 praebebit
910 1922 1015 1997 amori,

306 2004 483 2081 Sparsaque
498 2006 629 2068 sollicito
647 2006 740 2067 tristis
754 2007 869 2067 harena
883 2009 961 2069 loro.

200 2097 249 2151 165
260 2089 314 2149 Illa
329 2106 425 2165 saepe
439 2105 517 2165 puer
529 2089 661 2150 Veneris
678 2091 826 2166 pugnavit
839 2091 961 2166 harena,

303 2174 340 2233 Ει
355 2174 406 2249 qui
423 2175 572 2249 spectavit
588 2175 729 2248 vulnera,
750 2177 860 2235 vulnus
875 2175 974 2236 habet.

261 2259 338 2317 Dum
353 2258 500 2333 loquitur,
523 2258 680 2334 tangitque
695 2275 832 2333 manum,
852 2259 1014 2335 poscitque
1027 2260 1184 2339 libellum,

302 2341 341 2403 Et
355 2342 474 2418 quaerit
489 2342 589 2417 posito
605 2342 748 2417 pignore,
771 2342 872 2402 vincat
885 2349 961 2418 uter,

262 2424 391 2487 Saucius
407 2426 565 2500 ingemuit,
588 2426 742 2502 telumque
759 2427 881 2487 volatile
896 2428 1001 2499 sensit,

200 2516 250 2571 170
301 2509 338 2570 El
353 2526 426 2586 pars
442 2510 568 2583 spectati
584 2511 719 2571 muneris
735 2510 803 2585 ipse
818 2511 882 2572 luit.

262 2592 355 2667 Quid,
376 2594 469 2655 modo
486 2609 553 2654 cum
568 2593 640 2654 belli
655 2595 773 2654 navalis
790 2594 921 2671 imagine
936 2595 1051 2656 Caesar

301 2676 445 2740 Persidas
464 2678 583 2738 induxit
597 2677 825 2754 Cecropiasque
839 2686 944 2740 retest

260 2761 376 2837 Nempe
390 2762 429 2821 eb
447 2769 576 2836 utroque
592 2763 668 2822 mari
684 2764 826 2837 iuvenes,
849 2763 888 2823 ab
903 2771 1033 2838 utroque
1051 2767 1180 2841 puellae

301 2847 439 2920 Venere,
462 2853 554 2920 atque
569 2847 677 2921 ingens
693 2846 776 2907 orbis
788 2847 817 2905 in
833 2846 915 2907 Urbe
930 2848 993 2907 luit.

200 2937 247 2992 175
260 2929 332 3004 Quis
348 2946 409 2990 non
425 2930 553 3002 invenit,
576 2930 665 2989 turba
681 2930 764 3006 quod
781 2938 897 2991 amaret
910 2933 939 2991 in
955 2931 1029 2992 illat

301 3014 402 3088 Eheu,
428 3030 518 3088 quam
533 3015 645 3075 multos
660 3014 780 3075 advena
794 3015 882 3075 torsit
895 3023 996 3075 amor!

259 3097 355 3170 Eece,
378 3105 466 3174 parat
482 3098 595 3158 Caesar
609 3097 725 3158 domito
742 3098 825 3173 quod
841 3099 935 3160 dciuit
950 3099 1025 3173 orbi,

302 3181 436 3241 Addere.
458 3198 556 3255 nunc,
578 3182 680 3242 oriens
695 3182 812 3255 ultime,
832 3190 937 3243 noster
952 3183 1022 3243 eris.

158 3328 161 3335 ,
259 3264 382 3338 Parthe,
405 3265 494 3325 dabis
511 3281 645 3340 poenas:
669 3265 771 3326 Crassi
786 3268 917 3342 gaudete
931 3268 1051 3342 sepulti,
1103 3270 1107 3283 “

201 3358 249 3409 180
302 3347 459 3424 Signaque
475 3349 653 3409 barbaricas
669 3366 730 3410 non
746 3351 825 3410 bene
840 3366 934 3426 passa
949 3367 1069 3411 manus.

259 3431 346 3493 Ultor
360 3433 463 3507 adest,
481 3433 650 3508 primisque
665 3433 774 3494 ducem
791 3435 949 3510 profitetur
963 3435 992 3495 in
1007 3436 1112 3503 armis,

300 3516 447 3591 Bellaque
463 3533 523 3577 non
539 3532 636 3592 puero
651 3524 760 3577 tractat
773 3518 893 3594 agenda
911 3535 995 3595 puer.
1063 3568 1068 3581 .
