2467 4042
455 234 500 287 IV.
519 236 668 287 aet-628.
1001 230 1062 297 301

150 393 283 476 luppiter
304 397 381 458 banc
403 397 499 478 lenit,
521 397 691 477 laetumque
715 406 837 458 excusat
859 414 977 476 amere,

194 480 271 546 ‘Nec
294 503 385 562 gener
408 495 455 546 est
477 484 563 546 nubis
585 485 635 546 ille
658 479 831 564 pudendus'
854 488 912 546 ait.

151 565 231 637 ‘Neu
254 590 309 652 ega
332 573 481 634 nobilior:
514 574 610 652 posita
633 583 680 635 est
702 573 775 634 mibi
796 575 878 652 regia
901 573 1000 653 caele,

81 671 135 721 000
192 660 330 722 Possidet
351 662 425 723 alter
448 679 561 742 aquas,
584 662 659 723 alter
681 663 768 722 inane
791 661 898 723 cbaos.

151 746 208 809 Sed
232 752 258 810 ai
281 749 357 811 ferte
381 748 434 811 tibi
458 768 517 811 nnn
540 757 587 810 eet
608 748 749 811 mutabile
772 756 894 830 pectus,

195 835 339 920 Statque,
363 837 455 900 semel
476 840 571 899 iuneti
592 855 733 916 rumpere
752 837 849 898 ¹vincla
873 838 949 917 turi,

148 923 212 987 Hoc
235 943 354 1007 quoque
378 934 557 1006 temptemus
569 974 579 1006 ,
602 926 749 1005 siquidem
770 928 869 988 ieiuna
892 926 1053 1006 remansit3

194 1012 225 1075 Si
248 1017 346 1076 minua
358 1060 368 1096 ,
391 1015 500 1075 inferni
522 1017 658 1092 coniugis
681 1033 757 1075 uror
779 1009 872 1075 erit.'

80 1113 134 1163 605
148 1102 271 1163 Tartara
293 1105 394 1165 iussus
417 1103 477 1164 adit
500 1106 627 1181 sumptis
650 1102 806 1164 Caducifer
828 1102 899 1185 alia,

192 1190 311 1272 Speque
333 1191 412 1253 redit
434 1193 523 1253 eitius
545 1194 667 1270 visaque
690 1200 771 1253 certa
794 1193 904 1252 refert:

148 1275 257 1358 ‘llapta
280 1275 393 1340 tribus'
416 1280 491 1366 (linit
514 1275 617 1341 ‘noluit
638 1281 749 1341 ieiunia
771 1282 890 1359 granis,

192 1365 304 1428 Punica
327 1386 403 1445 quae
425 1367 505 1428 lente
529 1370 641 1428 cortice
664 1385 751 1445 poma
773 1376 879 1446 tegunt
888 1362 908 1429 .'

148 1452 232 1513 Haud
256 1471 344 1516 secus
366 1454 515 1534 indoluit,
538 1472 626 1533 quam
649 1458 676 1514 si
698 1455 785 1517 mede
808 1465 892 1535 rapta
915 1454 1037 1535 inisset,

82 1553 149 1604 eto·
191 1539 303 1603 blaeeta
324 1560 454 1623 parens,
480 1542 567 1621 lunga
589 1544 697 1620 vixque
720 1543 831 1604 relecta
854 1561 936 1603 mora
959 1551 1021 1604 est.

148 1630 244 1709 Atque
266 1633 307 1692 ita
331 1618 403 1692 ‘nec'
425 1630 511 1692 nubis
534 1630 649 1692 caelum
670 1640 717 1692 eat
739 1630 898 1692 habitabile
912 1626 936 1691 l'
959 1629 1033 1691 dixit

194 1716 353 1780 ‘Taenaria
376 1720 539 1798 recipitne
563 1738 682 1799 quoque
705 1719 778 1780 valle
801 1715 907 1781 iube:'

148 1806 186 1867 Et
209 1808 322 1868 lactura
345 1808 402 1870 fuit
414 1855 423 1888 ,
446 1816 551 1886 0000οε
574 1809 633 1868 nisi
655 1807 788 1888 luppiter
811 1818 910 1890 esaet;

193 1895 242 1956 Bis
266 1895 362 1957 tribus
387 1906 420 1957 ut
442 1895 523 1958 eaelo
546 1895 700 1957 mensibus
722 1895 772 1957 illa
794 1896 889 1958 ieret.

81 1996 132 2046 etc
147 1985 223 2045 Tum
246 1984 365 2046 demum
389 1984 558 2064 voltumque
581 1984 674 2046 Ceres
695 1987 885 2065 animumque
908 1986 1039 2066 recepit,

191 2073 396 2152 imposuitque
418 2090 490 2135 anae
513 2076 612 2153 spicea
635 2081 715 2135 serta
738 2091 857 2135 cumae:

148 2161 300 2241 Largaque
323 2163 461 2242 provenit
483 2164 606 2223 cessatis
629 2164 735 2223 messis
757 2165 789 2222 in
812 2163 907 2242 arvis,

192 2249 230 2310 Et
253 2251 299 2310 vix
323 2258 478 2329 congestas
500 2268 569 2312 area
592 2253 672 2329 cepit
692 2268 784 2329 epea.

147 2336 220 2399 liba
243 2337 351 2401 decent
372 2337 534 2401 Cereremz
565 2342 657 2399 vestis
680 2337 844 2399 Cerialibus
866 2337 947 2399 albas

83 2438 134 2489 000
193 2425 329 2508 Sumite3
353 2445 432 2488 nunc
455 2426 528 2506 pulli
552 2426 669 2488 velleris
692 2444 765 2488 usus
788 2426 889 2488 abeat.

371 2583 422 2648 13.
445 2580 647 2647 enin-N>
660 2600 759 2649 evm

148 2708 281 2789 Occupat
303 2709 411 2790 Aprilis
434 2708 504 2770 idue
527 2712 703 2790 cognomine
726 2709 827 2772 Victor

190 2796 345 2880 luppiter.
386 2797 507 2859 bacilli
530 2807 600 2861 sunt
623 2800 689 2861 data
712 2799 821 2880 templa
844 2800 910 2862 die.

147 2887 208 2950 llac
231 2905 349 2968 queque
360 2935 371 2971 ‚
394 2889 426 2949 ni
448 2887 533 2948 iallur
545 2935 554 2970 ,
578 2887 687 2968 popule
710 2888 881 2967 dignissima
904 2893 1008 2949 nostre

190 2975 272 3037 Atria
294 2975 430 3039 Libertas
453 2979 552 3056 eoepit
575 2976 684 3038 babere
708 2996 778 3039 sua.

437 3132 487 3198 14.
509 3131 579 3197 ΗΝ
588 3149 690 3197 nvnr

82 3255 227 3319 0001000
251 3265 391 3319 secutura
413 3267 494 3320 tutos
517 3268 609 3339 pete,
632 3252 751 3339 navita,
774 3267 898 3337 pertus:

190 3344 301 3407 Ventus
325 3345 360 3407 ab
384 3365 491 3409 occasu
514 3347 657 3427 grandine
680 3349 791 3408 mixtus
814 3349 887 3408 erit.

146 3434 267 3496 Scilicet
289 3443 323 3497 ut
345 3434 436 3496 luerit
448 3484 457 3516 ,
480 3445 579 3497 tamen
602 3435 657 3497 hac
676 3435 854 3497 Mutinensia
878 3434 984 3498 Caesar

189 3522 338 3601 Grandine
361 3524 464 3586 militia
487 3525 616 3606 perculit
639 3542 719 3585 arma
742 3542 812 3586 sua.
