2467 4042
449 156 493 224 x,
512 160 668 211 oet-724.
787 175 882 213 ancum
997 157 1065 226 215

115 323 317 386 'l'ransibant
329 370 338 405 ,
361 330 392 384 et
413 324 471 384 iter
493 320 615 402 longum
637 324 828 401 requiescere
851 324 960 386 suasit.

116 413 196 475 Illic
224 411 400 474 concubitus
423 412 631 491 intempestiva
655 410 762 491 cupido

41 514 101 564 oso
118 501 274 582 Occupat
294 500 523 581 Hippomenen,
545 517 563 561 a
584 500 706 560 numine
730 501 847 561 concita
869 508 988 562 nostro.

119 589 273 652 Luminis
296 590 396 668 exigui
418 589 517 650 iuerat
537 606 632 669 prope
655 587 765 668 templa
786 606 943 671 recessus,

120 678 305 759 Speluncae
329 676 456 758 similis,
480 677 579 738 nativo
601 678 720 757 pumice
743 684 859 758 tectus,

118 766 291 846 Religione
314 783 399 827 socer
421 767 542 846 prisca,
566 783 626 843 quo
647 764 741 826 merita
763 764 901 826 sacerdos

120 854 249 935 Lignea
273 852 441 916 contulerat
462 860 597 915 veterum
621 852 778 914 simulacra
801 854 943 916 deorum.

47 954 106 1006 oto
121 943 225 1006 llunc
249 945 327 1024 init,
350 951 381 1003 et
402 944 493 1003 vetito
516 950 645 1003 temerat
667 943 795 1003 sacraria
817 941 944 1021 probro.

124 1033 230 1094 Sacra
252 1038 442 1092 retorserunt
463 1029 589 1112 oculos3
611 1032 778 1110 turritaque
801 1029 913 1113 Mater,

123 1121 178 1182 An
206 1120 308 1200 Stygia
331 1126 454 1200 sontes,
477 1118 644 1200 dubitavit,
666 1126 816 1198 mergeret
838 1120 933 1180 unda.

124 1208 238 1270 Poena
260 1208 333 1269 levis
355 1209 417 1268 visa
440 1214 507 1268 est.
535 1225 606 1286 ergo
630 1207 717 1267 modo
741 1205 816 1268 levia
838 1208 933 1269 iulvee

125 1296 218 1358 Colla
242 1296 329 1358 iubae
352 1295 466 1376 velant,
490 1295 574 1375 digiti
592 1302 753 1357 curvantur
771 1298 803 1356 in
821 1314 956 1378 ungues,
979 1311 1000 1352 r.
1013 1310 1062 1355 us.

54 1395 112 1448 too
126 1385 180 1446 Ex
204 1386 319 1446 umeris
342 1386 417 1445 armi
439 1383 534 1466 flunt,
556 1386 589 1445 in
609 1392 733 1463 pectora
754 1391 852 1445 totum

127 1473 261 1535 Pondus
284 1471 367 1554 abit,
390 1489 522 1533 summae
546 1472 638 1533 cauda
661 1478 823 1533 verruntur
845 1472 990 1537 harenae.

127 1562 215 1622 lram
239 1560 338 1622 vultus
360 1559 451 1622 habet
463 1608 472 1643 ,
496 1578 551 1639 pro
575 1560 674 1622 verbis
697 1577 850 1622 murmura
872 1561 1019 1646 reddunt,

128 1650 195 1710 Pro
219 1649 356 1711 thalamis
379 1648 532 1710 celebrant
554 1649 663 1711 silvas:
687 1649 810 1728 aliisque
833 1650 958 1712 timendi

129 1737 233 1800 Dente
255 1729 397 1818 premunt
419 1738 530 1798 domito
554 1735 691 1816 Cybeleia
714 1737 797 1797 irena
819 1736 938 1802 leones.

62 1836 116 1888 too
131 1826 198 1887 llos
217 1835 270 1907 tu,
293 1844 380 1907 care,
398 1824 471 1887 mibi
489 1843 617 1904 cumque
636 1825 682 1886 his
700 1843 795 1905 genus
810 1844 896 1889 omne
915 1829 1064 1912 terarum,

132 1914 225 1986 Quod
244 1932 305 1975 non
323 1922 406 1994 terga
429 1913 539 1996 fugae,
562 1914 615 1974 sed
638 1932 754 1993 pugnae
777 1924 899 1994 pectora
921 1918 1063 2001 praebet,

132 2002 266 2083 Effuge,
288 2020 327 2064 ne
349 2004 445 2063 virtus
468 2010 519 2063 tua
543 2004 582 2064 sit
605 2002 744 2063 damnosa
767 2000 925 2066 duobus.'’

179 2091 234 2152 llla
257 2090 379 2170 quidem
401 2092 538 2172 monuit,
561 2093 730 2171 iunctisque
753 2110 808 2171 per
830 2098 899 2153 atra
922 2097 1023 2175 cygnis

135 2179 241 2259 Carpit
262 2181 343 2241 iter.
372 2178 425 2240 sed
448 2187 508 2240 stat
530 2181 651 2240 monitis
674 2182 822 2241 contraria
845 2183 956 2243 virtus.

69 2277 121 2329 ‘110
135 2268 228 2329 Forte
252 2285 337 2329 suem
360 2266 481 2328 latebris
504 2270 627 2347 vestigia
650 2276 732 2329 certa
755 2271 851 2330 secuti

134 2356 282 2418 Excivere
304 2373 416 2438 canes,
439 2355 579 2435 silvisque
603 2357 684 2417 exire
706 2365 860 2437 parantem

135 2444 258 2506 Fixcrat
280 2443 400 2524 obliquo
423 2446 540 2505 iuvenis
563 2443 718 2524 Cinyreius
741 2447 821 2506 ictu.

135 2532 279 2594 Protinus
302 2535 434 2594 excussit
455 2533 552 2612 pando
575 2532 720 2594 venabula
742 2541 840 2594 rost-ro

137 2620 288 2701 Sanguine
311 2623 405 2682 tincta
426 2639 504 2703 suo,
527 2621 736 2701 trepidumque
760 2630 791 2683 et
812 2629 876 2683 tuta
898 2630 1051 2703 petentem

72 2715 122 2768 tto
136 2709 220 2770 Trux
243 2727 315 2790 aper
337 2711 528 2790 insequitur,
551 2718 690 2789 totosque
713 2709 769 2771 sub
792 2712 914 2790 inguine
937 2713 1042 2774 dentes
1090 2720 1091 2723 ’

136 2797 279 2879 Abdidit,
303 2806 334 2859 et
355 2797 434 2858 fulva
456 2796 668 2860 moribundum
691 2800 795 2860 stravit
817 2799 944 2862 harena.

136 2885 226 2948 Vecta
249 2884 308 2947 levi
330 2903 421 2947 curru
444 2887 556 2947 medias
580 2886 725 2966 Cytherea
747 2905 802 2967 per
825 2905 912 2949 auras

137 2974 269 3054 Chytron
292 2973 415 3035 olorinis
437 2974 570 3036 nondum
592 2985 770 3054 pervenerat
792 2974 863 3036 alis:

136 3063 264 3141 Agnovit
284 3062 372 3142 longe
396 3064 538 3141 gemitum
561 3064 740 3146 morientis,
763 3072 794 3125 et
816 3063 895 3125 albas

78 3155 125 3210 tto
137 3150 233 3211 rtexit
255 3168 325 3212 aves
347 3149 440 3212 illuc.
468 3158 560 3230 utque
585 3151 705 3213 aethere
728 3151 801 3213 vidit
823 3152 860 3212 ab
883 3152 941 3212 alto

136 3238 311 3300 Exanimem
333 3242 425 3318 inque
449 3256 503 3301 suo
526 3241 687 3301 iactantem
710 3242 852 3319 sanguine
876 3256 1004 3319 corpus,

136 3326 285 3408 Desiluit,
306 3330 478 3408 pariterque
502 3329 601 3389 sinum
623 3330 794 3408 pariterque
819 3327 940 3406 capillos

136 3414 249 3496 Rupit,
272 3423 303 3477 et
325 3416 454 3495 indignis
476 3418 626 3496 percussit
646 3425 768 3497 pectora
789 3414 911 3495 palmis.

138 3501 307 3585 Questaque
332 3522 401 3565 cum
424 3505 491 3569 fatis
516 3501 570 3567 “at
592 3523 652 3567 non
676 3514 774 3567 tamen
798 3505 896 3566 omnia
918 3501 1039 3565 vestri
