2467 4042
195 259 262 324 274
604 258 797 310 55555555

328 422 438 484 Fabula
460 424 613 503 proposito
636 421 717 483 nulla
740 421 863 483 tacenda
885 440 971 483 meo.

218 523 269 574 545
293 512 414 573 deserat
436 511 552 572 Aeneae
573 509 648 572 bido
672 509 848 571 miserabilis
871 512 957 591 igne,

329 601 451 661 11555551
473 601 634 661 exstructis
657 600 689 658 in
712 616 765 660 555
789 598 848 659 1515
870 601 970 679 rogis3

284 688 532 767 Compositusque
555 689 631 749 cinis
643 734 652 769 ,
676 686 842 766 tumulique
865 689 896 747 in
914 704 1073 750 marmore
1099 710 1203 754 carmen

329 776 392 838 1155
414 776 527 856 breue,
550 774 630 855 quod
653 777 783 836 moriens
806 779 869 854 ipsa
893 774 1042 857 reliquit,
1071 790 1157 843 erat:

287 860 443 926 ‘Praebuit
467 864 581 925 deneas
604 871 635 925 et
657 881 774 925 causam
798 865 903 924 mortis
926 872 956 925 51
980 882 1112 929 ensem.

222 966 273 1015 555
331 952 398 1032 lpsa
421 970 474 1014 sua
497 950 570 1013 [lido
595 950 725 1013 concidit
747 970 800 1013 555
824 969 911 1013 manu
924 946 945 1012 .'

284 1040 424 1103 Protinus
448 1039 590 1101 invadunt
612 1039 755 1101 Numidae
779 1043 843 1102 sine
868 1040 984 1101 vindice
1008 1060 1165 1127 regnum,

329 1127 367 1190 Et
389 1131 502 1209 potitur
525 1139 610 1208 capta
632 1126 753 1189 Maurus
776 1127 860 1189 larba
883 1128 988 1189 domo.

286 1217 383 1297 Seque
407 1234 520 1278 memor
543 1224 700 1297 spretum,
724 1212 875 1278 ‘thalamis
897 1213 1013 1280 tamen’
1040 1221 1148 1299 inquit

1037 1303 1171 1372 ‘Elissae

330 1393 374 1456 En
398 1412 474 1475 ego,
498 1411 587 1473 quem
610 1395 720 1455 totiens
743 1392 874 1474 reppulit
894 1392 965 1474 illa,
990 1394 1119 1459 lruor.'

220 1493 270 1544 555
286 1482 448 1561 Diffugiunt
470 1481 574 1562 Tyrii,
601 1499 661 1561 quo
685 1499 833 1561 quemque
861 1484 921 1561 agit
943 1500 1059 1565 error,
1089 1499 1126 1548 ut
1149 1488 1202 1549 5115

330 1571 445 1632 Amisso
468 1569 574 1631 dubiae
598 1587 668 1649 rege
692 1580 835 1650 vagantur
858 1589 946 1650 apes.

286 1659 385 1721 Tertia
408 1657 560 1719 nudandas
583 1667 738 1738 acceperat
760 1676 827 1719 area
850 1676 981 1738 5555555,

330 1747 422 1827 Inque
447 1764 533 1807 cavos
555 1748 653 1808 ierant
675 1748 762 1807 tertia
785 1754 882 1807 musta
905 1745 1006 1808 lacus:

285 1835 409 1896 Pellitur
432 1836 516 1896 5555
539 1833 649 1917 domo,
671 1833 887 1914 lacrimansque
910 1837 1026 1896 sororia
1053 1837 1168 1921 linquit

220 1938 272 1987 555
330 1923 465 1984 Μ55515,
507 1940 664 2002 germanae
686 1925 764 1984 iusta
787 1923 837 1984 dat
858 1930 925 1984 ante
949 1941 1042 1986 suae.

286 2011 375 2073 Mirta
398 2010 505 2072 bibunt
527 2010 632 2073 molles
654 2009 783 2072 lacrimis
806 2020 957 2090 unguenta
980 2012 1104 2077 15511155

330 2099 447 2161 Vertioe
471 2097 575 2161 libatas
598 2100 807 2180 accipiuntque
830 2117 947 2161 comas.

286 2188 404 2268 Terque
429 2184 507 2250 ‘vale
522 2183 545 2249 l'
570 2188 645 2249 dixit
657 2235 666 2267 ,
689 2190 806 2250 cineres
829 2196 875 2249 ter
898 2188 934 2249 ad
958 2207 1011 2250 ora
1035 2192 1156 2255 relatos

329 2276 464 2358 Pressit,
488 2284 518 2338 et
540 2285 586 2338 est
608 2274 667 2336 illis
690 2279 750 2337 visa
774 2275 897 2337 subesse
920 2294 1023 2338 soror.

220 2378 271 2428 ooo
286 2365 397 2427 Nanota
421 2372 516 2426 ratem
540 2366 723 2444 comitesque
747 2366 832 2444 lugac
859 2364 936 2444 pede
958 2365 1076 2429 labitur
1100 2389 1206 2453 aequo.

330 2455 444 2515 Moenia
466 2455 652 2533 respiciens,
676 2453 762 2514 dulce
785 2455 898 2514 sororis
921 2471 1014 2532 opus.

166 2603 170 2609 .
287 2542 405 2604 Fertilis
429 2550 474 2603 est
497 2541 596 2604 Melite
620 2541 715 2602 sterili
738 2543 832 2603 vicina
856 2541 982 2621 Cosyrae

330 2630 450 2711 155515,
474 2647 561 2710 quam
584 2628 686 2710 Libyci
709 2629 845 2691 verberat
867 2629 945 2692 trnda
968 2630 1059 2694 lreti.

285 2718 368 2780 11555
390 2721 487 2799 petit,
510 2719 639 2798 bospitio
662 2720 742 2798 regis
765 2720 874 2779 conlisa
897 2727 1033 2780 vetusto.

220 2820 271 2869 555
330 2807 444 2887 Hospes
468 2825 557 2887 opum
580 2808 662 2868 dives
685 2824 737 2867 rex
760 2805 802 2867 ibi
825 2805 926 2869 Battus
949 2816 1032 2870 5551.

287 2896 344 2968 Qui
366 2903 524 2976 postquam
547 2895 651 2957 didicit
672 2912 759 2957 casus
783 2897 939 2974 utriusque
963 2901 1099 2982 sororis,
1174 2918 1203 2965 55

330 2978 441 3045 ‘Haeo'
465 2986 563 3063 inquit
586 2979 690 3046 ‘tellus
713 2983 982 3063 quantulacumque
1006 2993 1060 3047 155
1085 2987 1173 3052 est.'

286 3073 324 3135 Et
346 3081 444 3135 tamen
468 3072 589 3151 hospitii
612 3081 760 3134 servasset
782 3072 818 3134 ad
841 3071 944 3134 ultima
966 3090 1098 3138 munus.

332 3161 390 3224 Sed
413 3163 512 3223 timuit
534 3179 654 3241 magnas
677 3160 873 3241 Pygmalionis
896 3179 984 3240 opes.

219 3262 272 3311 555
289 3250 377 3331 Signa
400 3258 592 3313 recensuerat
615 3249 661 3311 bis
684 3250 727 3310 sol
751 3267 824 3331 sua,
846 3253 954 3311 tertius
976 3248 1040 3311 ibat

331 3340 456 3420 Annus,
479 3347 511 3400 et
532 3338 618 3399 exilio
642 3347 723 3400 terra
746 3337 874 3418 paranda
897 3356 972 3399 nora
996 3346 1060 3399 est.

286 3426 390 3487 Frater
414 3427 517 3506 adest,
541 3425 677 3507 belloque
701 3429 797 3506 petit.
839 3443 891 3487 rex
914 3444 995 3487 arma
1018 3444 1157 3505 perosus

332 3509 407 3573 ‘Nos
431 3531 534 3574 sumus
557 3513 698 3596 inbelles,
722 3522 755 3575 tu
779 3515 847 3593 luge
871 3532 973 3594 sospes
988 3509 1012 3576 l'
1035 3518 1096 3578 ait.

288 3598 370 3660 lussa
393 3600 469 3677 strglt
481 3647 490 3680 ,
514 3610 661 3680 ventoque
684 3611 778 3663 ratem
802 3604 960 3664 committit
982 3612 1014 3665 et
1036 3603 1153 3668 undis.
