2467 4042
176 755 214 850 Ρ.
244 755 382 854 tvtltl
422 752 626 853 NASONIS
655 753 866 854 mettun

334 945 478 1010 liare
504 944 690 1039 cornus.

278 1072 301 1118 ν
367 1131 548 1175 EPIGRAMMA
566 1131 671 1175 IPSIUS.

110 1229 157 1305 nui
168 1235 249 1296 uodo
263 1231 402 1295 Nasonis
418 1233 573 1311 fuegapurs
590 1232 726 1311 quinque
740 1232 848 1305 libelli,

142 1316 204 1380 nes
218 1334 336 1380 sumus.
372 1316 434 1380 hoc
447 1316 490 1377 illi
504 1316 648 1393 praetulit
660 1323 767 1376 auctor
782 1332 872 1392 opus.

26 1396 27 1451 I
109 1398 140 1459 Ut
150 1401 200 1461 iam
214 1404 296 1464 nulla
312 1402 369 1463 tibi
385 1414 444 1462 nos
458 1402 498 1462 sit
511 1403 522 1462 l
564 1401 627 1462 'sse
641 1401 801 1476 voluptas,

26 1468 28 1539 i
142 1487 175 1545 At
187 1487 279 1548 levior
294 1486 432 1561 demptis
448 1501 550 1560 poena
586 1485 686 1546 uobns
702 1485 766 1546 erit.

26 1570 27 1633 l
80 1570 98 1614 ν

70 1645 87 1740 Ῑ
112 1654 282 1770 Aspagani
296 1710 429 1756 numero
445 1694 645 1769 violentaque
658 1692 740 1752 bella
755 1691 902 1768 parabam

140 1775 238 1852 Edere,
261 1778 393 1841 materia
409 1778 612 1839 conveniente
627 1778 741 1838 modis:

26 1852 28 1879 ³
107 1854 365 1923 Pueratinlerior
379 1877 500 1926 versus.
531 1863 641 1922 risisse
657 1861 776 1936 cupido

26 1960 28 1987 ¹
140 1939 241 2006 Dicitur
254 1955 349 2024 atque
366 1963 460 2006 unum
476 1946 665 2022 surripuisse
681 1946 802 2020 pedem.

87 2024 180 2098 atonis
194 2029 255 2104 tibi,
277 2046 379 2092 saeve
393 2046 487 2106 puer,
512 2031 597 2091 dedit
610 2030 671 2090 hoc
686 2030 716 2088 in
732 2030 868 2088 carmina
881 2027 980 2089 iurist

138 2108 273 2175 Pieridum
289 2121 399 2190 vateS,
421 2130 484 2174 non
501 2123 552 2175 tua
566 2115 655 2175 turba
669 2130 785 2173 sumus.

26 2234 28 2309 ᾗ
110 2190 183 2271 Qud,
203 2199 227 2258 si
242 2198 414 2275 praeripiat
428 2198 529 2259 flavae
543 2201 651 2259 Venus
667 2214 752 2257 arma
766 2196 938 2271 Minervae,

26 2320 27 2365 p
141 2278 255 2344 Ventilet
270 2299 425 2344 accensos
439 2281 524 2343 flava
537 2283 677 2344 Minerva
692 2282 798 2340 iacest

26 2368 28 2447 ἶ
110 2357 165 2431 Quis
178 2369 280 2440 probet
295 2369 330 2427 in
346 2367 432 2427 silvis
450 2368 592 2428 Cererem
606 2381 737 2441 regnare
751 2365 885 2440 iugosiS,

26 2450 27 2491 l
77 2446 103 2499 lo
141 2445 210 2524 Lege
224 2452 421 2527 pharetratae
436 2451 563 2526 virginis
580 2468 655 2512 arva
670 2451 749 2510 colit

112 2527 222 2596 Crinibus
237 2538 393 2611 insignem
409 2537 478 2612 quis
494 2543 584 2596 acuta
599 2535 728 2611 cuspide
741 2533 897 2595 Phoebum

140 2614 272 2694 instruat,
295 2619 430 2681 Aoniam
444 2620 541 2681 Marte
556 2626 699 2680 movente
714 2619 833 2697 lyram?

109 2693 171 2758 Sunt
181 2703 228 2763 tibi
244 2719 373 2779 magna,
396 2721 490 2780 puer,
515 2704 703 2778 nimiumque
718 2702 856 2779 potentia
870 2717 979 2778 regna=

142 2782 190 2843 Cur
203 2804 281 2864 opus
299 2788 453 2863 adiectas,
468 2787 654 2863 ambitiose,
676 2795 812 2848 novum?

74 2862 156 2938 ¹⁵¹³ss,
175 2873 252 2946 qnod
267 2872 398 2946 ubique,
420 2878 526 2934 tuum?
547 2880 600 2934 tue
614 2879 686 2933 sunt
699 2872 861 2932 Heliconia
874 2873 1003 2947 Tempe,

141 2951 192 3013 Vix
205 2958 295 3016 etiarn
308 2956 433 3017 Phoebo
449 2957 510 3017 iam
523 2958 593 3034 lyra
607 2964 671 3019 tuta
686 2972 744 3017 sua
758 2962 826 3015 estt
837 3004 844 3018 .
854 2999 878 3014 ..

110 3030 168 3093 Cum
182 3037 256 3101 bene
273 3041 407 3102 surrexit
420 3057 515 3102 versu
529 3058 613 3102 nova
628 3042 741 3117 pagina
755 3039 872 3115 primo,

26 3190 28 3199 Ι
140 3121 272 3185 Attenuat
287 3142 400 3186 nervos
417 3126 576 3201 proximus
594 3126 644 3186 ille
659 3141 757 3185 meos.

108 3198 158 3262 Nec
171 3208 237 3267 mihi
252 3210 378 3272 materia
394 3217 442 3271 est
455 3211 590 3273 numeris
605 3209 774 3271 levioribus
790 3217 878 3286 apta,

76 3284 100 3339 ²)
140 3288 195 3350 Aut
209 3309 296 3368 puer,
320 3302 372 3355 aut
386 3295 495 3370 longas
511 3301 638 3370 compta
648 3295 752 3370 puella
767 3299 895 3355 comas?

109 3366 223 3441 Questus
238 3394 330 3439 eram.
357 3379 502 3454 pharetra
517 3395 585 3439 cum
597 3380 737 3455 protinus
752 3379 803 3437 ille
818 3382 918 3440 soluta

139 3454 217 3533 Legit
229 3460 259 3521 in
273 3464 396 3524 exitium
414 3463 534 3540 spicula
548 3465 629 3524 lacta
643 3480 759 3537 meum,

79 3533 279 3683 ovLunlavitque
294 3565 376 3625 genu
391 3548 552 3611 sinuosum
568 3549 685 3608 fortiter
699 3565 820 3624 arcum,

108 3634 140 3678 tn.
171 3668 179 3684 .
854 3636 867 3692 1
