2467 4042
192 197 253 263 tab
578 198 826 261 HEROIDES.

276 352 325 425 Di,
346 367 471 429 precor,
495 351 619 414 anobis
635 368 726 415 omen
741 360 899 417 removete
914 354 1082 432 sinistrum,

230 447 265 499 to
316 437 355 498 Et
368 454 427 499 sua
441 437 493 497 det
507 436 614 498 reduci
629 437 676 497 vir
691 453 777 506 meus
792 452 877 499 arma
889 438 966 500 Iovi.

273 520 337 583 Sed
352 521 460 595 timeo,
482 521 625 596 quotiens
641 521 733 583 subiit
747 521 921 584 miserabile
934 523 1063 586 bellum:

315 605 401 666 More
416 605 496 667 nivis
511 606 655 667 lacrimae
670 606 736 667 soie
752 607 903 669 madentis
916 615 997 671 eunt.

271 689 348 751 ilion
364 697 394 750 et
410 691 553 752 Tenedos
568 689 745 767 Simoisque
761 698 792 752 et
807 692 947 754 Xantbus
961 702 993 757 et
1006 694 1061 754 lde

314 775 443 835 Nomina
460 782 531 837 sunt
545 775 615 851 ipso
633 790 732 852 paene
747 776 881 838 timenda
895 793 984 840 sono.

230 871 263 921 55
274 860 338 919 Neo
351 875 462 936 rapere
477 875 625 934 ausurus,
648 859 708 923 nisi
723 877 758 921 se
773 860 940 923 defendere
955 869 1073 939 posset,

313 944 437 1020 Hospes
452 951 527 1006 erat.
550 942 631 1006 vires
646 951 774 1005 noverat
790 944 842 1006 iiie
856 963 940 1009 suas.

271 1030 420 1101 Venerat,
444 1033 476 1088 nt
490 1028 648 1104 iamaest,
670 1030 763 1091 multa
780 1030 958 1106 spectabilis
972 1048 1058 1105 auro,

313 1112 432 1187 Quique
450 1128 509 1173 suo
524 1112 676 1190 Phrygias
693 1128 827 1190 corpore
840 1116 934 1177 terret
948 1132 1035 1192 opes,

270 1197 378 1258 Classe
392 1196 529 1272 virisque
551 1204 679 1274 potens,
707 1213 764 1273 per
774 1215 857 1273 ,quae
874 1199 940 1260 iera
952 1199 1034 1261 belia
1050 1211 1203 1275 geruntur

227 1289 262 1346 60
313 1281 352 1341 Et
366 1281 505 1357 sequitur
518 1282 604 1358 regni
619 1294 692 1358 pers
708 1290 805 1358 quota
818 1299 973 1361 quemque
985 1285 1055 1345 snit

268 1365 324 1427 His
339 1380 398 1441 ego
412 1365 585 1441 tentatam,
608 1381 739 1428 consors
754 1367 878 1429 Ledaea
893 1369 1042 1444 gemellis,
1089 1412 1091 1415 -

313 1448 472 1525 Suspicor.
494 1450 572 1512 haee
585 1450 701 1513 Danais
717 1467 813 1527 posse
829 1467 941 1514 nooere
956 1459 1040 1529 puto.

268 1535 402 1597 Hectora
416 1535 524 1599 neseio
539 1551 632 1610 quem
645 1535 753 1599 timeo:
774 1535 860 1599 Paris
874 1536 1008 1599 Hectora
1021 1537 1100 1599 dixit

310 1618 423 1680 Ferrea
436 1619 607 1695 sanguinea
624 1619 706 1679 belia
721 1634 846 1683 movere
862 1637 963 1683 manu.

225 1712 260 1768 65
271 1705 418 1776 Hectora,
441 1703 582 1781 quisquis
598 1704 626 1765 is
641 1711 703 1779 est,
722 1704 750 1766 si
764 1722 832 1767 sum
846 1706 900 1767 tibi
915 1722 1012 1782 earn,⁴
1024 1715 1134 1769 anneto

310 1786 470 1864 Signatum
484 1788 612 1853 memori
627 1795 755 1865 peetore
770 1806 882 1851 nomen
898 1789 988 1851 haba.

266 1872 355 1934 Hune
370 1872 421 1937 ubi
437 1872 558 1947 vitaris,
582 1874 661 1935 alios
676 1873 773 1935 vitare
787 1881 949 1951 memento,

307 1957 346 2017 Et
361 1958 475 2021 multos
489 1957 552 2019 illio
565 1958 717 2021 Hectoras
732 1974 804 2020 esse
817 1966 907 2035 puta:
1073 2012 1077 2019 .

266 2041 303 2103 Et
317 2041 409 2105 taeito
425 2047 458 2103 ut
473 2040 574 2115 dieas,
599 2041 742 2118 quotiens
759 2058 898 2119 pugnare
914 2042 1047 2118 parabis,

225 2134 259 2190 to
312 2125 455 2186 ‘Parcere
470 2142 519 2189 me
533 2124 625 2187 iussit
639 2126 806 2189 Laodamia
819 2126 902 2188 sibi'

266 2208 299 2272 Si
318 2209 430 2271 eadere
445 2210 592 2285 Argolico
608 2213 656 2273 ias
670 2220 719 2273 est
734 2210 792 2272 sub
809 2211 903 2273 milite
916 2213 1047 2286 Troiam,
1103 2220 1109 2227 ·

306 2295 349 2354 Te
365 2310 491 2371 quoque
500 2292 570 2355 ¹non
584 2296 678 2357 ullum
693 2297 806 2357 vulnus
821 2295 952 2359 habente
970 2297 1068 2359 eadat.

224 2386 257 2442 73
266 2378 386 2454 Pugnet
399 2386 430 2439 et
444 2379 597 2442 adversos
610 2379 718 2442 tendet
728 2380 885 2442 Menelaus
901 2380 931 2443 in
945 2380 1060 2442 hostias

224 2471 258 2527 76
310 2460 459 2525 Hostibus
475 2463 615 2525 emediis
632 2470 726 2540 nupto
739 2465 874 2540 petenda
886 2465 952 2526 viro
968 2472 1024 2527 est.
1114 2514 1118 2521 .

265 2548 365 2608 Causa
379 2553 430 2609 tua
443 2555 492 2611 est
506 2549 622 2623 dispar.
643 2554 677 2608 tu
692 2554 808 2610 mutum
824 2550 1059 2626 moerebamus,
1118 2576 1122 2583 ·

306 2632 404 2710 inque
418 2633 488 2708 pios
504 2633 647 2695 dominae
665 2648 761 2707 posse
775 2633 879 2695 redire
893 2634 990 2696 sinus.

264 2716 396 2792 Parcite,
415 2717 629 2792 Dardanidae,
648 2717 689 2777 de
704 2724 763 2792 toi,
783 2734 911 2793 precor,
933 2718 1078 2780 hostibus
1091 2722 1152 2792 uui,

220 2809 255 2864 80
306 2801 351 2861 Ne
366 2816 453 2864 meus
468 2816 508 2861 ex
523 2800 575 2862 ilio
591 2817 724 2877 corpore
738 2802 865 2878 sanguis
880 2808 937 2862 eat.
981 2858 985 2865 ,

264 2884 328 2945 Non
345 2891 406 2959 est,
430 2902 520 2961 quem
536 2886 744 2949 deoeatnudo
759 2887 1049 2964 consumeremus,
1107 2956 1120 2974 ⁴

304 2968 466 3046 Saevaque
483 2970 513 3030 in
528 2970 693 3046 obpositae
707 2978 834 3047 nectara
850 2971 929 3032 ierre
944 2972 1038 3031 viros.

262 3054 381 3115 Fortius
398 3055 448 3114 ille
464 3061 568 3131 potest
582 3056 693 3129 mutto,
712 3070 803 3132 qnam
816 3061 951 3131 pugnet,
971 3070 1088 3117 amare.-

301 3137 388 3201 Beiia
402 3146 511 3216 gerant
527 3140 592 3201 aiii:
614 3138 803 3209 Protesilaus
816 3149 907 3201 amet.
923 3168 927 3179 .

219 3232 253 3286 So
264 3223 350 3284 Nune
365 3224 479 3286 iateon
495 3225 577 3286 volui
592 3240 755 3299 resonare,
778 3224 964 3300 animusque
977 3223 1095 3288 terebat

305 3306 444 3369 Substitit
459 3306 589 3384 auspioii
606 3307 710 3384 lingua
727 3309 835 3371 timore
850 3310 931 3371 maii.

260 3389 334 3452 Cum
351 3393 468 3453 toribus
485 3394 584 3455 velles
600 3393 641 3454 ad
656 3393 776 3457 Troiam
794 3394 879 3457 exire
894 3393 1041 3471 tttttemis⁹

303 3474 361 3535 Pes
378 3484 448 3537 tuus
465 3475 585 3538 offenso
601 3478 704 3540 limine
721 3479 811 3554 signa
826 3479 919 3541 dedit.
