<?xml version="1.0" encoding="UTF-8"?>
<!DOCTYPE html PUBLIC "-//W3C//DTD XHTML 1.0 Transitional//EN"
    "http://www.w3.org/TR/xhtml1/DTD/xhtml1-transitional.dtd">
<html xmlns="http://www.w3.org/1999/xhtml" xml:lang="en" lang="en">
 <head>
  <title>
</title>
<meta http-equiv="Content-Type" content="text/html;charset=utf-8" />
  <meta name='ocr-system' content='tesseract 3.04.00' />
  <meta name='ocr-capabilities' content='ocr_page ocr_carea ocr_par ocr_line ocrx_word'/>
</head>
<body>
  <div class='ocr_page' id='page_1' title='image "./povidiusnaso00ehwagoog_0805.png"; bbox 0 0 2467 4042; ppageno 0'>
   <div class='ocr_carea' id='block_1_1' title="bbox 453 236 693 288">
    <p class='ocr_par' dir='ltr' id='par_1_1' title="bbox 453 236 693 288">
     <span class='ocr_line' id='line_1_1' title="bbox 453 236 693 288; baseline -0.004 -2"><span class='ocrx_word' id='word_1_1' title='bbox 453 236 474 286; x_wconf 88' lang='lat'><strong>1.</strong></span> <span class='ocrx_word' id='word_1_2' title='bbox 493 247 531 286; x_wconf 91' lang='lat'><strong>111</strong></span> <span class='ocrx_word' id='word_1_3' title='bbox 546 238 637 288; x_wconf 75' lang='lat' dir='ltr'><strong>78-v</strong></span> <span class='ocrx_word' id='word_1_4' title='bbox 652 238 693 286; x_wconf 83' lang='lat'><strong>15.</strong></span> 
     </span>
    </p>
   </div>
   <div class='ocr_carea' id='block_1_2' title="bbox 10 398 1079 1977">
    <p class='ocr_par' dir='ltr' id='par_1_2' title="bbox 109 398 934 833">
     <span class='ocr_line' id='line_1_2' title="bbox 109 398 802 481; baseline -0.009 -16"><span class='ocrx_word' id='word_1_5' title='bbox 109 415 142 466; x_wconf 87' lang='lat'><strong>10</strong></span> <span class='ocrx_word' id='word_1_6' title='bbox 156 402 283 481; x_wconf 83' lang='lat' dir='ltr'><strong>Ingemit</strong></span> <span class='ocrx_word' id='word_1_7' title='bbox 305 407 336 461; x_wconf 90' lang='lat' dir='ltr'><strong>et</strong></span> <span class='ocrx_word' id='word_1_8' title='bbox 357 400 469 460; x_wconf 92' lang='lat' dir='ltr'><strong>nostris</strong></span> <span class='ocrx_word' id='word_1_9' title='bbox 491 400 555 478; x_wconf 92' lang='lat' dir='ltr'><strong>ipsa</strong></span> <span class='ocrx_word' id='word_1_10' title='bbox 578 399 678 458; x_wconf 89' lang='lat' dir='ltr'><strong>carina</strong></span> <span class='ocrx_word' id='word_1_11' title='bbox 702 398 802 459; x_wconf 87' lang='lat' dir='ltr'><strong>malis.</strong></span> 
     </span>
     <span class='ocr_line' id='line_1_3' title="bbox 155 485 924 573; baseline -0.005 -21"><span class='ocrx_word' id='word_1_12' title='bbox 155 490 279 573; x_wconf 85' lang='lat' dir='ltr'><strong>Navita,</strong></span> <span class='ocrx_word' id='word_1_13' title='bbox 303 489 458 550; x_wconf 81' lang='lat' dir='ltr'><strong>confessus</strong></span> <span class='ocrx_word' id='word_1_14' title='bbox 482 486 611 565; x_wconf 81' lang='lat' dir='ltr'><strong>gelidum</strong></span> <span class='ocrx_word' id='word_1_15' title='bbox 634 485 747 565; x_wconf 81' lang='lat' dir='ltr'><strong>pallore&#39;</strong></span> <span class='ocrx_word' id='word_1_16' title='bbox 769 487 924 567; x_wconf 89' lang='lat' dir='ltr'><strong>timorem,</strong></span> 
     </span>
     <span class='ocr_line' id='line_1_4' title="bbox 156 577 925 657; baseline -0.004 -17"><span class='ocrx_word' id='word_1_17' title='bbox 156 578 227 640; x_wconf 60' lang='lat' dir='ltr'><strong>lamv</strong></span> <span class='ocrx_word' id='word_1_18' title='bbox 241 579 378 657; x_wconf 88' lang='lat' dir='ltr'><strong>sequitur</strong></span> <span class='ocrx_word' id='word_1_19' title='bbox 400 578 519 656; x_wconf 86' lang='lat' dir='ltr'><strong>victus,</strong></span> <span class='ocrx_word' id='word_1_20' title='bbox 542 591 603 635; x_wconf 92' lang='lat' dir='ltr'><strong>non</strong></span> <span class='ocrx_word' id='word_1_21' title='bbox 627 577 704 653; x_wconf 82' lang='lat' dir='ltr'><strong>regit</strong></span> <span class='ocrx_word' id='word_1_22' title='bbox 727 583 790 635; x_wconf 90' lang='lat' dir='ltr'><strong>arte</strong></span> <span class='ocrx_word' id='word_1_23' title='bbox 814 584 925 637; x_wconf 86' lang='lat' dir='ltr'><strong>ratem.</strong></span> 
     </span>
     <span class='ocr_line' id='line_1_5' title="bbox 155 663 934 747; baseline -0.005 -19"><span class='ocrx_word' id='word_1_24' title='bbox 155 668 253 747; x_wconf 87' lang='lat' dir='ltr'><strong>thue</strong></span> <span class='ocrx_word' id='word_1_25' title='bbox 275 683 382 746; x_wconf 89' lang='lat' dir='ltr'><strong>parum</strong></span> <span class='ocrx_word' id='word_1_26' title='bbox 404 663 518 725; x_wconf 85' lang='lat' dir='ltr'><strong>validus</strong></span> <span class='ocrx_word' id='word_1_27' title='bbox 541 680 601 723; x_wconf 95' lang='lat' dir='ltr'><strong>non</strong></span> <span class='ocrx_word' id='word_1_28' title='bbox 624 663 809 742; x_wconf 85' lang='lat' dir='ltr'><strong>proficientia</strong></span> <span class='ocrx_word' id='word_1_29' title='bbox 830 672 934 725; x_wconf 86' lang='lat' dir='ltr'><strong>rector</strong></span> 
     </span>
     <span class='ocr_line' id='line_1_6' title="bbox 156 752 884 833; baseline -0.01 -16"><span class='ocrx_word' id='word_1_30' title='bbox 156 755 288 817; x_wconf 75' lang='lat' dir='ltr'><strong>Cervicis</strong></span> <span class='ocrx_word' id='word_1_31' title='bbox 309 753 423 833; x_wconf 81' lang='lat' dir='ltr'>rigidae</span> <span class='ocrx_word' id='word_1_32' title='bbox 446 752 530 813; x_wconf 85' lang='lat' dir='ltr'><strong>irena</strong></span> <span class='ocrx_word' id='word_1_33' title='bbox 552 753 680 812; x_wconf 83' lang='lat' dir='ltr'><strong>remittit</strong></span> <span class='ocrx_word' id='word_1_34' title='bbox 702 769 796 832; x_wconf 87' lang='lat' dir='ltr'><strong>equo,</strong></span> <span class='ocrx_word' id='word_1_35' title='bbox 880 822 884 829; x_wconf 27' lang='grc' dir='ltr'>Ι</span> 
     </span>
    </p>

    <p class='ocr_par' dir='ltr' id='par_1_3' title="bbox 10 839 1079 1276">
     <span class='ocr_line' id='line_1_7' title="bbox 10 839 1079 921; baseline -0.006 -15"><span class='ocrx_word' id='word_1_36' title='bbox 10 913 14 921; x_wconf 20' lang='grc' dir='ltr'><strong>Δ</strong></span> <span class='ocrx_word' id='word_1_37' title='bbox 108 855 141 906; x_wconf 77' lang='lat'><strong>15</strong></span> <span class='ocrx_word' id='word_1_38' title='bbox 157 844 207 905; x_wconf 88' lang='lat' dir='ltr'><strong>Sic</strong></span> <span class='ocrx_word' id='word_1_39' title='bbox 229 861 290 905; x_wconf 94' lang='lat' dir='ltr'><strong>non</strong></span> <span class='ocrx_word' id='word_1_40' title='bbox 319 860 379 921; x_wconf 88' lang='lat' dir='ltr'><strong>quo</strong></span> <span class='ocrx_word' id='word_1_41' title='bbox 405 839 499 902; x_wconf 78' lang='lat' dir='ltr'><strong>voluit</strong></span> <span class='ocrx_word' id='word_1_42' title='bbox 510 886 520 921; x_wconf 86' lang='lat'><em>‚</em></span> <span class='ocrx_word' id='word_1_43' title='bbox 548 839 602 900; x_wconf 86' lang='lat' dir='ltr'><strong>sed</strong></span> <span class='ocrx_word' id='word_1_44' title='bbox 625 857 684 919; x_wconf 83' lang='lat' dir='ltr'><strong>quo</strong></span> <span class='ocrx_word' id='word_1_45' title='bbox 713 841 791 919; x_wconf 81' lang='lat' dir='ltr'><strong>rapit</strong></span> <span class='ocrx_word' id='word_1_46' title='bbox 812 840 941 919; x_wconf 90' lang='lat' dir='ltr'><strong>impetus</strong></span> <span class='ocrx_word' id='word_1_47' title='bbox 965 840 1079 919; x_wconf 83' lang='lat' dir='ltr'><strong>undae,</strong></span> 
     </span>
     <span class='ocr_line' id='line_1_8' title="bbox 155 927 720 1011; baseline -0.009 -18"><span class='ocrx_word' id='word_1_48' title='bbox 155 932 295 1011; x_wconf 75' lang='lat' dir='ltr'><strong>Aurigam</strong></span> <span class='ocrx_word' id='word_1_49' title='bbox 318 929 402 991; x_wconf 85' lang='lat' dir='ltr'><strong>video</strong></span> <span class='ocrx_word' id='word_1_50' title='bbox 426 929 490 990; x_wconf 87' lang='lat' dir='ltr'><strong>vela</strong></span> <span class='ocrx_word' id='word_1_51' title='bbox 513 927 631 989; x_wconf 82' lang='lat' dir='ltr'><strong>dedisse</strong></span> <span class='ocrx_word' id='word_1_52' title='bbox 655 930 720 989; x_wconf 90' lang='lat' dir='ltr'><strong>rati.</strong></span> 
     </span>
     <span class='ocr_line' id='line_1_9' title="bbox 156 1015 894 1100; baseline -0.007 -18"><span class='ocrx_word' id='word_1_53' title='bbox 156 1020 242 1092; x_wconf 86' lang='lat' dir='ltr'><strong>Quod</strong></span> <span class='ocrx_word' id='word_1_54' title='bbox 266 1020 325 1080; x_wconf 92' lang='lat' dir='ltr'><strong>nisi</strong></span> <span class='ocrx_word' id='word_1_55' title='bbox 347 1025 475 1079; x_wconf 88' lang='lat' dir='ltr'><strong>mutatas</strong></span> <span class='ocrx_word' id='word_1_56' title='bbox 499 1018 634 1078; x_wconf 89' lang='lat' dir='ltr'><strong>emiserit</strong></span> <span class='ocrx_word' id='word_1_57' title='bbox 656 1015 765 1078; x_wconf 79' lang='lat' dir='ltr'><strong>Aeolus</strong></span> <span class='ocrx_word' id='word_1_58' title='bbox 788 1032 894 1100; x_wconf 84' lang='lat' dir='ltr'><strong>auras,</strong></span> 
     </span>
     <span class='ocr_line' id='line_1_10' title="bbox 155 1104 830 1170; baseline -0.006 0"><span class='ocrx_word' id='word_1_59' title='bbox 155 1108 189 1170; x_wconf 91' lang='lat' dir='ltr'><strong>ln</strong></span> <span class='ocrx_word' id='word_1_60' title='bbox 212 1107 278 1169; x_wconf 90' lang='lat' dir='ltr'><strong>loca</strong></span> <span class='ocrx_word' id='word_1_61' title='bbox 300 1109 359 1168; x_wconf 90' lang='lat' dir='ltr'><strong>iam</strong></span> <span class='ocrx_word' id='word_1_62' title='bbox 382 1105 469 1167; x_wconf 91' lang='lat' dir='ltr'><strong>nobis</strong></span> <span class='ocrx_word' id='word_1_63' title='bbox 491 1122 553 1166; x_wconf 90' lang='lat' dir='ltr'><strong>non</strong></span> <span class='ocrx_word' id='word_1_64' title='bbox 576 1104 711 1166; x_wconf 90' lang='lat' dir='ltr'><strong>adeunda</strong></span> <span class='ocrx_word' id='word_1_65' title='bbox 734 1105 830 1167; x_wconf 88' lang='lat' dir='ltr'><strong>lerar.</strong></span> 
     </span>
     <span class='ocr_line' id='line_1_11' title="bbox 153 1191 895 1276; baseline -0.005 -18"><span class='ocrx_word' id='word_1_66' title='bbox 153 1196 230 1258; x_wconf 89' lang='lat' dir='ltr'><strong>Nam</strong></span> <span class='ocrx_word' id='word_1_67' title='bbox 251 1194 358 1276; x_wconf 91' lang='lat' dir='ltr'><strong>procul</strong></span> <span class='ocrx_word' id='word_1_68' title='bbox 380 1194 488 1274; x_wconf 83' lang='lat' dir='ltr'><strong>Illyriis</strong></span> <span class='ocrx_word' id='word_1_69' title='bbox 510 1193 591 1255; x_wconf 83' lang='lat' dir='ltr'><strong>laeva</strong></span> <span class='ocrx_word' id='word_1_70' title='bbox 614 1193 652 1254; x_wconf 92' lang='lat' dir='ltr'><strong>de</strong></span> <span class='ocrx_word' id='word_1_71' title='bbox 674 1201 759 1272; x_wconf 90' lang='lat' dir='ltr'><strong>parte</strong></span> <span class='ocrx_word' id='word_1_72' title='bbox 782 1191 895 1255; x_wconf 87' lang='lat' dir='ltr'><strong>relictis</strong></span> 
     </span>
    </p>

    <p class='ocr_par' dir='ltr' id='par_1_4' title="bbox 107 1280 1004 1715">
     <span class='ocr_line' id='line_1_12' title="bbox 107 1280 693 1346; baseline -0.002 -1"><span class='ocrx_word' id='word_1_73' title='bbox 107 1296 142 1346; x_wconf 79' lang='lat'><strong>20</strong></span> <span class='ocrx_word' id='word_1_74' title='bbox 156 1283 318 1345; x_wconf 87' lang='lat' dir='ltr'><strong>Interdicta</strong></span> <span class='ocrx_word' id='word_1_75' title='bbox 340 1282 415 1343; x_wconf 91' lang='lat' dir='ltr'><strong>mihi</strong></span> <span class='ocrx_word' id='word_1_76' title='bbox 437 1284 571 1344; x_wconf 89' lang='lat' dir='ltr'><strong>cernitur</strong></span> <span class='ocrx_word' id='word_1_77' title='bbox 593 1280 693 1344; x_wconf 91' lang='lat' dir='ltr'><strong>ltalia.</strong></span> 
     </span>
     <span class='ocr_line' id='line_1_13' title="bbox 156 1369 982 1453; baseline -0.002 -21"><span class='ocrx_word' id='word_1_78' title='bbox 156 1372 278 1433; x_wconf 85' lang='lat' dir='ltr'><strong>Desinat</strong></span> <span class='ocrx_word' id='word_1_79' title='bbox 299 1373 331 1431; x_wconf 91' lang='lat' dir='ltr'><strong>in</strong></span> <span class='ocrx_word' id='word_1_80' title='bbox 353 1373 481 1453; x_wconf 83' lang='lat' dir='ltr'><strong>vetitas,</strong></span> <span class='ocrx_word' id='word_1_81' title='bbox 504 1387 638 1451; x_wconf 85' lang='lat' dir='ltr'><strong>quaeso,</strong></span> <span class='ocrx_word' id='word_1_82' title='bbox 661 1369 842 1431; x_wconf 80' lang='lat' dir='ltr'><strong>contendere</strong></span> <span class='ocrx_word' id='word_1_83' title='bbox 866 1378 982 1451; x_wconf 83' lang='lat' dir='ltr'><strong>terras,</strong></span> 
     </span>
     <span class='ocr_line' id='line_1_14' title="bbox 156 1458 917 1538; baseline -0.004 -18"><span class='ocrx_word' id='word_1_84' title='bbox 156 1459 195 1520; x_wconf 88' lang='lat' dir='ltr'><strong>Et</strong></span> <span class='ocrx_word' id='word_1_85' title='bbox 217 1476 335 1520; x_wconf 89' lang='lat' dir='ltr'><strong>mecum</strong></span> <span class='ocrx_word' id='word_1_86' title='bbox 357 1476 464 1538; x_wconf 80' lang='lat' dir='ltr'><strong>magno</strong></span> <span class='ocrx_word' id='word_1_87' title='bbox 486 1465 589 1538; x_wconf 89' lang='lat' dir='ltr'><strong>pareat</strong></span> <span class='ocrx_word' id='word_1_88' title='bbox 611 1476 684 1518; x_wconf 88' lang='lat' dir='ltr'><strong>aura</strong></span> <span class='ocrx_word' id='word_1_89' title='bbox 707 1458 781 1521; x_wconf 87' lang='lat' dir='ltr'><strong>deo.</strong></span> <span class='ocrx_word' id='word_1_90' title='bbox 911 1467 917 1480; x_wconf 88' lang='lat'><strong>·</strong></span> 
     </span>
     <span class='ocr_line' id='line_1_15' title="bbox 156 1544 1004 1626; baseline -0.005 -17"><span class='ocrx_word' id='word_1_91' title='bbox 156 1547 233 1609; x_wconf 83' lang='lat' dir='ltr'><strong>llum</strong></span> <span class='ocrx_word' id='word_1_92' title='bbox 256 1547 385 1626; x_wconf 89' lang='lat' dir='ltr'><strong>loquor,</strong></span> <span class='ocrx_word' id='word_1_93' title='bbox 409 1554 439 1607; x_wconf 91' lang='lat' dir='ltr'><strong>et</strong></span> <span class='ocrx_word' id='word_1_94' title='bbox 462 1548 552 1608; x_wconf 91' lang='lat' dir='ltr'><strong>timeo</strong></span> <span class='ocrx_word' id='word_1_95' title='bbox 575 1548 688 1625; x_wconf 88' lang='lat' dir='ltr'><strong>pariter</strong></span> <span class='ocrx_word' id='word_1_96' title='bbox 711 1548 859 1625; x_wconf 90' lang='lat' dir='ltr'><strong>cupioque</strong></span> <span class='ocrx_word' id='word_1_97' title='bbox 882 1544 1004 1625; x_wconf 85' lang='lat' dir='ltr'><strong>repelli,</strong></span> 
     </span>
     <span class='ocr_line' id='line_1_16' title="bbox 157 1632 809 1715; baseline -0.005 -18"><span class='ocrx_word' id='word_1_98' title='bbox 157 1636 310 1715; x_wconf 80' lang='lat' dir='ltr'><strong>increpuit</strong></span> <span class='ocrx_word' id='word_1_99' title='bbox 334 1636 452 1714; x_wconf 89' lang='lat' dir='ltr'><strong>quantis</strong></span> <span class='ocrx_word' id='word_1_100' title='bbox 474 1633 589 1695; x_wconf 82' lang='lat' dir='ltr'><strong>viribus</strong></span> <span class='ocrx_word' id='word_1_101' title='bbox 612 1633 692 1695; x_wconf 92' lang='lat' dir='ltr'><strong>unda</strong></span> <span class='ocrx_word' id='word_1_102' title='bbox 714 1632 809 1695; x_wconf 90' lang='lat' dir='ltr'><strong>latusl</strong></span> 
     </span>
    </p>

    <p class='ocr_par' dir='ltr' id='par_1_5' title="bbox 110 1722 954 1977">
     <span class='ocr_line' id='line_1_17' title="bbox 110 1722 954 1803; baseline -0.007 -16"><span class='ocrx_word' id='word_1_103' title='bbox 110 1738 144 1787; x_wconf 79' lang='lat'><strong>25</strong></span> <span class='ocrx_word' id='word_1_104' title='bbox 158 1725 276 1786; x_wconf 76' lang='lat' dir='ltr'><strong>Parcite</strong></span> <span class='ocrx_word' id='word_1_105' title='bbox 299 1722 453 1803; x_wconf 86' lang='lat' dir='ltr'><strong>caerulei,</strong></span> <span class='ocrx_word' id='word_1_106' title='bbox 475 1739 527 1783; x_wconf 88' lang='lat' dir='ltr'><strong>vos</strong></span> <span class='ocrx_word' id='word_1_107' title='bbox 549 1725 686 1802; x_wconf 88' lang='lat' dir='ltr'><strong>parcite,</strong></span> <span class='ocrx_word' id='word_1_108' title='bbox 709 1724 830 1783; x_wconf 90' lang='lat' dir='ltr'><strong>numina</strong></span> <span class='ocrx_word' id='word_1_109' title='bbox 853 1724 954 1802; x_wconf 85' lang='lat' dir='ltr'><strong>ponti,</strong></span> 
     </span>
     <span class='ocr_line' id='line_1_18' title="bbox 156 1810 843 1890; baseline -0.001 -17"><span class='ocrx_word' id='word_1_110' title='bbox 156 1813 361 1890; x_wconf 88' lang='lat' dir='ltr'><strong>lnlestumque</strong></span> <span class='ocrx_word' id='word_1_111' title='bbox 384 1811 456 1872; x_wconf 90' lang='lat' dir='ltr'><strong>mihi</strong></span> <span class='ocrx_word' id='word_1_112' title='bbox 480 1813 519 1872; x_wconf 89' lang='lat' dir='ltr'><strong>sit</strong></span> <span class='ocrx_word' id='word_1_113' title='bbox 542 1813 614 1872; x_wconf 88' lang='lat' dir='ltr'><strong>satis</strong></span> <span class='ocrx_word' id='word_1_114' title='bbox 638 1828 704 1871; x_wconf 88' lang='lat' dir='ltr'><strong>esse</strong></span> <span class='ocrx_word' id='word_1_115' title='bbox 728 1810 843 1872; x_wconf 83' lang='lat' dir='ltr'><strong>lovem.</strong></span> 
     </span>
     <span class='ocr_line' id='line_1_19' title="bbox 156 1897 935 1977; baseline 0 -18"><span class='ocrx_word' id='word_1_116' title='bbox 156 1899 215 1961; x_wconf 91' lang='lat' dir='ltr'><strong>Vos</strong></span> <span class='ocrx_word' id='word_1_117' title='bbox 238 1902 364 1961; x_wconf 85' lang='lat' dir='ltr'><strong>animam</strong></span> <span class='ocrx_word' id='word_1_118' title='bbox 388 1917 490 1961; x_wconf 85' lang='lat' dir='ltr'><strong>saevae</strong></span> <span class='ocrx_word' id='word_1_119' title='bbox 515 1899 624 1960; x_wconf 88' lang='lat' dir='ltr'><strong>lessam</strong></span> <span class='ocrx_word' id='word_1_120' title='bbox 647 1897 804 1970; x_wconf 79' lang='lat' dir='ltr'><strong>subducite</strong></span> <span class='ocrx_word' id='word_1_121' title='bbox 828 1899 935 1977; x_wconf 86' lang='lat' dir='ltr'><strong>morti,</strong></span> 
     </span>
    </p>
   </div>
   <div class='ocr_carea' id='block_1_3' title="bbox 157 1988 892 2082">
    <p class='ocr_par' dir='ltr' id='par_1_6' title="bbox 157 1988 892 2082">
     <span class='ocr_line' id='line_1_20' title="bbox 157 1988 892 2082; baseline -0.001 -33"><span class='ocrx_word' id='word_1_122' title='bbox 157 1988 321 2082; x_wconf 81' lang='lat' dir='ltr'><strong>simodo,</strong></span> <span class='ocrx_word' id='word_1_123' title='bbox 345 1990 396 2068; x_wconf 90' lang='lat' dir='ltr'><strong>qui</strong></span> <span class='ocrx_word' id='word_1_124' title='bbox 419 1989 530 2068; x_wconf 87' lang='lat' dir='ltr'><strong>periit,</strong></span> <span class='ocrx_word' id='word_1_125' title='bbox 553 2005 614 2048; x_wconf 89' lang='lat' dir='ltr'><strong>non</strong></span> <span class='ocrx_word' id='word_1_126' title='bbox 637 1988 762 2066; x_wconf 89' lang='lat' dir='ltr'><strong>periisse</strong></span> <span class='ocrx_word' id='word_1_127' title='bbox 785 1993 892 2068; x_wconf 87' lang='lat' dir='ltr'><strong>potest</strong></span> 
     </span>
    </p>
   </div>
   <div class='ocr_carea' id='block_1_4' title="bbox 548 2180 590 2253">
    <p class='ocr_par' dir='ltr' id='par_1_7' title="bbox 548 2180 590 2253">
     <span class='ocr_line' id='line_1_21' title="bbox 548 2180 590 2253; baseline 0.071 -3"><span class='ocrx_word' id='word_1_128' title='bbox 548 2180 590 2253; x_wconf 87' lang='lat' dir='ltr'><strong>V.</strong></span> 
     </span>
    </p>
   </div>
   <div class='ocr_carea' id='block_1_5' title="bbox 109 2337 1074 3652">
    <p class='ocr_par' dir='ltr' id='par_1_8' title="bbox 109 2337 1074 3652">
     <span class='ocr_line' id='line_1_22' title="bbox 156 2337 1016 2421; baseline -0.003 -19"><span class='ocrx_word' id='word_1_129' title='bbox 156 2340 181 2402; x_wconf 90' lang='grc' dir='ltr'><strong>Ο</strong></span> <span class='ocrx_word' id='word_1_130' title='bbox 204 2339 278 2401; x_wconf 88' lang='lat' dir='ltr'><strong>mihi</strong></span> <span class='ocrx_word' id='word_1_131' title='bbox 299 2348 367 2419; x_wconf 91' lang='lat' dir='ltr'><strong>post</strong></span> <span class='ocrx_word' id='word_1_132' title='bbox 378 2338 482 2421; x_wconf 89' lang='lat' dir='ltr'><strong>nullos</strong></span> <span class='ocrx_word' id='word_1_133' title='bbox 504 2357 647 2419; x_wconf 86' lang='lat' dir='ltr'><strong>umquam</strong></span> <span class='ocrx_word' id='word_1_134' title='bbox 669 2338 860 2402; x_wconf 86' lang='lat' dir='ltr'><strong>memorande</strong></span> <span class='ocrx_word' id='word_1_135' title='bbox 884 2337 1016 2417; x_wconf 88' lang='lat' dir='ltr'><strong>sodales,</strong></span> 
     </span>
     <span class='ocr_line' id='line_1_23' title="bbox 157 2428 866 2508; baseline -0.004 -18"><span class='ocrx_word' id='word_1_136' title='bbox 157 2428 182 2490; x_wconf 90' lang='grc' dir='ltr'><strong>Ο</strong></span> <span class='ocrx_word' id='word_1_137' title='bbox 206 2429 256 2489; x_wconf 91' lang='lat' dir='ltr'><strong>cui</strong></span> <span class='ocrx_word' id='word_1_138' title='bbox 277 2429 438 2507; x_wconf 88' lang='lat' dir='ltr'><strong>praecipue</strong></span> <span class='ocrx_word' id='word_1_139' title='bbox 461 2444 527 2488; x_wconf 89' lang='lat' dir='ltr'><strong>sors</strong></span> <span class='ocrx_word' id='word_1_140' title='bbox 550 2445 616 2488; x_wconf 90' lang='lat' dir='ltr'><strong>mea</strong></span> <span class='ocrx_word' id='word_1_141' title='bbox 641 2429 703 2488; x_wconf 86' lang='lat' dir='ltr'><strong>visa</strong></span> <span class='ocrx_word' id='word_1_142' title='bbox 726 2445 780 2488; x_wconf 88' lang='lat' dir='ltr'><strong>sua</strong></span> <span class='ocrx_word' id='word_1_143' title='bbox 802 2436 866 2508; x_wconf 87' lang='lat' dir='ltr'><strong>est,</strong></span> 
     </span>
     <span class='ocr_line' id='line_1_24' title="bbox 157 2515 994 2597; baseline 0 -22"><span class='ocrx_word' id='word_1_144' title='bbox 157 2517 324 2578; x_wconf 78' lang='lat' dir='ltr'><strong>Attonitum</strong></span> <span class='ocrx_word' id='word_1_145' title='bbox 348 2516 399 2594; x_wconf 87' lang='lat' dir='ltr'><strong>qui</strong></span> <span class='ocrx_word' id='word_1_146' title='bbox 421 2532 492 2595; x_wconf 90' lang='lat' dir='ltr'><strong>mo,</strong></span> <span class='ocrx_word' id='word_1_147' title='bbox 514 2518 659 2596; x_wconf 88' lang='lat' dir='ltr'><strong>memini,</strong></span> <span class='ocrx_word' id='word_1_148' title='bbox 682 2516 857 2597; x_wconf 84' lang='lat' dir='ltr'><strong>carissime,</strong></span> <span class='ocrx_word' id='word_1_149' title='bbox 878 2515 994 2594; x_wconf 92' lang='lat' dir='ltr'><strong>primus</strong></span> 
     </span>
     <span class='ocr_line' id='line_1_25' title="bbox 156 2602 767 2684; baseline 0 -19"><span class='ocrx_word' id='word_1_150' title='bbox 156 2604 255 2666; x_wconf 75' lang='lat' dir='ltr'><strong>Ausus</strong></span> <span class='ocrx_word' id='word_1_151' title='bbox 279 2623 311 2665; x_wconf 92' lang='lat' dir='ltr'><strong>es</strong></span> <span class='ocrx_word' id='word_1_152' title='bbox 334 2602 472 2681; x_wconf 89' lang='lat' dir='ltr'><strong>adloquio</strong></span> <span class='ocrx_word' id='word_1_153' title='bbox 496 2605 674 2666; x_wconf 88' lang='lat' dir='ltr'><strong>sustinuisse</strong></span> <span class='ocrx_word' id='word_1_154' title='bbox 698 2612 767 2684; x_wconf 87' lang='lat' dir='ltr'><strong>tuo,</strong></span> 
     </span>
     <span class='ocr_line' id='line_1_26' title="bbox 126 2691 866 2772; baseline -0.003 -18"><span class='ocrx_word' id='word_1_155' title='bbox 126 2693 215 2764; x_wconf 79' lang='lat' dir='ltr'><strong>cOui</strong></span> <span class='ocrx_word' id='word_1_156' title='bbox 237 2692 311 2754; x_wconf 90' lang='lat' dir='ltr'><strong>mihi</strong></span> <span class='ocrx_word' id='word_1_157' title='bbox 333 2691 490 2754; x_wconf 88' lang='lat' dir='ltr'><strong>consilium</strong></span> <span class='ocrx_word' id='word_1_158' title='bbox 512 2692 631 2754; x_wconf 83' lang='lat' dir='ltr'><strong>vivendi</strong></span> <span class='ocrx_word' id='word_1_159' title='bbox 654 2695 725 2754; x_wconf 91' lang='lat' dir='ltr'><strong>mite</strong></span> <span class='ocrx_word' id='word_1_160' title='bbox 749 2691 866 2772; x_wconf 88' lang='lat' dir='ltr'><strong>dedisti,</strong></span> 
     </span>
     <span class='ocr_line' id='line_1_27' title="bbox 157 2780 919 2863; baseline -0.003 -21"><span class='ocrx_word' id='word_1_161' title='bbox 157 2780 231 2842; x_wconf 86' lang='lat' dir='ltr'><strong>Cum</strong></span> <span class='ocrx_word' id='word_1_162' title='bbox 255 2783 332 2843; x_wconf 89' lang='lat' dir='ltr'><strong>loret</strong></span> <span class='ocrx_word' id='word_1_163' title='bbox 354 2783 387 2841; x_wconf 90' lang='lat' dir='ltr'><strong>in</strong></span> <span class='ocrx_word' id='word_1_164' title='bbox 409 2782 519 2842; x_wconf 86' lang='lat' dir='ltr'><strong>misero</strong></span> <span class='ocrx_word' id='word_1_165' title='bbox 542 2788 665 2860; x_wconf 86' lang='lat' dir='ltr'><strong>pectore</strong></span> <span class='ocrx_word' id='word_1_166' title='bbox 688 2783 793 2843; x_wconf 88' lang='lat' dir='ltr'><strong>mortis</strong></span> <span class='ocrx_word' id='word_1_167' title='bbox 816 2798 919 2863; x_wconf 86' lang='lat' dir='ltr'><strong>amor,</strong></span> 
     </span>
     <span class='ocr_line' id='line_1_28' title="bbox 157 2867 1043 2950; baseline -0.005 -20"><span class='ocrx_word' id='word_1_168' title='bbox 157 2868 222 2931; x_wconf 88' lang='lat' dir='ltr'><strong>Scis</strong></span> <span class='ocrx_word' id='word_1_169' title='bbox 245 2867 345 2949; x_wconf 83' lang='lat' dir='ltr'><strong>bene,</strong></span> <span class='ocrx_word' id='word_1_170' title='bbox 368 2871 418 2930; x_wconf 93' lang='lat' dir='ltr'><strong>cui</strong></span> <span class='ocrx_word' id='word_1_171' title='bbox 440 2869 559 2950; x_wconf 86' lang='lat' dir='ltr'><strong>dicam,</strong></span> <span class='ocrx_word' id='word_1_172' title='bbox 581 2871 688 2949; x_wconf 91' lang='lat' dir='ltr'><strong>positis</strong></span> <span class='ocrx_word' id='word_1_173' title='bbox 709 2887 766 2949; x_wconf 94' lang='lat' dir='ltr'><strong>pro</strong></span> <span class='ocrx_word' id='word_1_174' title='bbox 789 2871 909 2931; x_wconf 89' lang='lat' dir='ltr'><strong>nomine</strong></span> <span class='ocrx_word' id='word_1_175' title='bbox 933 2868 1043 2947; x_wconf 81' lang='lat' dir='ltr'><strong>signis,</strong></span> 
     </span>
     <span class='ocr_line' id='line_1_29' title="bbox 156 2956 811 3037; baseline 0.002 -20"><span class='ocrx_word' id='word_1_176' title='bbox 156 2956 295 3018; x_wconf 84' lang='lat' dir='ltr'><strong>Officium</strong></span> <span class='ocrx_word' id='word_1_177' title='bbox 318 2975 374 3017; x_wconf 91' lang='lat' dir='ltr'><strong>nec</strong></span> <span class='ocrx_word' id='word_1_178' title='bbox 397 2965 427 3017; x_wconf 92' lang='lat' dir='ltr'><strong>te</strong></span> <span class='ocrx_word' id='word_1_179' title='bbox 450 2956 525 3018; x_wconf 86' lang='lat' dir='ltr'><strong>lallit</strong></span> <span class='ocrx_word' id='word_1_180' title='bbox 537 3003 546 3036; x_wconf 89' lang='lat'>,</span> <span class='ocrx_word' id='word_1_181' title='bbox 569 2958 685 3037; x_wconf 88' lang='lat' dir='ltr'><strong>amico,</strong></span> <span class='ocrx_word' id='word_1_182' title='bbox 708 2965 811 3018; x_wconf 88' lang='lat' dir='ltr'><strong>tuum.</strong></span> 
     </span>
     <span class='ocr_line' id='line_1_30' title="bbox 155 3042 1074 3122; baseline 0 -20"><span class='ocrx_word' id='word_1_183' title='bbox 155 3042 236 3103; x_wconf 90' lang='lat' dir='ltr'><strong>Haec</strong></span> <span class='ocrx_word' id='word_1_184' title='bbox 258 3043 330 3104; x_wconf 89' lang='lat' dir='ltr'><strong>mihi</strong></span> <span class='ocrx_word' id='word_1_185' title='bbox 352 3061 470 3122; x_wconf 90' lang='lat' dir='ltr'><strong>semper</strong></span> <span class='ocrx_word' id='word_1_186' title='bbox 494 3053 583 3104; x_wconf 89' lang='lat' dir='ltr'><strong>erunt</strong></span> <span class='ocrx_word' id='word_1_187' title='bbox 604 3046 674 3105; x_wconf 90' lang='lat' dir='ltr'><strong>imis</strong></span> <span class='ocrx_word' id='word_1_188' title='bbox 696 3044 786 3105; x_wconf 83' lang='lat' dir='ltr'><strong>iniixa</strong></span> <span class='ocrx_word' id='word_1_189' title='bbox 808 3042 963 3120; x_wconf 91' lang='lat' dir='ltr'><strong>medullis,</strong></span> <span class='ocrx_word' id='word_1_190' title='bbox 1020 3064 1023 3070; x_wconf 93' lang='lat'>·</span> <span class='ocrx_word' id='word_1_191' title='bbox 1073 3112 1074 3116; x_wconf 7' lang='grc' dir='ltr'>η</span> 
     </span>
     <span class='ocr_line' id='line_1_31' title="bbox 110 3130 868 3212; baseline 0 -21"><span class='ocrx_word' id='word_1_192' title='bbox 110 3145 143 3192; x_wconf 86' lang='lat'><strong>10</strong></span> <span class='ocrx_word' id='word_1_193' title='bbox 157 3131 384 3210; x_wconf 86' lang='lat' dir='ltr'><strong>Perpetuusquo</strong></span> <span class='ocrx_word' id='word_1_194' title='bbox 407 3132 521 3191; x_wconf 91' lang='lat' dir='ltr'><strong>animae</strong></span> <span class='ocrx_word' id='word_1_195' title='bbox 544 3130 662 3192; x_wconf 90' lang='lat' dir='ltr'><strong>debitor</strong></span> <span class='ocrx_word' id='word_1_196' title='bbox 685 3131 775 3191; x_wconf 85' lang='lat' dir='ltr'><strong>huius</strong></span> <span class='ocrx_word' id='word_1_197' title='bbox 798 3149 868 3212; x_wconf 83' lang='lat' dir='ltr'><strong>ero,</strong></span> 
     </span>
     <span class='ocr_line' id='line_1_32' title="bbox 158 3218 1006 3298; baseline -0.001 -19"><span class='ocrx_word' id='word_1_198' title='bbox 158 3219 289 3298; x_wconf 87' lang='lat' dir='ltr'><strong>Spiritus</strong></span> <span class='ocrx_word' id='word_1_199' title='bbox 312 3225 343 3279; x_wconf 92' lang='lat' dir='ltr'><strong>et</strong></span> <span class='ocrx_word' id='word_1_200' title='bbox 365 3235 472 3279; x_wconf 88' lang='lat' dir='ltr'><strong>vacuas</strong></span> <span class='ocrx_word' id='word_1_201' title='bbox 495 3220 579 3297; x_wconf 87' lang='lat' dir='ltr'><strong>prius</strong></span> <span class='ocrx_word' id='word_1_202' title='bbox 602 3219 651 3279; x_wconf 89' lang='lat' dir='ltr'><strong>hio</strong></span> <span class='ocrx_word' id='word_1_203' title='bbox 675 3218 842 3281; x_wconf 88' lang='lat' dir='ltr'><strong>tenuandus</strong></span> <span class='ocrx_word' id='word_1_204' title='bbox 864 3219 897 3279; x_wconf 88' lang='lat' dir='ltr'><strong>in</strong></span> <span class='ocrx_word' id='word_1_205' title='bbox 920 3236 1006 3279; x_wconf 91' lang='lat' dir='ltr'><strong>auras</strong></span> 
     </span>
     <span class='ocr_line' id='line_1_33' title="bbox 156 3305 813 3387; baseline 0 -20"><span class='ocrx_word' id='word_1_206' title='bbox 156 3307 214 3368; x_wconf 89' lang='lat' dir='ltr'><strong>lbit</strong></span> <span class='ocrx_word' id='word_1_207' title='bbox 226 3354 235 3387; x_wconf 88' lang='lat'>,</span> <span class='ocrx_word' id='word_1_208' title='bbox 258 3314 290 3367; x_wconf 91' lang='lat' dir='ltr'><strong>et</strong></span> <span class='ocrx_word' id='word_1_209' title='bbox 311 3308 343 3368; x_wconf 88' lang='lat' dir='ltr'><strong>in</strong></span> <span class='ocrx_word' id='word_1_210' title='bbox 366 3305 466 3386; x_wconf 91' lang='lat' dir='ltr'><strong>tepido</strong></span> <span class='ocrx_word' id='word_1_211' title='bbox 489 3305 608 3368; x_wconf 90' lang='lat' dir='ltr'><strong>deseret</strong></span> <span class='ocrx_word' id='word_1_212' title='bbox 631 3325 699 3368; x_wconf 87' lang='lat' dir='ltr'><strong>ossa</strong></span> <span class='ocrx_word' id='word_1_213' title='bbox 721 3325 813 3387; x_wconf 77' lang='lat' dir='ltr'><strong>rogo,</strong></span> 
     </span>
     <span class='ocr_line' id='line_1_34' title="bbox 157 3394 993 3474; baseline -0.001 -18"><span class='ocrx_word' id='word_1_214' title='bbox 157 3396 251 3465; x_wconf 84' lang='lat' dir='ltr'><strong>Quam</strong></span> <span class='ocrx_word' id='word_1_215' title='bbox 276 3394 401 3457; x_wconf 89' lang='lat' dir='ltr'><strong>subeant</strong></span> <span class='ocrx_word' id='word_1_216' title='bbox 424 3396 521 3455; x_wconf 87' lang='lat' dir='ltr'><strong>animo</strong></span> <span class='ocrx_word' id='word_1_217' title='bbox 544 3398 721 3457; x_wconf 89' lang='lat' dir='ltr'><strong>meritorum</strong></span> <span class='ocrx_word' id='word_1_218' title='bbox 744 3394 850 3456; x_wconf 88' lang='lat' dir='ltr'><strong>oblivia</strong></span> <span class='ocrx_word' id='word_1_219' title='bbox 873 3402 993 3474; x_wconf 86' lang='lat' dir='ltr'><strong>nostro,</strong></span> 
     </span>
     <span class='ocr_line' id='line_1_35' title="bbox 155 3483 725 3563; baseline 0.002 -20"><span class='ocrx_word' id='word_1_220' title='bbox 155 3483 193 3545; x_wconf 85' lang='lat' dir='ltr'><strong>Et</strong></span> <span class='ocrx_word' id='word_1_221' title='bbox 215 3483 302 3563; x_wconf 81' lang='lat' dir='ltr'><strong>longa</strong></span> <span class='ocrx_word' id='word_1_222' title='bbox 324 3484 419 3562; x_wconf 89' lang='lat' dir='ltr'><strong>pietas</strong></span> <span class='ocrx_word' id='word_1_223' title='bbox 443 3483 558 3547; x_wconf 85' lang='lat' dir='ltr'><strong>excidat</strong></span> <span class='ocrx_word' id='word_1_224' title='bbox 581 3487 637 3545; x_wconf 89' lang='lat' dir='ltr'><strong>ista</strong></span> <span class='ocrx_word' id='word_1_225' title='bbox 661 3484 725 3544; x_wconf 92' lang='lat' dir='ltr'><strong>die.</strong></span> 
     </span>
     <span class='ocr_line' id='line_1_36' title="bbox 109 3571 924 3652; baseline 0.002 -20"><span class='ocrx_word' id='word_1_226' title='bbox 109 3584 142 3634; x_wconf 80' lang='lat'><strong>15</strong></span> <span class='ocrx_word' id='word_1_227' title='bbox 156 3571 192 3633; x_wconf 81' lang='lat' dir='ltr'><strong>lli</strong></span> <span class='ocrx_word' id='word_1_228' title='bbox 215 3571 269 3633; x_wconf 88' lang='lat' dir='ltr'><strong>tibi</strong></span> <span class='ocrx_word' id='word_1_229' title='bbox 292 3573 353 3633; x_wconf 88' lang='lat' dir='ltr'><strong>sint</strong></span> <span class='ocrx_word' id='word_1_230' title='bbox 375 3571 498 3652; x_wconf 87' lang='lat' dir='ltr'><strong>laciles,</strong></span> <span class='ocrx_word' id='word_1_231' title='bbox 522 3571 576 3633; x_wconf 91' lang='lat' dir='ltr'><strong>tibi</strong></span> <span class='ocrx_word' id='word_1_232' title='bbox 599 3572 630 3632; x_wconf 90' lang='lat' dir='ltr'><strong>di</strong></span> <span class='ocrx_word' id='word_1_233' title='bbox 653 3571 764 3634; x_wconf 90' lang='lat' dir='ltr'><strong>nullius</strong></span> <span class='ocrx_word' id='word_1_234' title='bbox 788 3579 924 3652; x_wconf 80' lang='lat' dir='ltr'><strong>egentem</strong></span> 
     </span>
    </p>
   </div>
   <div class='ocr_carea' id='block_1_6' title="bbox 0 0 1238 4042">
    <p class='ocr_par' dir='ltr' id='par_1_9' title="bbox 0 0 1238 4042">
     <span class='ocr_line' id='line_1_37' title="bbox 0 0 1238 4042; baseline 0 0"><span class='ocrx_word' id='word_1_235' title='bbox 0 0 1238 4042; x_wconf 95' lang='lat' dir='ltr'><strong> </strong></span> 
     </span>
    </p>
   </div>
  </div>
 </body>
</html>
