2467 4042
52 275 132 335 viti
152 274 278 336 HERM.
301 273 482 339 etr-122.
510 274 605 334 vllli.
625 275 816 339 DEIANIRA
836 275 906 340 1„
918 277 967 339 36.
998 276 1056 344 1⁰1

501 474 591 537 villi

115 555 268 653 Grobrlor
283 589 458 653 Oechaliam
473 591 566 653 titulis
581 592 732 652 accedere
745 593 874 657 nostris:

157 675 319 736 Victorem
332 675 433 735 victae
446 674 653 735 subcubuisse
667 691 789 751 queror.

113 760 212 821 Fama
224 758 426 834 Pelasgiadas
443 756 544 821 subito
561 760 700 834 pervenit
715 760 746 823 io
760 759 853 825 urbes

157 843 295 905 Decolor
308 849 340 902 et
354 843 443 905 laetis
457 842 617 903 infitianda
631 843 701 915 alis,
723 861 726 866 ·

86 927 214 1001 lQmm
227 942 397 1002 numquam
412 927 489 989 Iuno
504 926 665 1002 seriesque
677 927 818 989 inmensa
836 928 974 991 laborum

155 1010 312 1086 inegerit,
332 1010 403 1070 huic
418 1011 503 1073 Iolen
518 1010 697 1086 inposuisse
712 1009 824 1086 iugum.

114 1095 183 1156 Hoc
199 1094 274 1154 velit
285 1093 493 1170 Eruystheus‚
516 1095 592 1155 velit
605 1094 666 1156 hoc
679 1110 826 1172 germana
839 1096 994 1169 Tonantis,

155 1179 319 1255 Laetaque
335 1179 376 1239 sit
390 1179 471 1240 vitae
487 1177 557 1238 labe
571 1195 707 1241 noverca
720 1186 801 1240 tuae.

112 1265 155 1325 nt
169 1278 233 1323 non
247 1260 300 1323 ille
315 1262 402 1337 velit,
424 1263 473 1323 cui
490 1278 574 1325 uox..
589 1262 637 1325 sio
654 1264 806 1324 ereditur..
821 1278 884 1325 une

78 1359 108 1411 to
158 1346 229 1408 Non
243 1346 335 1421 tanti,
355 1353 391 1409 ut
404 1353 504 1409 motus
520 1347 735 1423 conciperere,
759 1348 823 1408 luit

112 1430 187 1493 Plus
202 1430 258 1493 tibi
274 1447 366 1505 quarn
380 1431 471 1504 tono,
491 1431 598 1493 nocuit
610 1433 729 1493 Venus.
750 1430 802 1493 illa
820 1431 986 1507 premendo

159 1514 306 1588 Sustulit,
328 1515 406 1585 haec
423 1514 528 1579 humili
543 1516 601 1576 sub
617 1516 698 1592 pede
714 1516 794 1578 colla
807 1522 899 1577 tenet

113 1599 252 1675 Respice
268 1598 440 1660 vindicibus
454 1606 598 1674 pacatum
611 1599 730 1661 viribus
747 1598 862 1676 orbern,

157 1684 226 1758 Qua
239 1682 333 1743 lolam
346 1681 464 1743 Nereus
480 1684 623 1746 eaerulus
638 1684 733 1745 ambil
746 1683 881 1744 humum.

79 1778 108 1830 lo
119 1766 161 1827 Se
174 1765 231 1829 tibi
246 1782 310 1842 pax
324 1771 438 1841 terrae,
461 1765 515 1828 tibi
528 1783 566 1829 se
579 1774 644 1829 tota
657 1783 796 1843 aequore
810 1767 936 1829 deberis

156 1848 299 1927 implesti
314 1849 430 1911 memus
449 1851 525 1911 solis
539 1859 701 1929 utramque
716 1852 850 1914 domum.

115 1934 204 2009 Quod
218 1940 249 1995 te
264 1935 394 1995 laturum
409 1941 472 2009 est,
493 1936 612 1997 eaelum
628 1936 713 2012 prius
728 1935 797 2011 ipse
812 1934 919 1998 luisti:

156 2019 292 2079 Hercule
306 2017 469 2093 subposito
485 2018 589 2080 sidera
603 2020 690 2082 liitsb
702 2020 822 2081 Atlans.
953 2095 955 2103 ‚

115 2103 195 2178 Quid
208 2101 269 2163 nisi
285 2102 392 2163 notitia
407 2109 456 2164 est
469 2104 582 2164 misero
597 2104 739 2180 quaesita
753 2102 874 2180 pudori,

76 2195 109 2248 la
161 2185 195 2247 Si
211 2187 352 2247 cumulas
366 2186 465 2263 stupri
480 2187 561 2248 laeta
577 2189 680 2263 priora
694 2194 789 2251 notat

115 2271 197 2332 Tene
210 2271 468 2347 lerunt-geminos
483 2272 641 2348 pressisse
654 2273 802 2334 tenaciter
815 2286 942 2347 angues,

158 2357 233 2417 Cum
249 2362 337 2416 tener
350 2354 382 2417 io
397 2356 484 2419 cunis
500 2355 561 2418 iam
575 2357 650 2419 Iove
663 2356 777 2433 dignus
794 2362 885 2416 erasa

117 2436 254 2516 Coepisti
267 2438 393 2513 melius,
411 2456 508 2515 quam
522 2439 650 2503 desinis.
672 2439 776 2502 ultima
791 2438 896 2516 primis
920 2505 925 2518 ⁶

159 2524 288 2586 eedem.
311 2522 477 2587 dissimiles
492 2523 542 2583 hic
556 2523 648 2586 viret
663 2523 714 2586 ille
728 2540 817 2602 puer.

77 2617 108 2669 25
119 2608 215 2682 Quem
230 2622 294 2669 nou
308 2607 391 2669 mille
405 2608 503 2683 lenae,
526 2623 618 2684 quem
634 2625 697 2670 non
711 2606 904 2670 Stheneleius
919 2604 1026 2679 hostis,

157 2692 225 2754 Non
241 2691 342 2768 potuit
354 2693 430 2754 luno
444 2692 582 2767 vincere,
605 2692 700 2755 vincit
713 2707 810 2757 amor.

115 2780 157 2837 At
169 2775 252 2837 bene
266 2776 472 2853 ruptorem,
493 2777 566 2854 quia
575 2777 722 2838 nominor
734 2776 875 2843 Herculis
889 2790 977 2850 tuor,

158 2859 268 2934 Sitque
282 2874 375 2921 socer
387 2859 505 2936 rapidis
521 2861 574 2937 qui
588 2868 676 2925 tonat
687 2862 768 2923 allus
781 2861 883 2936 equis.
958 2901 963 2905 -

116 2943 213 3018 Quam
226 2944 308 3005 nrale
321 2944 502 3020 inaequales
517 2945 645 3013 ueniunt
658 2945 700 3009 ad
712 2951 813 3009 aralra
826 2942 958 3016 iuvenci,

78 3036 109 3090 aa
159 3030 236 3089 Tam
249 3029 398 3105 premitur
410 3044 522 3105 magno
537 3029 669 3107 coniuge
682 3035 780 3106 nupto
795 3028 903 3090 minor.

116 3112 183 3174 Non
197 3112 301 3174 honor
314 3119 376 3188 est,
398 3113 456 3175 sed
471 3129 551 3179 onus
563 3115 691 3191 speres
707 3114 832 3175 laesuro
846 3109 980 3173 terentis.

159 3195 259 3274 Siqua
271 3198 360 3259 voles
372 3204 447 3273 apte
460 3196 591 3274 nubere,
611 3197 693 3267 nube
706 3197 785 3275 pari.

117 3279 173 3340 Vir
185 3280 260 3341 mihi
274 3297 399 3358 semper
412 3280 513 3354 abest,
535 3287 566 3342 et
580 3282 711 3357 coniuge
724 3281 827 3344 nolim
839 3281 967 3354 hospes,

158 3364 361 3441 Monauaque
374 3364 526 3427 terribiles
540 3366 800 3443 persequiturque
815 3365 907 3425 ieras.

82 3454 112 3509 ab
121 3448 194 3524 lpso
210 3449 303 3510 domo
317 3450 429 3526 vidua,
451 3448 530 3511 volis
545 3456 673 3528 operata
687 3448 818 3525 pudicis,

159 3532 332 3611 Torqueor,
354 3533 465 3595 infesto
481 3549 520 3594 ne
534 3535 581 3594 vir
595 3533 634 3595 ob
650 3533 740 3596 hoste
757 3533 855 3594 cadat.
