2467 4042
283 231 407 296 156
666 246 854 286 rcum
1110 229 1434 284 METAMM
1452 272 1467 286 .

324 407 427 460 205
455 396 625 458 Unda
669 403 873 477 gravet
914 412 1142 476 pennas
1166 443 1185 477 ‚
1230 398 1284 457 si
1327 395 1544 458 celsior
1567 444 1588 478 ‚
1633 399 1786 477 ignis
1832 397 2051 461 adurat
2072 449 2087 462 .

455 486 620 548 Inter
662 493 989 564 utrumque
1033 485 1163 545 vola
1190 532 1205 546 .
1261 502 1374 546 nec
1417 493 1478 546 te
1525 495 1797 566 spectare
1841 487 2079 549 Booten

456 575 575 636 Aut
616 573 862 635 Helicen
907 572 1085 635 iubeo
1130 575 1524 652 strictumque
1570 573 1808 636 Orionis
1856 593 2108 638 ensem:

454 663 550 723 Me
594 662 749 724 duce
792 679 970 742 carpe
1014 663 1170 724 viam
1196 657 1236 722 .’
1291 664 1514 741 pariter
1559 672 1875 743 praecepta
1917 665 2163 726 volandi

456 750 664 812 Tradit
706 758 771 811 et
812 752 1045 830 ignotas
1089 751 1314 812 umeris
1360 751 1765 812 accommodat
1809 751 1928 813 alas
1948 799 1962 813 .

326 838 623 902 2101nter
667 856 819 918 opus
863 841 1246 919 monitusque
1291 856 1475 917 genae
1522 839 1805 901 maduere
1850 840 2074 902 seniles
2095 891 2115 921 ,

457 927 535 989 Et
576 929 807 1007 patriae
850 935 1155 989 tremuere
1200 944 1412 988 manus
1439 973 1455 988 .
1510 927 1676 989 dedit
1721 928 1922 990 oscula
1965 939 2113 990 nato

455 1016 588 1077 Non
633 1017 855 1078 iterum
900 1015 1221 1095 repetenda
1265 1033 1378 1076 suo
1402 1062 1423 1096 ,
1465 1019 1797 1096 pennisque
1843 1016 2074 1079 levatus

459 1106 612 1166 Ante
656 1103 814 1166 volat
836 1151 856 1185 ‚
901 1105 1223 1183 comitique
1269 1106 1451 1165 timet·
1464 1150 1485 1184 ,
1526 1104 1691 1166 velut
1736 1105 1856 1166 ales
1882 1152 1903 1186 ,
1948 1106 2020 1166 ab
2072 1107 2198 1168 alto

458 1193 625 1264 Quae
668 1201 941 1254 teneram
983 1192 1215 1272 prolem
1258 1192 1541 1272 produxit
1583 1195 1648 1254 in
1693 1198 1829 1255 aera
1876 1193 2056 1275 nido;

326 1293 430 1343 215
458 1281 866 1360 Hortaturque
904 1282 1119 1362 sequi,
1165 1281 1595 1360 damnosasque
1643 1281 1840 1343 erudit
1885 1290 2045 1343 artes
2063 1329 2086 1360 ,

455 1369 534 1431 Et
577 1376 775 1430 movet
815 1372 946 1450 ipse
991 1387 1131 1431 suas
1176 1376 1241 1429 et
1273 1371 1397 1430 nati
1437 1370 1686 1449 respicit
1728 1369 1850 1431 alas
1868 1416 1884 1431 .

457 1458 581 1520 Hos
627 1457 840 1538 aliquis
885 1456 1138 1519 tremula
1184 1457 1328 1518 dum
1354 1462 1549 1536 captat
1572 1457 1900 1519 harundine
1944 1461 2150 1538 pisces
2169 1509 2186 1540 ,

458 1548 575 1608 Aut
616 1555 820 1627 pastor
863 1545 1076 1607 baculo
1117 1547 1342 1608 stivave
1384 1547 1624 1607 innixus
1669 1553 1868 1608 arator

459 1634 617 1696 Vidit
659 1643 723 1697 et
766 1634 1055 1715 obstipuit
1077 1681 1097 1716 ‚
1142 1637 1366 1714 quique
1410 1634 1648 1696 aethera
1694 1652 1940 1715 carpere
1986 1646 2245 1715 possent
2262 1685 2283 1718 ,

327 1736 432 1786 220
462 1723 727 1785 Credidit
772 1741 903 1785 esse
950 1722 1093 1784 deos
1122 1769 1138 1784 .
1203 1721 1296 1800 [et
1338 1724 1456 1783 iam
1501 1722 1748 1784 Iunonia
1791 1722 1954 1785 laeva

456 1813 636 1874 Parte
684 1811 892 1873 Samos
936 1812 1134 1873 suerat
1177 1810 1473 1890 Delosque
1517 1811 1819 1891 Parosque
1865 1811 2113 1873 relictae
2134 1812 2182 1893 ‚]

459 1900 677 1963 Dextra
721 1898 1051 1962 Lebinthus
1097 1906 1227 1960 erat
1270 1899 1645 1980 secundaque
1689 1899 1862 1962 melle
1907 1899 2191 1980 Calymne
2211 1949 2233 1982 ,

460 1990 608 2051 Cum
651 2006 807 2069 puer
851 1988 1061 2050 audaci
1105 1989 1309 2068 coepit
1348 1987 1608 2067 gaudere
1653 1988 1848 2050 volatu
1864 2035 1885 2069 ,

459 2077 855 2157 Deseruitque
901 2077 1114 2139 ducem
1161 2076 1427 2154 caelique
1475 2077 1752 2157 cupidine
1801 2084 2024 2139 tractus

327 2177 430 2228 225
458 2167 650 2229 Altius
696 2168 819 2246 egit
860 2167 977 2227 iter
1005 2211 1021 2226 .
1075 2163 1266 2245 rapidi
1309 2166 1522 2226 vicinia
1567 2164 1709 2226 solis

253 2272 257 2276 ”
459 2253 646 2316 Mollit
689 2254 962 2315 odoratas
987 2301 1006 2335 ‚
1049 2271 1384 2333 pennarum
1427 2253 1661 2314 vincula
1685 2301 1704 2336 ,
1749 2271 1919 2315 ceras
1939 2300 1953 2314 .

462 2344 800 2404 Tabuerant
843 2359 1062 2422 cerae3
1107 2342 1302 2403 nudos
1347 2344 1540 2420 quatit
1581 2341 1682 2402 ille
1727 2342 2018 2422 lacertos,

466 2433 847 2511 Remigioque
894 2448 1105 2492 carens
1151 2448 1290 2491 non·
1317 2429 1469 2491 ullas
1512 2432 1770 2510 percipit
1814 2448 1987 2492 auras
2004 2476 2025 2510 ,

466 2520 510 2580 1]
522 2538 699 2600 reque
745 2519 1017 2581 caerulea
1058 2520 1321 2599 patrium
1366 2518 1675 2580 clamantia
1721 2537 1937 2581 nomen

330 2620 434 2668 231]-
465 2608 855 2688 Excipiuntur
880 2624 1033 2686 aqua
1060 2627 1078 2671 ε
1114 2624 1268 2687 quae
1306 2625 1523 2669 nomen
1548 2609 1730 2669 traxit
1756 2606 1829 2668 ab
1861 2607 1964 2668 illo
1983 2652 2000 2668 .
2064 2620 2110 2663 r.
2138 2621 2298 2663 oocu-

465 2704 534 2756 At
582 2704 749 2776 pater
790 2696 997 2757 infelix
1022 2744 1042 2776 ,
1086 2713 1201 2757 nec
1245 2697 1364 2756 iam
1408 2703 1578 2775 pater
1604 2705 1643 2776 ,'
1669 2691 1856 2757 ‘Icare
1880 2690 1923 2777 ‚’
1970 2695 2155 2778 dixit,

466 2784 649 2845 *leafe
675 2780 717 2867 ,³
764 2784 912 2846 dixit
957 2780 1085 2845 ‘ubi
1130 2802 1196 2845 es
1222 2780 1258 2848 ‘s’
1304 2801 1421 2863 qua
1465 2791 1526 2844 te
1570 2786 1814 2864 regione
1860 2786 2164 2864 requiram
2182 2780 2235 2845 ’θ’

466 2868 673 2935 ‘leafe’
719 2872 953 2935 dicebat
978 2920 997 2955 ,
1040 2890 1267 2953 pennas
1312 2874 1543 2952 aspexit
1583 2874 1648 2932 in
1692 2872 1906 2953 undis,

466 2964 821 3041 {movitque
868 2979 1007 3023 suas
1053 2969 1212 3022 artes
1236 3007 1258 3042 ,
1302 2978 1644 3041 corpusque
1691 2961 2006 3041 sepulchro

330 3064 430 3112 :335
466 3048 738 3112 Cnntlidit
766 3096 780 3110 .
833 3058 899 3111 et
942 3049 1120 3111 tellus
1166 3067 1200 3110 a
1247 3051 1486 3111 nomine
1530 3049 1688 3110 dicta
1735 3050 1984 3129 sepulti.

550 3140 722 3200 Hunc
767 3139 973 3199 miseri
1017 3137 1249 3199 tumulo
1293 3146 1618 3217 ponentem
1662 3155 1916 3217 corpora
1961 3142 2085 3201 nati

462 3226 708 3288 [lars-ula
752 3226 963 3288 limoso
1008 3228 1319 3307 prospexit
1362 3226 1436 3287 ab
1483 3225 1632 3286 elice
1676 3224 1926 3306 perdix,

466 3316 534 3376 Et.
582 3315 799 3396 plausit
841 3311 1055 3394 p‘ennis
1102 3322 1436 3394 testataque
1480 3313 1694 3393 gaudia
1739 3321 1920 3376 cantu
1965 3321 2097 3377 estz

462 3404 645 3464 Unica
692 3411 836 3465 tunc
880 3403 1139 3464 volucris
1162 3449 1183 3483 ,
1229 3420 1341 3464 nec
1386 3404 1510 3464 visa
1555 3402 1858 3482 prioribus
1903 3403 2076 3464 annis
2093 3450 2114 3484 ,

330 3508 430 3552 affl
462 3496 751 3570 Factaque
780 3510 974 3571 nuper
1011 3493 1132 3552 avis
1160 3511 1178 3571 ς
1222 3490 1465 3571 longum
1500 3491 1612 3552 tibi
1635 3537 1656 3572 ,
1702 3489 1951 3552 Daedale
1976 3537 1997 3571 ,
2042 3492 2293 3552 crimen.

466 3580 725 3659 Namque
771 3579 912 3641 huic
959 3579 1326 3661 tradiderat,
1372 3581 1628 3640 fatorum
1685 3581 1888 3659 ignara
1914 3625 1935 3660 ,
1979 3578 2295 3641 docendam
