2467 4042
202 252 241 316 26
524 282 526 285 ·
605 255 807 317 AMORUM

284 406 415 467 Molliter
431 405 553 468 incedit.
583 415 667 468 motu
684 407 773 483 capit.
802 409 907 469 Altera
923 411 998 471 dura
1014 422 1077 473 ost:

326 496 367 553 At
380 492 492 566 poterit
505 498 585 552 tacto
601 492 723 552 mollior
737 508 808 552 esse
824 493 898 553 viro.

240 586 274 639 to
288 577 371 636 Haec
388 576 460 651 quia
476 577 564 637 dulce
579 577 673 650 canit,
697 576 850 651 flectitque
866 577 1008 637 lacillima
1023 594 1153 656 vocem,

327 659 439 721 Oscula
454 661 586 721 cantanti
600 667 688 736 rapta
703 660 829 720 dedisse
845 662 945 720 velim.

286 745 366 805 ilaec
383 744 527 820 querulas
541 744 633 804 habili
651 744 799 819 percurrit
819 746 930 820 pollice
947 746 1096 808 chordam

323 827 397 889 Tam
413 828 521 888 doctas
537 829 607 904 quis
622 845 682 889 non
700 829 798 905 possit
813 845 914 889 amare
928 837 1059 890 uranus?

282 913 335 972 Illa
350 913 451 988 placet
464 921 567 987 gestu,
591 926 817 988 numerosaque
832 913 957 973 brachia
973 914 1070 988 ducit,

240 1004 275 1059 30
327 997 363 1056 Et
377 1003 514 1056 tenerum
529 998 611 1058 molli
627 1002 748 1071 torquet
763 998 801 1056 ab
815 1004 880 1057 arte
895 998 989 1057 lutosa

282 1080 321 1142 Ut
335 1088 452 1141 taceam
468 1081 506 1140 de
521 1096 584 1155 me,
609 1081 661 1156 qui
678 1096 773 1142 causa
788 1088 897 1157 tangor
911 1081 950 1141 ab
966 1081 1065 1156 omni,

325 1165 388 1225 lllie
402 1164 603 1241 Hippolytum
622 1181 719 1240 pone,
742 1165 870 1240 Priapus
885 1165 949 1226 erit.

282 1247 340 1324 Tu,
361 1248 433 1324 quia
450 1254 511 1308 tam
526 1250 619 1323 longa
634 1264 685 1323 es,
710 1255 828 1309 veteres
844 1249 989 1311 heroidas
1005 1265 1144 1326 aequaS,

323 1333 360 1392 Et
375 1339 463 1408 potes
477 1333 507 1392 in
523 1338 586 1393 toto
602 1334 695 1393 multa
711 1333 812 1392 iacere
827 1340 905 1394 toro.

240 1424 273 1478 35
285 1417 368 1477 Haec
383 1416 494 1477 habilis
509 1417 657 1477 brevitate
672 1433 728 1477 sua
743 1424 798 1477 est.
834 1417 1017 1493 Corrumpor
1030 1424 1166 1493 utraque

325 1500 516 1561 Conveniunt
529 1508 602 1561 volo
618 1501 711 1576 longa
725 1500 891 1576 brevisque
910 1516 988 1560 meo.

281 1585 345 1644 Non
362 1591 410 1645 est
424 1586 536 1645 culta...
553 1584 650 1660 subit,
677 1584 750 1660 quid
766 1585 863 1645 cultae
879 1584 1028 1645 accedere
1043 1587 1158 1661 possit.

324 1668 436 1730 Ornata
452 1675 530 1729 est...
547 1671 636 1730 dotes
652 1668 775 1729 exhibet
790 1669 858 1744 ipsa
873 1685 956 1729 suas.

282 1753 418 1814 Candida
434 1769 483 1812 me
498 1753 613 1829 capiet,
630 1753 730 1828 capiet
744 1769 791 1812 me
808 1752 889 1812 ilava
904 1754 1020 1829 puella,

238 1846 273 1900 40
324 1837 483 1897 listellam
500 1838 530 1898 in
546 1838 634 1898 lusco
649 1843 736 1913 grata
751 1836 855 1898 colore
872 1853 977 1898 venus.

281 1920 343 1981 Seu
359 1923 494 1997 pendent
509 1922 599 1982 nivea
615 1921 689 1998 pulli
705 1921 825 1981 cervice
840 1922 957 1997 capilli,

322 2006 407 2064 Leda
423 2006 477 2065 luit
492 2006 579 2081 nigra
594 2005 815 2081 conspicienda
830 2021 932 2066 coma:

281 2087 343 2149 Seu
359 2088 487 2162 flavent,
509 2090 623 2165 placuit
638 2090 757 2149 croceis
772 2091 893 2151 Aurora
908 2089 1037 2165 capillis.

323 2171 469 2234 Omnibus
485 2173 621 2234 historiis
636 2189 671 2234 se
686 2189 773 2235 meus
789 2180 873 2249 aptat
888 2189 982 2233 amor.

239 2265 272 2319 45
284 2256 333 2316 Me
348 2273 431 2317 nova
447 2257 603 2331 sollicitat,
627 2274 676 2317 me
693 2258 788 2332 tangil
803 2256 902 2317 serior
916 2264 1011 2317 aetas.

322 2340 406 2401 Haec
421 2342 530 2403 melior
545 2341 649 2417 specie
664 2340 819 2417 corporis,
841 2342 893 2402 illa
908 2341 997 2417 sapit.

281 2424 420 2500 Denique
437 2442 514 2501 quas
529 2433 593 2486 tota
608 2425 770 2501 quisquam
788 2425 897 2500 probet
910 2424 992 2486 Urbe
1008 2427 1149 2502 puellasY

322 2508 433 2569 Noster
447 2510 475 2569 in
492 2510 549 2570 has
566 2510 665 2571 omnis
681 2508 861 2570 ambitiosus
876 2526 971 2570 amor.

227 2640 251 2734 5
281 2637 394 2738 Nonus
405 2692 490 2735 amor
500 2678 573 2737 tanti
589 2684 684 2751 est,...
702 2679 811 2753 abeas,
828 2677 1001 2753 pharetrate
1013 2675 1175 2752 cupido...

323 2760 362 2822 Ut
377 2760 449 2820 milri
465 2761 525 2821 sint
539 2762 650 2823 totiens
664 2762 796 2821 maxima
811 2768 882 2825 vota
897 2760 983 2821 mori.

282 2845 362 2904 Vota
377 2845 453 2906 mori
468 2861 537 2905 mea
552 2852 637 2920 sunl,
661 2862 729 2906 cum
745 2853 775 2906 te
790 2860 940 2921 peccasse
954 2845 1118 2917 recordor,

320 2928 354 2988 Ei
374 2929 444 2988 milri
462 2937 644 3006 perpetuum
658 2937 728 2990 nata
745 2932 847 3006 puella
861 2931 987 2989 malum!

251 3013 344 3074 cNon
361 3013 433 3072 mihi
450 3012 598 3089 deceptae
613 3014 729 3073 nudant
743 3020 793 3074 tua
810 3014 888 3073 lacta
903 3012 1049 3073 tabellae:

322 3097 384 3156 Nec
401 3097 470 3157 data
486 3099 595 3158 furtive
615 3114 742 3158 munera
757 3098 869 3158 crimen
885 3096 1006 3156 liabent.

280 3180 303 3239 O
319 3181 432 3241 utinam
449 3197 606 3256 arguerem
624 3181 684 3255 sic,
709 3191 739 3242 ut
754 3180 950 3241 convincere
966 3189 1110 3255 possem!

322 3264 372 3324 Me
386 3266 545 3341 miserum,
570 3272 740 3340 quarelam
755 3265 835 3324 bona
851 3280 946 3324 causa
961 3279 1029 3324 mea
1044 3271 1114 3324 estt

281 3348 380 3423 Felix,
403 3349 455 3425 qui
473 3349 556 3424 quod
574 3358 669 3420 amat,
691 3349 856 3409 delenderc
872 3348 988 3408 sortiter
1002 3349 1109 3420 audet,

240 3441 271 3494 lo
326 3432 377 3492 Cui
394 3449 451 3494 sua
465 3436 539 3493 ‘non
555 3432 627 3493 ieci’
643 3433 744 3492 dicere
760 3432 856 3491 amica
872 3439 982 3506 potest.

278 3515 406 3577 Ferreus
422 3523 469 3575 est
485 3516 671 3593 nimiumque
687 3534 743 3576 suo
761 3518 842 3575 lavel
856 3516 905 3574 ille
921 3516 1035 3589 dolori,
