2467 4042
258 293 365 354 xvul.
390 292 496 372 snut}
517 291 675 353 HERUS
696 290 739 354 44
753 326 788 337 -
804 291 875 356 119.
986 292 1049 357 itu

154 448 366 522 ennumquam
383 445 524 522 placidas
541 460 614 505 esse
628 459 773 521 precarer
785 459 893 521 aquas.

120 532 189 607 Quid
199 539 296 593 amen
312 529 429 606 evenit,
451 544 507 590 cur
523 527 569 590 εἰς
584 528 768 590 metuentior
782 529 893 602 undae,

156 617 421 692 contemptumque
434 612 521 690 prius
535 629 617 674 nunc
632 627 760 673 vereare
776 614 905 675 tretumt

79 700 184 764 cuidam
198 699 318 761 memini
333 714 405 760 cum
416 704 449 759 te
464 713 592 761 saevum
606 696 749 758 veniente
764 697 929 774 minaxque
950 742 954 749 .

152 786 213 845 tion
229 783 347 859 miuus,
368 789 421 844 aut
433 782 528 844 multa
543 796 606 842 non
624 781 725 841 minua
741 796 858 857 aequor
872 791 950 844 aratz

117 869 178 930 dum
191 868 243 931 tibi
258 866 430 929 clamabam
446 866 507 929 ‘sic
523 874 556 927 tu
569 864 751 927 temeramus
765 875 844 940 este,

149 954 188 1014 Ne
201 953 334 1015 miserae
348 951 447 1013 virtus
459 951 503 1012 sit
516 957 570 1012 tua
583 948 689 1010 flenda
703 948 800 1009 mihi!

116 1037 190 1098 Unde
204 1053 307 1099 novus
321 1035 414 1097 tImcr
426 1035 492 1111 hic,
515 1049 644 1112 queque
659 1034 711 1094 iiia
726 1033 856 1095 audacia
871 1034 966 1111 innita

78 1130 111 1184 9⁰
150 1123 277 1199 Magnus
291 1120 346 1184 ubi
360 1128 410 1182 est
425 1120 538 1198 spretis
551 1118 603 1180 iiie
618 1124 739 1181 natator
752 1118 864 1193 aquisr

116 1204 156 1267 Sis
173 1213 274 1266 tamen
288 1205 352 1267 hcc
367 1205 487 1282 potius,
510 1219 601 1279 quam
618 1202 704 1279 quod
717 1201 806 1279 prius
823 1218 895 1265 esse
910 1201 1044 1276 solebas,

147 1290 182 1350 Et
196 1291 293 1351 iacias
310 1289 465 1366 piacidum
481 1303 537 1366 par
551 1303 637 1351 mere
650 1294 734 1348 tutus
749 1287 822 1347 iteri

113 1372 273 1436 Dummodo
290 1373 338 1436 sis
352 1374 445 1434 idem.
466 1372 540 1435 dum
556 1372 620 1447 sic,
642 1379 676 1433 ut
688 1369 815 1446 scribis,
836 1388 982 1447 amomum

147 1459 343 1535 Flammaque
356 1474 419 1520 non
434 1457 488 1518 flat
501 1456 632 1532 trigidae
646 1456 699 1519 itia
712 1454 801 1516 einis.

77 1549 106 1603 tu
115 1541 174 1604 Nan
187 1558 245 1618 ago
259 1547 324 1602 tam
342 1548 453 1604 ventas
465 1542 560 1605 timeo
577 1556 647 1601 mea
663 1549 738 1605 vcta
753 1548 917 1613 morantes,

150 1626 240 1701 Quam
256 1626 368 1688 similis
384 1633 475 1687 venta
492 1642 532 1686 ne
542 1632 615 1687 tuus
630 1631 712 1686 errat
726 1640 827 1686 amors

101 1710 151 1770 -Ite
162 1728 221 1773 nun
235 1712 294 1772 sim
307 1710 399 1786 tanti,
420 1717 632 1787 superentque
646 1708 785 1786 pericula
798 1724 931 1777 eausam,

148 1795 183 1856 Iit
195 1795 302 1857 videar
315 1810 435 1856 merces
450 1809 524 1857 esse
536 1793 644 1856 labore
655 1792 765 1853 minor.

110 1878 256 1941 [nardum
272 1887 392 1954 metuo,
416 1877 703 1955 patremmeum,
727 1884 758 1939 ct
773 1876 862 1953 inpar

64 1972 101 2025 ιω
145 1963 233 2025 Dicar
246 1964 404 2044 Abydeno
420 1962 555 2025 'lirressa
568 1960 671 2040 puella
686 1967 766 2023 tore.

110 2046 194 2108 Ferre
207 2055 309 2110 tamen
325 2063 456 2123 passum
472 2047 636 2124 patientius
652 2045 769 2121 omnia,
793 2063 883 2122 quam
899 2045 926 2107 si

149 2130 213 2192 Otia
226 2131 335 2194 nescio
349 2148 413 2207 qua
427 2132 527 2208 pelice
541 2138 653 2208 ceptus
668 2131 744 2206 egis,

111 2215 140 2274 ia
155 2224 206 2277 tua
219 2216 247 2278 si
260 2215 390 2277 veniunt
400 2215 495 2277 niseni
512 2216 592 2277 eolla
605 2215 719 2290 lacerti,

146 2298 252 2376 Fitque
266 2315 368 2361 nevus
381 2300 480 2362 nestri
497 2300 569 2360 fluis
584 2299 699 2360 amoris
713 2312 809 2359 amor.

65 2386 145 2443 tutat
165 2386 268 2460 potius
285 2400 423 2461 peream,
445 2400 538 2460 quem
554 2384 680 2445 cumina
693 2385 838 2444 vulnerer
852 2383 929 2444 istos

144 2467 280 2546 Fataque
295 2467 357 2530 sint
370 2470 461 2545 euipa
476 2474 584 2530 nosue
600 2468 706 2545 prima
719 2474 781 2529 tua.

109 2551 179 2625 dec,
202 2553 277 2629 quia
288 2553 410 2614 venturi
424 2550 549 2614 dederIs
562 2552 636 2613 mihi
651 2552 741 2629 signa
756 2552 882 2627 doloris,

145 2636 227 2699 Ilaec
240 2639 369 2713 icquar,
393 2644 446 2699 aut
459 2638 540 2698 fama
555 2637 718 2698 sollicitata
731 2652 829 2697 novas

111 2719 209 2782 Omnia
224 2721 284 2783 sed
298 2736 418 2783 verear.
456 2721 530 2797 Quis
546 2721 628 2782 enim
643 2735 773 2785 securus
790 2720 925 2781 amavitt

67 2809 102 2864 trt
144 2806 228 2884 cogit
245 2811 277 2867 et
289 2805 435 2869 absentas
451 2808 540 2883 plura
553 2805 661 2868 timere
675 2805 773 2869 locus.

109 2885 219 2952 I'elIces
235 2889 321 2966 isses,
344 2907 403 2952 sua
418 2907 497 2968 quas
512 2889 690 2967 praeseutia
705 2904 801 2951 nosse

145 2972 278 3035 Crimine
289 2990 366 3036 vera
380 2973 475 3048 Iubet,
499 2975 578 3036 telsa
591 2976 699 3036 timere
713 2980 804 3035 vetat.

109 3055 163 3118 Itos
176 3067 241 3120 tam
250 3074 338 3138 ,vana
353 3067 470 3132 movet,
494 3075 584 3136 quarn
600 3060 682 3121 iacta
695 3058 804 3119 iniuria
817 3060 899 3131 fallit,

144 3141 251 3205 Incitat
263 3149 296 3203 et
309 3158 433 3205 morsus
447 3144 535 3206 err'or
549 3150 677 3219 uterque
692 3158 795 3218 pares.

68 3221 130 3282 1150
140 3227 254 3288 utinam
269 3227 393 3289 veniast
413 3235 466 3289 aut
479 3235 515 3290 ut
528 3235 680 3289 ventusve
697 3235 832 3303 paterve,

144 3309 307 3387 Causaque
323 3311 363 3373 sit
376 3319 459 3373 certe
473 3312 587 3374 femina
601 3312 685 3373 nulia
701 3322 821 3371 murae!

111 3392 217 3465 Quodsi
233 3411 325 3472 quam
340 3396 456 3472 sciero,
476 3395 604 3471 moriar,
628 3394 823 3468 mihicrede,
842 3393 990 3456 dolenda.

143 3478 324 3541 Iamdudum
341 3494 452 3556 pecca,
474 3480 502 3543 si
515 3496 585 3541 mea
599 3481 662 3541 iata
674 3478 764 3557 petis.

112 3560 165 3622 Sed
179 3580 283 3638 neque
300 3563 460 3640 peccabis,
482 3565 656 3643 frustraque
671 3577 729 3639 ege
745 3573 861 3625 terreor
875 3563 957 3624 istim
