2467 4042
448 212 495 264 vr.
514 213 662 264 aes-sae.
993 205 1058 272 345

77 386 127 437 435
140 370 465 454 Auctor‘inincerto,
487 391 537 435 res
559 381 607 435 est
629 373 781 435 Romana.
821 379 923 434 tuetur
1000 385 1057 436 (210)

184 461 273 523 Vesta
284 506 295 541 ,
317 461 396 540 quod
419 462 537 522 assiduo
560 461 672 523 lumine
694 468 801 522 cuncta
823 460 918 521 videt.

140 549 207 611 Heu
230 555 373 628 quantum
396 551 522 610 timuere
544 558 668 630 patres,
691 566 750 627 qno
773 555 907 627 tempore
929 547 1017 609 Vesta

184 637 287 718 Arsit,
310 644 341 697 et
363 644 410 697 est
431 639 520 698 tectis
542 636 649 698 obruta
671 654 765 715 paene
788 635 868 698 suis!

141 723 318 803 Plagrabant
339 726 434 785 sancti
456 724 609 785 sceleratis
631 723 750 803 ignibus
772 726 874 804 ignes,

77 823 127 874 440
152 866 156 874 .
185 811 333 890 Mixtaque
357 820 422 873 erat
442 812 576 872 flammae
598 812 715 873 tlamma
736 813 860 891 prolana
881 812 964 891 piae.

141 899 290 961 Attonitae
312 898 431 961 llebant'
445 900 574 961 demisso
597 901 679 961 crine
703 902 872 961 ministrae:

184 986 356 1049 Abstulerat
377 989 455 1048 vires
478 989 613 1067 corporis
635 991 699 1067 ipse
723 990 828 1049 timor.

140 1074 276 1136 Provolat
298 1077 329 1136 in
352 1075 482 1137 medinm
494 1120 504 1156 ,
528 1082 559 1135 et
580 1093 686 1153 magna
709 1071 890 1137 ‘succurrite
905 1069 931 1136 l'
954 1091 1026 1134 voce

185 1157 267 1223 ‘Non
289 1170 336 1224 est
358 1163 500 1224 auxilium
521 1158 610 1224 llere'
634 1163 771 1225 Metellus
793 1165 850 1224 ait.

74 1261 126 1311 445
141 1246 284 1328 ‘Pignora
306 1252 447 1328 virgineis
469 1251 567 1312 latalia
589 1251 682 1312 tollite
705 1250 827 1331 palmis!

183 1337 251 1397 Non
274 1355 308 1396 ea
323 1335 401 1398 'sunt
423 1345 513 1416 roto,
536 1337 589 1397 sed
611 1338 752 1417 rapienda
774 1336 880 1399 manui

138 1424 186 1485 ble
208 1423 374 1485 miserum!
407 1423 548 1486 dubitatis
561 1420 593 1485 P'
617 1427 679 1486 ait.
720 1422 856 1487 dubitare
879 1422 1013 1506 ridebat,

184 1511 223 1572 Et
244 1510 364 1590 pavidas
385 1514 483 1591 posito
504 1511 700 1592 procubuisse
723 1531 818 1592 genu.

139 1598 247 1659 Haurit
269 1616 382 1680 aquas,
404 1599 571 1679 tollensque
593 1617 699 1662 manus
711 1648 721 1680 ,
744 1596 904 1679 ‘ignoscite
917 1595 942 1681 ,'
966 1600 1039 1663 dixit

73 1699 126 1749 450
186 1683 314 1747 ‘Sacral
347 1689 391 1747 vir
413 1686 530 1748 intrabo
553 1706 614 1749 non
637 1688 771 1749 adeunda
793 1690 875 1749 viro.

141 1775 173 1836 Si
196 1774 294 1835 scelus
317 1783 363 1835 est
375 1822 385 1855 ,
406 1776 438 1836 in
461 1793 508 1836 me
532 1778 682 1837 commissi
704 1794 800 1855 poena
822 1776 985 1841 redundet:

186 1862 232 1923 Sit
254 1864 359 1941 capitis
381 1861 487 1924 damno
510 1862 603 1924 Roma
627 1863 722 1925 soluta
744 1859 836 1925 mei.’

140 1949 241 2030 Dixit,
264 1958 295 2010 et
316 1952 446 2029 irrupit.
488 1951 599 2013 lactum
622 1952 677 2013 dea
699 1960 783 2030 rapta
804 1949 957 2032 probavit,

183 2037 394 2117 Pontificisque
418 2040 466 2100 sui
487 2056 611 2100 munere
635 2048 698 2101 tuta
720 2041 794 2101 luit.

70 2138 125 2187 455
139 2126 226 2187 Nunc
248 2124 324 2187 bene
347 2126 454 2187 lucetis
477 2144 578 2188 sacrae
601 2127 657 2189 sub
680 2126 805 2189 Caesare
827 2127 978 2189 flammae:

183 2213 264 2292 ignis
286 2216 318 2274 in
340 2213 436 2274 Iliacis
459 2232 539 2275 nuno
562 2217 622 2276 erit
643 2222 748 2295 estque
771 2216 863 2276 locis.

139 2301 285 2380 Nullaque
308 2301 423 2362 dicetur
447 2304 533 2363 vittas
555 2311 718 2365 temerasse
741 2303 879 2364 sacerdos

183 2388 247 2449 lloo
270 2388 368 2470 duce,
391 2406 447 2450 neo
470 2392 532 2451 vira
555 2390 723 2452 defodietur
745 2391 854 2452 humo.

141 2477 190 2537 Sic
212 2479 326 2537 incesta
348 2479 448 2558 perit,
472 2480 541 2555 qnia
563 2496 653 2557 quam
675 2478 813 2560 violavit,
835 2482 868 2539 in
890 2477 968 2539 illam

68 2577 126 2627 460
185 2563 351 2645 Conditus,
375 2571 405 2624 et
427 2564 528 2626 Tellus
550 2565 698 2646 Vestaque
720 2584 831 2628 numen
853 2567 932 2628 idem
955 2574 1016 2627 est.

110 2689 113 2697 ·
139 2652 217 2713 Tum
239 2651 297 2713 sibi
320 2651 445 2713 Callaico
467 2652 579 2715 Brutus
601 2672 766 2734 cognomen
788 2654 825 2716 ab
848 2655 933 2716 hoste

183 2738 290 2821 Fecit,
313 2747 344 2801 et
365 2739 525 2821 Hispanam
547 2745 691 2822 sanguine
713 2744 801 2815 tinxit
823 2744 963 2805 humum.

140 2827 261 2890 Scilicet
282 2828 433 2890 interdum
455 2831 618 2892 miscentur
641 2832 738 2892 tristia
760 2830 863 2912 laetis,

182 2915 244 2978 Nec
267 2917 410 2995 populum
432 2925 496 2978 toto
518 2926 640 2999 pectore
663 2920 737 2981 leste
760 2921 877 2981 iurant.

65 3016 124 3067 465
140 3004 264 3066 Crassus
287 3004 323 3064 ad
346 3004 518 3084 Euphraten
541 3007 654 3085 aquilas
676 3015 838 3085 natumque
861 3023 990 3084 suosque

183 3090 337 3172 Perdidit,
361 3100 391 3153 et
412 3092 472 3154 leto
495 3102 541 3154 est
563 3094 685 3155 ultimus
707 3096 772 3172 ipse
795 3093 898 3155 datus.

141 3176 265 3241 ‘Partbe
277 3224 287 3259 ,
310 3179 381 3258 quid
404 3180 518 3242 exultas
531 3176 563 3241 P'
587 3181 662 3242 dixit
684 3180 739 3242 dea
762 3176 860 3261 ‘signa
882 3182 1034 3262 remittes,

184 3265 302 3346 Quique
324 3283 429 3328 necem
451 3268 551 3330 Crassi
572 3268 702 3330 vindicet
714 3315 723 3350 ,
747 3268 826 3330 ultor
849 3264 939 3330 erit.'
1003 3312 1006 3317 -
