2467 4042
192 436 278 495 pecus
307 423 345 476 im
359 420 464 489 meda,
479 433 533 492 sup
543 417 617 491 pede
633 419 764 490 leguntur
781 434 825 489 ep.
841 417 881 474 Χ]
898 422 949 476 rut
959 418 1057 475 Artll
1075 424 1128 480 148
1147 416 1223 493 Rerd,

194 510 263 564 216.
279 510 340 563 530.

278 589 434 644 Dicendum
452 591 495 642 est
512 585 676 657 explicatius
696 584 732 640 de
748 585 798 655 iis,
815 602 887 657 quae
904 586 934 641 in
950 585 997 640 PR
1011 588 1165 658 probanda
1183 598 1225 648 aut

194 672 381 744 improbanda
403 670 571 743 putaverim.
605 669 728 724 Primum
749 675 792 724 est
809 669 886 741 quod
908 670 1004 742 recepi
1025 672 1130 742 ubique
1155 690 1225 745 quas

194 757 374 828 suppeditant
384 754 593 810 terminationes
608 752 778 808 Graecorum
790 753 949 823 nominum,
960 755 1165 826 particularum
1179 773 1224 815 ne-

194 855 259 914 que,
281 846 349 906 tum,
373 840 442 895 nibil
456 844 504 894 aut
521 838 562 893 ml
575 843 603 892 et
621 838 702 908 siqua
718 842 783 892 sunt
798 838 913 909 similia,
932 839 1183 910 praepositionum
1200 843 1226 897 iu

196 926 289 981 verbis
301 922 536 994 adsimilationes,
553 923 627 992 qiiae
638 922 739 993 paulo,
756 921 780 975 si
799 922 926 993 memini,
941 923 1100 979 crebriores
1117 927 1226 982 suntin

194 1010 213 1063 P
228 1024 310 1079 quam
324 1008 353 1062 in
364 1006 398 1063 R.

279 1091 388 1147 Deinde
406 1084 496 1146 abieci
513 1090 677 1144 manifestos
693 1105 805 1144 errores
821 1089 932 1145 illorum
945 1089 1134 1151 librariorum.
1149 1092 1227 1149 Poe·

194 1177 283 1248 lippus
302 1176 408 1247 paelex
430 1174 571 1247 foeminea
588 1175 726 1239 caelatur,
749 1173 832 1228 etiam
854 1173 933 1246 sueto
952 1189 981 1244 p.
998 1178 1051 1232 245
1069 1175 1167 1246 effecti
1186 1180 1227 1241 54.

194 1259 305 1316 Peneus
321 1264 356 1316 52
372 1258 494 1329 Aedopio
511 1261 564 1315 128
580 1257 729 1329 Aehelopiu
748 1261 812 1325 130,
833 1257 901 1312 erbe
918 1273 971 1312 ora
987 1261 1053 1313 ostis
1069 1260 1129 1315 odic
1145 1260 1227 1316 obilu

196 1347 292 1400 aurire
309 1357 389 1399 umus
407 1343 436 1396 in
453 1343 489 1411 P,
503 1341 646 1398 habundet
660 1341 772 1397 denotat
787 1341 874 1398 beuoe
890 1341 919 1396 in
935 1338 976 1410 R,
991 1342 1094 1398 obtatis
1110 1343 1227 1400 nubsisti

195 1428 273 1484 obius
283 1426 396 1483 obtimam
407 1427 497 1490 tuobe,
514 1442 587 1496 quae
602 1425 792 1495 frequentiora
803 1425 831 1479 in
843 1423 881 1493 R,
895 1426 993 1495 sillum,
1010 1432 1039 1481 ut
1049 1426 1155 1496 ubique
1168 1430 1228 1484 lere

194 1511 228 1569 R.
250 1509 371 1568 Servavi
382 1509 621 1581 quemadmodum
633 1509 749 1566 inlibris
761 1515 857 1565 extant
867 1515 1051 1565 controversa
1062 1516 1110 1566 aut
1120 1511 1228 1583 alioqui

194 1582 336 1665 notabilia,
350 1595 465 1667 foenore
477 1597 539 1661 202,
548 1592 668 1665 faenore
681 1596 746 1662 234,
759 1593 848 1666 saona
858 1597 919 1662 223,
930 1592 1078 1650 Perithous
1087 1596 1133 1664 82,
1148 1596 1228 1666 quod

195 1680 283 1735 semel
299 1679 380 1734 adest
397 1678 424 1733 in
440 1678 475 1745 P,
496 1683 539 1733 ter
555 1683 647 1732 autem
669 1677 697 1731 in
712 1676 735 1731 G
751 1677 901 1749 repetitur,
924 1676 1119 1736 resciderat
1139 1695 1181 1735 cx
1199 1680 1229 1745 G,

195 1764 242 1834 qui
266 1764 349 1818 etiam
367 1765 401 1821 97
416 1761 584 1829 Acbiteides,
605 1760 711 1816 Thalea
734 1764 784 1820 175
801 1761 995 1832 Hippodamea
1014 1765 1050 1820 46
1070 1761 1229 1834 Popuscdu

197 1852 246 1905 133
260 1846 384 1919 Pupuria
402 1850 470 1915 209,
486 1845 553 1918 fuce
571 1846 659 1900 semel
676 1845 705 1900 in
723 1848 743 1900 Ρ
761 1844 843 1913 (etin
855 1845 877 1900 G
890 1848 965 1914 156),
978 1844 1029 1917 fue
1046 1845 1229 1917 quinquiens,

193 1939 293 2003 urpuet
308 1939 336 1987 et
351 1936 445 2001 serpet,
462 1929 518 1985 boe
534 1930 701 2003 plerumque
723 1947 759 1985 ex
775 1929 812 1997 P,
835 1929 882 2000 qui
901 1945 970 1984 sane
987 1929 1070 1984 etiam
1087 1931 1229 2002 lunpidus.

194 2017 282 2087 tinpa,
295 2017 433 2086 extinpar.
456 2014 582 2086 inprimis
591 2013 766 2086 formonsus,
785 2014 861 2085 quod
873 2018 947 2069 extat
958 2013 1017 2068 inP
1029 2011 1230 2087 quindeciens,

194 2100 282 2154 semel
298 2115 350 2170 pro
367 2098 505 2170 famosam
515 2102 565 2167 65,
581 2099 610 2152 in
622 2096 648 2151 R
660 2097 832 2166 undeciens,
847 2097 966 2154 noviens
978 2113 1100 2154 crason.
1121 2102 1230 2172 vulga-

194 2183 233 2237 ris
245 2184 334 2238 torma
344 2186 387 2237 ter
398 2182 426 2236 in
437 2182 473 2250 P,
489 2183 577 2236 semel
588 2182 617 2236 in
629 2180 663 2235 R.
687 2180 770 2248 Quod
780 2182 895 2252 quidam
907 2181 1097 2250 coniecerunt,
1113 2183 1230 2254 apicem

194 2267 284 2322 fraudi
302 2266 390 2321 luisse
407 2265 526 2321 librariis
543 2265 572 2321 in
589 2265 728 2337 scriptura
741 2266 896 2339 sormdauc,
916 2282 974 2320 non
991 2272 1033 2320 est
1043 2282 1114 2321 vero
1132 2268 1230 2324 simile

192 2357 308 2422 propter
323 2356 475 2422 praecepta
490 2350 750 2421 grammaticorum
772 2351 899 2421 quamvis
914 2365 988 2421 apex
1004 2350 1071 2420 poni
1087 2365 1164 2406 sane
1178 2370 1230 2423 po-

193 2435 276 2491 tuerit
295 2434 332 2490 ad
347 2433 553 2505 prohibendam
570 2433 631 2488 eius
648 2434 726 2489 modi
741 2434 1019 2506 pronunciationem,
1036 2439 1067 2488 ut
1077 2432 1162 2489 Rem.
1177 2438 1230 2495 741

193 2519 221 2574 in
238 2518 263 2573 R
281 2518 409 2574 scribitur
424 2519 610 2574 lacunosum.
634 2535 668 2574 ae
682 2520 809 2591 prolecto
826 2519 855 2573 in
868 2535 913 2590 ep.
925 2517 975 2573 Xll
985 2522 1020 2575 35
1031 2516 1116 2572 habet
1128 2518 1150 2571 P
1163 2519 1230 2591 for-

194 2618 315 2668 monsus,
333 2608 363 2657 ut
373 2601 398 2657 R
408 2602 436 2656 in
447 2601 508 2656 Art.
520 2602 556 2657 lll
569 2603 620 2660 147
631 2603 796 2675 opticeauea.

277 2686 397 2743 Removi
413 2685 572 2741 barbariem
588 2688 737 2758 vulgarem
754 2687 864 2742 illorum
878 2687 1073 2753 saeculorum,
1089 2700 1169 2754 quae
1189 2694 1230 2743 ta·

194 2787 259 2826 men
276 2771 366 2826 rarior
382 2775 500 2840 apparet
519 2770 546 2824 in
565 2770 642 2825 libris
654 2787 691 2826 ex
704 2771 841 2842 scriptura
852 2770 988 2840 quadrata
1003 2769 1166 2838 translatis,
1189 2772 1230 2826 in-

194 2855 346 2910 crebrescit
357 2853 448 2909 subito
455 2853 483 2907 in
490 2854 628 2927 scriptura
638 2855 752 2911 minuta.
767 2856 798 2910 ln
808 2853 855 2909 PR
861 2854 946 2926 igitur
956 2869 1094 2925 perquam
1101 2854 1229 2911 modica

194 2940 218 2994 si
230 2939 315 2994 modo
327 2937 420 2994 omnia
433 2936 544 3008 notavi,
558 2937 646 2993 hoec:
666 2940 754 2995 semel
764 2940 940 3002 ammonitus,
952 2938 1073 3002 brattea,
1087 2935 1142 2991 nisi
1156 2939 1230 2995 tort«

194 3039 293 3079 verum
312 3027 369 3092 est,
386 3022 473 3088 indis,
490 3021 622 3088 abacta,
638 3023 797 3095 prorbebat,
816 3024 961 3087 causaue,
980 3038 1091 3095 myrra,
1118 3019 1230 3080 thorus

193 3106 304 3171 notiam,
331 3106 464 3178 sutprbur,
494 3108 591 3174 clusis,
612 3107 717 3179 Apias,
738 3108 865 3171 eomodo,
893 3112 1025 3178 pratum,
1046 3120 1230 3176 suppremus

193 3197 366 3262 repperere,
393 3205 505 3256 rueme,
535 3193 686 3260 comumei,
713 3196 810 3257 matut,
837 3191 991 3262 sollempni.
1038 3189 1081 3243 bis
1108 3188 1230 3247 dr‘sdem

194 3274 295 3337 tecua,
311 3289 404 3345 pupe.
422 3276 585 3347 dampnum,
606 3279 664 3345 ter,
683 3275 708 3330 si
722 3274 852 3344 memini,
869 3274 919 3341 dit,
938 3278 1036 3345 quater
1047 3274 1190 3344 proprior
1212 3295 1230 3332 e

193 3350 408 3430 contempnere,
422 3375 495 3430 quac
515 3359 543 3415 in
564 3358 690 3430 epistolis
710 3359 813 3430 spuriis
831 3358 918 3416 edidi.
948 3358 1101 3422 mendatio,
1119 3358 1230 3416 inditio

193 3444 322 3507 convitia,
343 3444 442 3499 aobtiu
459 3442 649 3514 frequentiora
667 3443 696 3497 in
712 3443 733 3497 P
755 3459 840 3514 quam
857 3443 885 3497 in
902 3441 935 3498 R.
967 3446 1102 3498 coturnus
1119 3442 1230 3514 ubiqu·

192 3533 309 3598 uterque
328 3543 390 3582 eum
408 3527 535 3583 omnibus
554 3527 601 3598 qui
618 3525 685 3582 milri
700 3526 880 3583 innotuerunt
896 3527 981 3586 libris.
1006 3523 1093 3596 Siqua
1103 3525 1184 3583 torte
1200 3528 1230 3583 d,
