2467 4042
480 243 515 294 IL
536 245 686 327 las-7209.
1046 238 1088 304 27

166 405 224 467 Ρ11
247 423 336 485 quem
358 403 435 467 holla
457 408 559 485 geris,
577 407 665 467 cuius
687 422 768 466 nunc
791 421 916 484 corpore
940 422 1068 487 pugnas,

168 495 341 574 Auspicium
364 496 414 555 cni
436 494 488 555 das
510 493 622 572 grande
646 493 777 571 deosque
800 502 886 574 tuos,

102 593 153 644 111
168 582 368 662 [Dimidioque
391 583 436 644 tui
458 599 600 663 praesens
624 588 655 641 et
676 583 801 661 respicis
823 580 948 664 urbem,

166 670 293 732 Dimidio
316 670 420 750 procul
443 688 476 731 es
499 686 644 749 saevaque
667 668 744 730 holla
766 668 876 749 gerist]

167 758 222 820 Hic
246 757 300 820 tihi
323 760 367 820 sic
390 757 492 820 redeat
515 765 656 837 superato
678 759 773 818 victor
796 757 833 818 ah
856 756 960 839 hoste,

169 847 263 927 Inque
287 848 436 908 coronatis
459 845 570 925 fulgeat
592 844 670 906 altus
694 843 801 923 equisl
820 876 862 889 -

169 934 279 1015 Parce,
301 952 428 1014 precor,
445 933 617 1012 fulmenque
637 943 740 1011 tuum,
764 933 826 993 lera
844 932 919 1008 tela,
945 931 1090 1015 reconde,

103 1034 153 1085 180
167 1022 233 1084 Heu
256 1025 381 1084 nimium
404 1023 514 1084 misero
538 1022 656 1101 cognita
679 1021 737 1081 tela
760 1019 851 1081 mlhll

166 1111 282 1192 Parce,
304 1120 390 1191 pater
412 1112 548 1190 patriae,
571 1127 627 1170 nec
650 1109 779 1169 nominis
801 1109 947 1171 inmemor
969 1109 1059 1172 huius

168 1198 246 1261 Olim
268 1199 403 1279 placandi
426 1215 510 1279 spem
533 1196 606 1259 mihi
630 1195 698 1257 tolle
722 1195 784 1258 tuil

167 1287 233 1348 Non
256 1303 386 1365 precor,
409 1293 443 1348 ut
465 1284 608 1364 redeam,
633 1286 766 1364 quamvis
789 1286 900 1346 maiora
922 1287 1025 1367 petltls

168 1373 316 1435 Credibile
339 1382 386 1435 est
408 1391 530 1452 magnos
553 1390 642 1452 saepe
665 1372 782 1434 dedisse
807 1373 897 1436 deos:

103 1472 154 1523 111
168 1462 269 1524 Mitius
292 1461 412 1522 exilium
435 1464 462 1522 si
484 1461 537 1522 das
559 1463 742 1541 propiusque
765 1463 899 1543 roganti,

168 1550 239 1611 Pars
262 1551 321 1611 orit
343 1567 380 1611 ex
402 1567 496 1628 poena
519 1566 624 1628 magna
647 1549 740 1610 levata
763 1561 845 1610 mea.

168 1638 275 1700 Ultima
297 1640 450 1718 perpetior
473 1637 586 1698 medios
609 1639 724 1698 eiectus
745 1638 777 1698 in
800 1637 920 1717 hostes,

167 1726 229 1788 Nec
253 1728 412 1806 quisquam
434 1728 530 1805 patria
552 1724 670 1804 longius
693 1722 761 1786 exul
784 1724 885 1786 ahe'st.

170 1814 257 1876 Solus
281 1814 318 1875 ad
342 1831 480 1893 egressus
503 1816 613 1875 missus
636 1812 839 1893 septemplicis
861 1812 956 1875 Histrl

103 1913 154 1964 190
167 1901 341 1964 Parrhasiae
365 1901 461 1981 gelido
485 1903 607 1980 virginis
630 1897 683 1962 axe
706 1918 844 1981 premor,

169 1985 298 2074 [lazyges
321 1998 353 2052 et
375 1989 478 2051 Colchi
499 1989 690 2068 Hetereaque
713 1988 800 2050 turha
824 1988 974 2069 Getaeque

167 2078 292 2140 Danuvii
314 2078 420 2140 mediis
443 2079 491 2137 rix
514 2076 712 2157 prohihentur
734 2079 819 2156 aquis
830 2076 851 2154 .]

167 2167 302 2246 Cumque
324 2166 375 2228 alii
397 2183 485 2228 causa
508 2164 563 2227 tihi
586 2168 647 2226 sint
669 2167 804 2244 graviore
827 2166 937 2246 fugati,

167 2255 297 2317 Ulterior
319 2253 415 2334 nulli,
439 2271 527 2332 quam
549 2253 645 2332 mihi,
667 2262 748 2314 terra
771 2252 838 2314 data
861 2262 923 2314 est.

103 2354 153 2405 191
168 2342 299 2423 Longius
321 2342 378 2403 hac
397 2341 469 2403 nihil
492 2350 539 2403 est
551 2389 560 2423 ,
582 2343 642 2402 nisi
664 2348 779 2402 tantum
798 2342 893 2419 frigus
916 2348 948 2402 et
969 2339 1089 2422 hostes,

168 2431 207 2493 Et
229 2433 320 2492 maris
343 2430 488 2491 adstricto
511 2446 586 2509 quae
610 2432 671 2491 coit
693 2428 772 2490 unda
795 2427 881 2508 gelu.

167 2518 317 2581 Hactenus
340 2517 449 2580 Euxini
472 2535 541 2597 pars
564 2526 611 2579 est
633 2517 764 2578 Romana
787 2518 920 2578 sinistri:

168 2607 306 2668 Proxima
329 2606 490 2668 Basternae
513 2606 764 2685 Sauromataeque
787 2612 910 2667 tenent.

168 2695 248 2758 Haec
272 2705 318 2757 est
340 2696 471 2758 Ausonio
494 2694 551 2757 surb
574 2697 641 2756 iure
664 2696 823 2755 novissima
846 2695 953 2773 vixque

101 2795 153 2846 200
167 2783 278 2847 Haeret
299 2787 332 2847 iu
354 2785 473 2864 imperii
495 2785 629 2862 margine
651 2791 733 2845 terra
756 2783 818 2845 tui.

167 2872 250 2935 Unde
274 2890 382 2952 precor
405 2872 530 2952 supplex
553 2880 587 2932 ut
608 2888 664 2932 nos
686 2873 717 2931 in
740 2879 804 2932 tuta
827 2868 961 2951 releges,

166 2960 209 3020 Ne
233 2963 272 3020 sit
294 2977 363 3020 cum
385 2962 481 3039 patria
502 2977 558 3038 pax
581 2976 701 3037 quoque
729 2959 865 3037 adempta
887 2957 978 3038 mihi,

166 3047 209 3107 Ne
233 3049 352 3107 timeam
371 3054 497 3127 gentes,
520 3063 594 3124 quas
612 3063 673 3105 non
691 3044 768 3106 hene
787 3054 953 3106 summovet
971 3043 1088 3126 Hister,

166 3134 245 3195 Neve
268 3143 339 3195 tuus
361 3135 473 3213 possim
495 3134 568 3194 ciris
591 3132 628 3192 ah
651 3132 736 3193 hoste
759 3134 842 3211 capi.

101 3234 152 3284 205
166 3223 224 3284 Fas
247 3220 386 3300 prohibet
408 3219 492 3281 Latio
515 3237 695 3299 quemquam
717 3219 754 3281 de
778 3220 921 3298 sanguine
944 3228 1047 3282 natum

167 3308 343 3373 Caesaribus
366 3307 454 3369 salvis
476 3307 601 3369 harhara
625 3306 719 3368 vincla
742 3309 822 3388 pati.

165 3398 355 3460 Perdiderint
377 3414 446 3458 cum
469 3414 517 3458 me
536 3396 595 3457 duo
619 3397 744 3458 crimina
756 3443 765 3477 ,
789 3412 909 3457 carmon
931 3406 963 3459 et
985 3414 1088 3478 orror,

167 3487 299 3550 Alterius
322 3486 392 3548 lacti
414 3485 502 3565 culpa
525 3483 638 3546 silenda
661 3484 750 3547 mihi:

164 3575 239 3638 Nam
258 3592 317 3637 non
335 3592 402 3637 sum
421 3575 513 3655 tend,
531 3590 672 3635 renovem
687 3582 720 3635 ut
735 3583 789 3665 tua
809 3570 947 3655 vulnera,
962 3574 1079 3655 Caesar,
