2467 4042
188 181 253 246 248
365 200 493 238 cananum
604 182 781 239 METAMM.

276 347 392 409 Thesea
414 345 597 409 Demoleont
620 347 714 409 solido
736 347 877 411 divedere
900 349 1009 412 dudum

276 437 425 498 Annosam
446 437 549 515 pinum
572 454 678 515 magno
701 435 852 499 molimine
875 446 1014 520 temptat;

277 524 362 598 erod
386 526 454 603 quia
476 542 537 586 non
558 526 656 604 potuit
667 572 678 607 ,
699 526 896 605 praefractam
918 529 998 588 misit
1013 529 1042 589 in
1055 526 1185 590 bostem.

278 612 335 674 Sed
358 612 465 693 procul
486 630 502 673 a
525 611 584 673 telo
607 612 743 675 Theseus
764 616 901 676 veniente
925 618 1044 677 recessit

210 714 262 765 330
276 700 409 763 Pallados
432 700 607 782 admouitu3
631 700 713 763 credi
735 703 778 763 sic
800 704 865 782 ipse
889 702 1018 765 volebat.

276 790 342 851 Non
364 799 463 851 tamen
486 788 575 850 arbor
596 792 679 851 iners
702 788 831 852 cecidit:
854 808 923 852 nam
946 791 1084 853 Crantoris
1102 792 1157 853 alti

276 877 408 940 Abscidit
429 878 531 957 iugulo
554 885 720 959 pectusque
743 897 942 961 umerumque
965 882 1120 942 sinistrum.

276 968 411 1046 Armiger
433 965 483 1027 ille
505 968 550 1028 tui
572 966 671 1027 luerat
692 968 858 1050 genitoris,
880 967 1010 1050 Achille,

277 1055 371 1128 Quem
395 1054 540 1134 Dolopum
561 1063 663 1116 rector
685 1054 762 1116 bello
786 1064 946 1135 superatus
958 1104 968 1138 ,
990 1058 1119 1137 Amyntor

210 1154 262 1205 330
276 1143 417 1205 Aeacidae
441 1143 563 1205 dederat
583 1145 666 1223 pacis
688 1145 855 1223 pignusque
878 1145 1040 1225 fidemque.

276 1232 363 1294 Hunc
384 1232 491 1312 procul
512 1240 546 1293 ut
567 1231 655 1293 loedo
679 1231 835 1293 disiectum
857 1233 980 1294 vulnere
1002 1232 1098 1295 Peleus

276 1319 376 1403 Vidit,
399 1315 452 1381 “at
473 1320 596 1381 inlerias
608 1367 618 1402 ,
640 1321 782 1382 iuvenum
805 1322 974 1400 gratissime
997 1320 1133 1403 Crantor,

276 1402 408 1489 Accipe''
430 1410 472 1470 ait
483 1456 493 1491 ,
515 1407 672 1487 validoque
694 1410 726 1470 in
748 1407 941 1471 Demoleonta
962 1410 1068 1472 lacerto

220 1531 261 1541 -
275 1497 449 1559 Fraxineam
471 1498 574 1578 misit,
597 1499 706 1558 mantis
729 1515 848 1577 quoque
871 1497 1008 1581 viribus,
1028 1499 1155 1579 hastam,

210 1598 262 1648 330
276 1585 358 1659 Quae
380 1584 507 1647 laterum
531 1593 643 1646 cratem
665 1587 824 1669 perrupit,
847 1594 877 1647 et
901 1586 1018 1648 ossibus
1038 1586 1157 1648 haerens

275 1675 454 1737 intremuit.
482 1672 573 1736 trahit
594 1672 645 1734 ille
667 1691 757 1734 manu
780 1674 844 1735 sine
868 1675 991 1754 cuspide
1013 1674 1138 1755 lignum:

275 1762 308 1825 ld
332 1781 450 1842 quoque
472 1764 521 1823 rix
544 1763 702 1843 seqnitur3
724 1764 825 1842 cuspis
842 1761 983 1843 pulmone
1001 1771 1112 1825 retenta
1129 1771 1183 1823 est.

276 1850 342 1931 lpse
365 1850 451 1912 dolor
472 1853 551 1912 vires
574 1852 672 1911 animo
695 1849 804 1913 dabat:
827 1868 916 1931 aeger
938 1854 971 1914 in
993 1851 1105 1913 hostem

275 1939 430 2020 Erigitur,
452 1937 638 2019 pedibusque
660 1940 757 2000 virum
779 1938 934 2019 proculcat
956 1942 1087 2020 equinis.

210 2039 261 2088 300
275 2027 393 2108 Excipit
414 2026 463 2088 ille
486 2030 564 2088 ictus
586 2026 668 2106 galea
692 2026 845 2107 clipeoque
868 2037 1026 2110 sonantes,

275 2116 473 2196 Delensatque
496 2133 617 2177 umeros
629 2162 639 2196 ,
660 2123 874 2195 praetentaque
898 2118 1028 2178 sustinet
1048 2134 1141 2178 arma:

275 2205 392 2285 Perque
415 2222 513 2266 armos
536 2221 597 2265 uno
621 2203 679 2264 duo
702 2211 824 2283 pectora
845 2204 980 2284 perforat
1001 2206 1079 2266 ictu.

276 2295 350 2354 Ante
374 2301 473 2354 tamur
495 2293 555 2353 leto
578 2291 701 2353 dederat
722 2291 905 2372 Phlegraeon
929 2300 960 2353 00
983 2291 1077 2373 Hylen

276 2380 423 2463 Eminus,
445 2380 603 2461 lphinoum
626 2379 731 2441 coDato
754 2379 848 2441 hlarte
871 2378 1052 2460 Claninque.

211 2481 262 2531 330
276 2469 402 2531 Additur
424 2469 471 2530 his
493 2467 639 2548 Dorylas,
661 2470 713 2548 qui
735 2476 870 2547 tempera
892 2466 977 2529 tecta
993 2469 1112 2549 gerebat

275 2557 356 2618 Pelle
378 2556 463 2637 lupi,
486 2558 624 2635 saevique
646 2558 741 2617 vicem
762 2558 943 2636 praestantia
966 2557 1019 2619 teli

276 2645 394 2708 Cornua
416 2663 484 2706 vara
506 2644 598 2707 boum
621 2644 713 2706 multo
737 2644 891 2706 rubefacta
913 2663 1040 2708 cruore.

276 2733 353 2796 Huic
377 2752 454 2817 ego,
480 2751 548 2795 nam
575 2734 654 2795 vires
682 2735 797 2795 animus
825 2732 934 2815 dabat,
957 2727 1081 2814 “aspice
1091 2728 1113 2818 ,⁵
1134 2729 1182 2792 dixi

277 2820 439 2895 ‘Quantum
462 2821 626 2884 concedant
647 2829 750 2882 nostro
774 2831 825 2883 tua
847 2838 959 2884 cornua
982 2818 1087 2885 lerro''

210 2922 262 2974 330
275 2912 314 2973 Εο
335 2911 465 2973 iaculum
487 2912 583 2972 torsi.
611 2909 692 2990 quod
715 2928 783 2971 cum
805 2912 898 2972 vitare
921 2912 1079 2994 nequiret,

276 2999 423 3080 Opposuit
445 3000 579 3061 dextram
601 3016 743 3078 passurae
766 2998 889 3063 vulnera
911 2999 1021 3060 lrontl.

276 3088 369 3149 Aiilxa
391 3096 439 3149 est
461 3106 529 3149 cnm
552 3088 650 3148 lronte
672 3105 800 3149 manns:
823 3087 856 3148 llt
878 3086 1012 3150 clamor:
1034 3097 1065 3150 at
1085 3085 1158 3148 illum

275 3176 454 3238 Haerentem
476 3174 585 3237 Peleus
607 3183 638 3237 et
660 3175 768 3237 acerbo
790 3174 914 3237 vulnere
937 3177 1049 3238 rictum
1072 3209 1111 3220 -

277 3264 379 3326 Stabat
397 3266 476 3327 enim
493 3266 616 3345 propior
631 3297 673 3308 -·
687 3264 814 3326 mediam
832 3264 903 3325 lenit
920 3282 992 3325 ense
1011 3265 1067 3327 sub
1084 3262 1180 3325 alvum·

209 3366 262 3416 330
275 3352 440 3435 Prosiluit,
462 3361 602 3432 terraque
626 3354 710 3414 lerox
733 3370 787 3414 sua
808 3355 923 3414 viscera
945 3356 1052 3435 traxit,

275 3440 440 3521 Tractaque
465 3440 607 3523 calcavit,
631 3441 799 3522 calcataque
822 3443 927 3522 rupit,
949 3450 980 3502 et
1001 3442 1059 3503 illis

276 3529 369 3590 Crura
393 3547 511 3608 quoqne
535 3529 669 3609 impediit
692 3538 723 3590 et
745 3532 826 3591 inani
849 3528 979 3591 concidit
1000 3529 1080 3591 alvo.
