2467 4042
222 213 289 278 354
628 213 822 267 rnsrosnu

311 378 448 440 Gramina
470 378 612 438 continuo
634 375 740 437 loculis
762 376 914 456 depromit
938 378 1077 441 eburnis:

244 480 295 528 770
354 466 531 527 Proluerant
553 465 656 525 Glauci
680 464 816 526 manibus
838 465 887 526 illa
910 469 1021 545 prius.

311 554 430 634 [Tunc,
453 571 521 615 cum
544 552 715 613 observatas
733 555 838 631 anguis
857 552 1021 616 descendit
1044 556 1077 616 ad

354 641 431 702 Usus
455 651 484 702 et
507 640 615 702 auxilio
638 649 684 701 est
706 642 811 719 anguis
833 640 871 701 ab
893 660 998 721 angue
1024 642 1109 721 dato]

308 730 433 791 Pectora
455 737 502 790 ter
524 731 644 810 tetigit,
667 736 714 789 ter
735 727 826 789 verba
848 729 985 791 salubria
1011 731 1096 792 dixit:

353 816 525 897 Depositum
548 824 629 877 terra
652 815 772 878 sustulit
793 816 847 877 ille
867 827 979 896 caput.

244 918 294 967 tao
310 905 408 967 Lucus
431 923 500 966 eum
522 903 719 982 Nemorisque
740 906 786 965 tui
798 950 808 984 ,
831 903 1009 989 Dictynna,
1034 925 1138 969 recessu

356 991 457 1054 Celet:
489 991 610 1053 Aricino
633 991 751 1052 Virbius
773 992 823 1053 ille
845 991 933 1054 lacu.

308 1081 344 1142 lt
368 1080 525 1159 Clymenus
549 1079 713 1159 Clothoque
735 1079 852 1142 dolente
885 1080 989 1163 baec,
1015 1084 1069 1144 tila
1143 1084 1147 1093 '

351 1167 429 1246 Hic,
451 1169 518 1228 fieri
540 1170 626 1246 regni
647 1170 712 1229 iura
735 1170 849 1228 minora
872 1170 940 1229 sui.

307 1256 440 1336 Iuppiter
451 1302 461 1336 ,
485 1256 653 1334 exemplum
674 1257 809 1336 veritus,
832 1254 944 1317 direxit
969 1260 1006 1319 in
1031 1263 1121 1339 ipsun

244 1357 296 1408 700
353 1343 511 1424 Fulmina,
534 1345 585 1423 qui
608 1346 717 1405 nimiae
740 1350 871 1404 moverat
894 1347 974 1406 artis
1000 1365 1106 1426 opem.

307 1431 447 1512 Phoebe,
470 1430 666 1511 querebaris:
699 1430 773 1492 deus
796 1439 864 1513 est,
885 1432 1015 1510 placare
1042 1436 1149 1514 pascal:

350 1520 478 1599 Propter
499 1528 553 1600 te,
574 1519 642 1580 fieri
664 1518 743 1598 qtrod
765 1526 865 1599 vetat,
889 1521 957 1599 ipse
985 1523 1084 1584 tacit.

475 1631 527 1694 21.
549 1626 613 1694 Dc
658 1630 710 1695 22.
732 1626 792 1694 EO
837 1631 890 1695 23.
913 1629 980 1696 FC

307 1739 372 1800 Non
396 1757 451 1819 ego
474 1746 525 1819 te,
549 1740 682 1817 quamvis
704 1737 879 1817 properabis
901 1740 1056 1823 vincere,
1081 1732 1191 1803 ssent

352 1827 384 1888 Si
406 1835 486 1888 vetet
507 1828 696 1906 auspicium,
718 1828 802 1905 signa
823 1843 943 1886 movere
970 1828 1089 1891 velim.
1191 1816 1194 1885 ’0

243 1928 294 1978 700
310 1915 376 1976 Sint
397 1913 453 1975 tibi
475 1912 636 1974 Flaminius
658 1911 889 1992 Trasimenaque
912 1911 1008 1976 litora
1033 1925 1141 1997 testes,

354 2002 412 2063 Per
433 2001 570 2085 volucres
592 2018 703 2080 aequos
726 2001 817 2061 multa
839 2016 963 2061 monere
991 2004 1091 2067 deos.

307 2089 452 2170 'Fempora
476 2092 502 2151 si
524 2091 634 2150 veteris
657 2090 776 2167 quaeris
798 2091 955 2149 temeraria
981 2091 1094 2153 damni
1101 2140 1111 2174 ,

351 2178 481 2249 Quartus
504 2174 541 2237 ab
565 2185 697 2238 extremo
719 2194 821 2237 meuse
845 2174 890 2236 bis
913 2175 963 2236 ille
991 2179 1082 2242 dies.

307 2267 429 2327 Postera
447 2264 497 2327 lux
516 2265 639 2326 melior.
672 2272 793 2343 superat
805 2258 960 2324 Masinissa
975 2263 1198 2347 Syphacem&

242 2367 293 2417 770
351 2354 388 2414 Et
412 2353 518 2414 cecidit
540 2352 608 2413 telis
631 2348 797 2415 Hasdrubal
818 2353 882 2431 ipse
905 2354 988 2412 suis.

651 2464 703 2528 24.
727 2459 788 2526 GC

307 2572 453 2653 Tempora
474 2571 639 2653 labuntur,
661 2572 818 2650 tacitisque
841 2571 1034 2635 senescimus
1059 2578 1160 2653 anub,

353 2660 390 2722 Et
414 2661 532 2739 lugiunt
554 2660 640 2721 ireno
663 2678 723 2720 non
745 2667 912 2720 remorante
934 2658 1024 2721 dies.

278 2764 282 2771 ·
309 2749 403 2822 Quam
426 2751 485 2810 cito
508 2756 655 2809 venerunt
677 2747 826 2808 Fortunae
848 2746 947 2807 Fortis
970 2746 1130 2812 bonores!

351 2836 423 2899 Post
445 2844 559 2916 septem
581 2837 664 2897 luces
687 2834 790 2896 lunius
813 2842 898 2895 aetus
920 2835 996 2895 erit.

243 2939 293 2989 770
308 2925 373 3006 lte,
397 2925 482 2987 deam
503 2924 573 2985 laeti
595 2924 715 2985 Fortem
738 2922 906 3001 celebrate,
929 2921 1090 2992 Quirites!

353 3014 386 3075 ln
409 3013 526 3074 'liberis
548 3014 612 3091 ripa
635 3030 759 3073 munera
781 3013 860 3091 regis
883 3009 990 3071 babet.

308 3103 381 3164 Pars
403 3102 501 3182 pede,
522 3118 592 3181 pars
615 3103 704 3161 etiam
727 3098 818 3160 celeri
840 3098 991 3159 decurrite
1012 3100 1151 3180 mmm,

354 3190 416 3251 Nec
438 3189 548 3269 pudeat
570 3197 656 3268 potos
678 3188 747 3249 inde
770 3187 868 3249 redire
892 3185 1030 3248 domum.

309 3278 396 3340 Ferte
420 3284 576 3339 coronatae
599 3280 739 3337 inventam
762 3276 893 3336 convivia
916 3274 1041 3353 lintres,

244 3379 295 3430 700
353 3365 503 3444 llnltaque
525 3381 579 3444 per
603 3365 714 3425 medias
736 3366 802 3424 vina
824 3362 964 3424 bibantur
986 3376 1101 3440 aquas.

308 3453 397 3516 Plebs
420 3454 609 3532 colitbanc‚
633 3454 702 3530 qnia
723 3455 776 3531 qui
798 3453 920 3531 posuit,
943 3450 979 3510 de
1002 3448 1093 3529 plebe
1120 3451 1198 3512 tom

353 3540 484 3618 Fertur,
507 3549 595 3600 etex
618 3539 723 3599 humili
746 3549 861 3617 sceptra
885 3538 988 3599 tulisse
1011 3536 1098 3597 loco.

735 3827 740 3844 ὗ
874 3825 880 3836 Ι

281 4026 687 4038 Q
724 3942 1198 4038 J
