2467 4042
186 270 249 335 232
564 273 734 335 bunun.
757 276 833 337 AM.

271 425 322 484 Me
335 424 414 484 duce
430 425 612 501 damnosas,
635 426 790 501 homines,
814 431 992 504 conpescite
1006 445 1115 505 curas,

231 515 265 570 ⁷0
316 510 475 583 Rectaque
489 524 559 570 cum
573 511 668 572 sociis
683 527 732 571 rne
746 512 825 571 duce
841 513 929 573 navis
944 520 1002 573 eat.
1189 546 1230 561 -

271 592 354 653 Naso
369 592 519 667 legendus
534 601 690 669 cratium,
713 611 782 655 cum
796 596 945 658 didicistis
961 612 1073 657 amare.

313 676 398 735 Idem
413 692 495 737 nunc
508 677 598 738 vobis
612 677 695 738 Naso
711 680 859 753 legendus
874 681 939 740 erit

271 759 414 821 Publicus
429 766 566 820 assertor
580 762 712 822 dominis
729 778 899 838 suppressa
913 764 1023 825 levabo

312 842 450 904 Pectora.
472 842 626 907 vindictae
640 846 771 922 quisque
786 847 887 909 lavete
901 863 987 908 suae.

229 934 263 991 to
274 928 315 987 Te
328 942 440 1002 precor
455 926 620 1003 incipiens,
642 929 724 990 adsit
740 936 791 990 tua
805 931 911 992 laurea
925 931 1023 1003 nobis,

314 1010 462 1071 Carminis
475 1018 506 1072 et
519 1012 674 1088 medicae,
690 1012 829 1089 Phoebe,
850 1023 989 1090 repertor
1003 1015 1084 1090 opis.

270 1096 316 1155 Tu
330 1095 443 1171 pariter
458 1096 533 1171 vati,
557 1097 670 1172 pariter
683 1112 827 1157 succurre
841 1098 989 1159 medenti:

312 1181 448 1256 Utraque
461 1180 572 1241 tutelae
587 1178 710 1241 subdita
725 1196 799 1241 cura
814 1187 923 1243 tuaest.

270 1262 349 1324 Dum
365 1263 449 1336 licet,
473 1271 503 1323 et
516 1263 629 1324 modici
643 1272 771 1340 tangunt
784 1266 965 1340 praecordia
978 1273 1089 1340 motus,

228 1354 264 1409 ἕο
317 1346 350 1407 Si
365 1346 464 1422 piget,
486 1345 517 1408 in
533 1347 631 1424 primo
647 1348 750 1409 limine
765 1349 841 1409 siste
855 1348 976 1425 pedem

270 1427 432 1506 Opprime,
454 1431 527 1492 dum
542 1447 624 1492 nova
638 1440 722 1507 sunt,
745 1431 836 1493 subiti
850 1435 930 1494 mala
943 1433 1062 1494 semina
1074 1433 1197 1512 morbi,

312 1513 350 1575 Et
363 1521 434 1577 tuus
448 1514 599 1589 incipiens
613 1515 658 1576 ire
672 1517 795 1577 resistat
809 1532 919 1592 equus.

270 1598 345 1658 Nam
361 1614 447 1659 mora
462 1599 515 1658 dat
528 1600 621 1660 vires.
643 1607 764 1661 teneres
778 1616 864 1660 mora
881 1601 1041 1677 percoquit
1058 1618 1157 1679 uvas,

311 1682 348 1743 Et
362 1681 481 1742 validas
500 1689 622 1757 segetes
638 1699 719 1759 quae
733 1684 788 1744 luit
802 1684 911 1760 herba,
934 1686 1014 1745 lacit.

227 1775 261 1829 85
274 1766 357 1840 Quae
372 1765 498 1842 praebet
510 1767 587 1827 latas
602 1767 694 1826 arbor
710 1768 911 1843 spatiantibus
924 1770 1057 1845 umbras,

313 1849 379 1924 Quo
396 1849 497 1925 posita
511 1856 560 1911 est
574 1851 702 1925 primum
718 1858 855 1927 tempore
869 1851 957 1929 virga
970 1853 1034 1913 luit.

269 1932 343 1993 Tum
357 1940 479 2009 poterat
492 1933 632 1995 manibus
648 1951 768 1995 summa
783 1936 889 1997 tellure
902 1937 1023 1998 revelli:

311 2018 396 2078 Nunc
411 2024 471 2082 stat
484 2018 515 2076 in
530 2018 702 2079 inmensum
714 2019 832 2081 viribus
847 2025 916 2080 acta
927 2021 1003 2081 suis.
1046 2097 1048 2100 Ι

270 2102 365 2177 Quale
379 2102 420 2163 sit
433 2102 480 2177 id,
503 2102 587 2176 quod
601 2119 704 2174 amas,
725 2104 816 2163 celeri
832 2104 1032 2181 circumspice
1045 2116 1164 2183 mente,

227 2195 262 2248 90
314 2185 352 2245 Et
365 2193 417 2247 tua
432 2187 556 2246 laesuro
570 2186 716 2248 subtrahe
730 2188 809 2248 colla
822 2189 904 2263 iugo.

269 2268 427 2345 Principiis
443 2270 541 2331 obsta.
565 2286 636 2333 sero
651 2270 803 2331 medicina
816 2279 946 2348 paratur,

312 2354 385 2414 Cum
399 2354 479 2414 mala
494 2370 551 2430 per
563 2355 672 2430 longas
687 2357 871 2417 convaluere
889 2371 1001 2416 moras.

270 2436 333 2499 Sed
347 2453 496 2514 propera,
517 2454 575 2499 nec
589 2446 619 2501 te
633 2446 777 2500 venturas
793 2437 882 2502 differ
896 2440 926 2500 in
941 2440 1048 2500 horas=

312 2522 367 2597 Qui
382 2538 444 2584 non
458 2530 508 2584 est
521 2522 629 2600 bodie,
649 2538 718 2584 cras
733 2524 832 2586 minus
846 2531 937 2599 aptus
955 2524 1020 2584 erit.

226 2612 260 2667 95
272 2606 376 2667 Verba
389 2607 443 2668 dat
457 2606 556 2667 omnis
572 2623 672 2682 amor,
695 2607 870 2684 reperitque
885 2608 1027 2669 alimenta
1041 2610 1203 2672 morando

312 2688 431 2765 Optima
446 2690 599 2750 vindictae
614 2691 754 2767 proxima
768 2707 911 2768 quaeque
923 2692 999 2751 dies.

268 2773 405 2835 Flumina
418 2790 520 2850 pauca
533 2774 623 2835 vides
639 2775 679 2835 de
694 2775 813 2851 magnis
829 2776 963 2837 lontibus
978 2784 1060 2837 ortas

310 2856 441 2919 Plurima
457 2858 594 2922 collectis
608 2857 845 2934 multiplicantur
858 2859 957 2935 aquis.

268 2942 300 3002 Si
316 2942 375 3002 cito
390 2944 561 3018 sensisses,
585 2949 729 3019 qnantum
745 2958 877 3018 peccare
890 2959 1025 3019 parares,

198 3034 257 3089 ¹100
309 3027 375 3086 Non
394 3028 630 3102 tegeresivultus
647 3028 775 3103 cortice,
796 3027 935 3106 Myrrha,
955 3034 1035 3087 tuos.

266 3108 339 3170 Vidi
353 3125 412 3186 ego
429 3111 513 3186 quod
527 3111 625 3171 luerat
637 3111 736 3185 primo
751 3111 890 3171 sanabile
904 3112 1024 3186 vulnus,

309 3194 439 3265 Dilatum
452 3195 563 3270 longae
578 3194 691 3256 damna
704 3195 813 3256 tulisse
829 3209 943 3256 morae.

268 3276 330 3338 Sed
346 3277 418 3353 qiua
433 3279 563 3339 delectat
575 3279 707 3339 Veneris
722 3278 890 3354 decerpere
904 3279 1042 3350 fructum,

309 3361 443 3422 Dicimus
459 3361 590 3424 adsidue
606 3365 690 3423 ‘cras
706 3378 831 3439 quoque
845 3362 899 3426 fiet
910 3363 1013 3423 idem!

201 3454 254 3507 105
268 3446 385 3507 interea
400 3446 510 3507 tacitae
524 3453 652 3522 serpunt
666 3446 697 3506 in
713 3446 835 3508 viscera
848 3444 999 3517 flammae,

308 3529 345 3588 Et
359 3531 439 3589 mala
451 3529 573 3591 radices
588 3530 679 3591 altius
692 3530 784 3591 arbor
798 3530 869 3603 egit
