2467 4042
424 266 473 319 111.
492 217 643 317 rac-sua.
968 265 1035 331 273

160 429 233 491 Nam
257 428 311 491 tibi
334 436 461 490 mutatae
484 427 590 489 Libera
614 445 722 489 numen
746 431 823 490 erit.

116 517 242 597 Simque
265 527 333 579 tuae
356 525 456 579 tecum
479 517 582 578 faciam
605 519 785 578 monimenta
809 535 954 599 coronae,

160 604 306 667 Volcanus
329 604 437 667 Veneri
460 622 547 683 quam
570 603 673 685 dedit,
695 603 744 665 illa
768 600 855 666 tibi.'

45 693 199 756 515111515
222 695 312 774 lacit,
336 711 525 774 gemmasque
544 711 651 754 novem
670 693 860 754 transformat
881 695 912 755 ln
936 694 1036 773 ignes:

160 782 257 845 Aurea
279 800 334 862 per
358 781 457 843 stellas
480 799 560 843 narnc
583 782 672 842 micat
695 781 744 842 illa
767 799 889 844 norem.

218 921 247 985 8.
272 917 329 984 OF
373 920 403 983 9.
427 916 489 984 Dc
537 916 671 983 10.Εο
720 920 769 982 11.
792 916 849 983 FO

198 1009 247 1073 12.
271 1005 331 1072 GC
380 1005 567 1075 13.ΗΕΝ
615 1005 869 1083 thahu-tr

115 1133 174 1196 Sex
197 1134 248 1196 ubi
272 1134 450 1215 sustulerit,
474 1133 596 1195 totidem
621 1132 797 1195 demerserit
820 1133 926 1214 urbes,

159 1221 348 1303 Purpureum
372 1222 475 1303 rapido
499 1224 551 1302 qui
574 1222 654 1282 vehit
677 1240 729 1283 axe
753 1222 848 1304 diem,

116 1309 215 1372 Altera
238 1313 389 1388 gramineo
413 1309 562 1389 spectabis
585 1308 724 1388 Equirria
747 1310 873 1392 Campo,

47 1409 100 1460 520
162 1397 256 1467 Quem
280 1397 398 1458 'liberis
421 1400 521 1458 curris
543 1400 575 1458 in
598 1397 675 1458 latus
698 1407 785 1476 urget
808 1402 910 1478 aquis.

116 1484 174 1556 Qui
197 1494 296 1546 tamen
319 1481 412 1547 eiecta
435 1487 462 1546 si
485 1485 561 1546 iurte
585 1484 737 1546 tenebitur
760 1486 856 1566 unda,

161 1571 277 1634 Caelius
301 1574 426 1653 accipiat
447 1572 673 1653 pulverulentus
696 1591 806 1652 equos.
897 1592 901 1598 ·

398 1711 447 1777 15.
471 1708 499 1774 B
517 1708 674 1775 EID0N³

116 1837 218 1900 ldibus
241 1838 411 1900 cathanae
435 1839 544 1900 testum
568 1836 681 1916 geniale
704 1836 877 1899 Perennae.
950 1879 953 1886 -

162 1926 247 1987 Haud
271 1926 376 2005 procul
399 1944 415 1988 5
438 1928 532 2007 ripis,
557 1925 668 1987 advena
691 1925 826 2008 Thybri,
849 1928 909 1987 tuis

51 2026 102 2076 525
117 2013 205 2076 Plebs
228 2017 309 2077 venit
332 2032 365 2076 ac
388 2014 498 2076 virides
520 2016 631 2094 passim
655 2015 778 2077 disiecta
800 2032 855 2094 per
877 2012 985 2075 herbas

160 2103 270 2185 Putat,
295 2112 326 2164 et
348 2102 496 2165 accumbit
519 2121 587 2164 cunr
610 2121 682 2182 pare
706 2105 833 2182 quisque
857 2120 927 2163 sua.

118 2190 180 2253 Sub
204 2190 271 2252 love
294 2209 365 2270 pars
388 2192 475 2253 durat
487 2238 496 2271 ,
519 2194 607 2270 pauci
631 2194 758 2252 tentoria
779 2199 912 2271 ponunt,

162 2278 239 2340 Sunt
263 2279 372 2360 quibus
396 2299 412 2341 e
435 2281 525 2340 ramis
549 2279 672 2341 frondea
695 2281 771 2340 lacta
794 2297 860 2340 casa
884 2288 949 2359 est,

117 2368 213 2448 Pars,
237 2367 288 2429 nbi
311 2386 366 2448 pro
390 2368 493 2447 rigidis
517 2367 643 2428 calamus
667 2375 798 2429 statuere
822 2367 984 2447 columnia,

53 2468 103 2518 530
162 2458 300 2536 Desuper
323 2464 458 2518 extentas
481 2458 650 2535 imposuere
674 2464 773 2535 togas.

120 2544 186 2607 Sole
211 2555 310 2606 tamen
333 2546 460 2624 vinoque
484 2543 602 2626 calent,
627 2562 779 2624 annusque
802 2553 978 2624 precantur,

164 2633 243 2705 Quot
266 2643 384 2695 sumant
407 2632 549 2713 cyathos,
572 2633 611 2715 ad·
632 2651 849 2713 numerumque
872 2633 994 2696 hibunt.

120 2720 256 2782 lnvenies
277 2721 361 2804 illic,
384 2725 435 2801 qui
458 2720 592 2783 Nestoris
615 2721 715 2783 ebibat
737 2739 847 2804 annus,

163 2810 245 2881 Quae
268 2812 307 2872 sit
328 2828 383 2891 per
406 2810 513 2872 calices
536 2811 613 2872 lacta
638 2810 745 2891 Sibylla
758 2828 855 2874 suus.

54 2909 104 2961 505
118 2896 180 2961 Illic
204 2907 234 2961 et
258 2907 377 2961 cantant
401 2899 544 2979 quidquid
568 2900 698 2962 didicere
722 2899 863 2982 theatris,

162 2987 202 3048 Et
223 2990 332 3050 iactant
355 2989 456 3050 iaciles
479 2989 515 3051 ad
538 3007 592 3050 sua
614 2988 703 3049 verba
728 3005 849 3068 manus3

119 3073 157 3134 Et
179 3075 292 3136 ducunt
315 3079 411 3155 posito
435 3077 525 3138 duras
548 3085 664 3138 cratere
687 3076 828 3155 choreas,

163 3161 307 3242 Cultaque
331 3164 445 3225 diffusis
469 3165 555 3226 saltat
578 3167 671 3225 amica
695 3166 805 3225 comis.

120 3249 193 3311 Cum
216 3248 361 3331 redeunt,
384 3251 512 3314 titubant
535 3262 565 3314 et
589 3261 659 3313 sunt
682 3249 850 3330 spectacula
873 3249 967 3331 volgi,

56 3350 105 3402 540
162 3339 200 3400 Et
223 3339 389 3400 fortunatus
412 3339 496 3401 obvia
520 3341 607 3403 turba
630 3348 733 3401 vocat.

118 3428 243 3491 Occurri
267 3446 381 3508 nuper:
410 3430 472 3490 risa
495 3437 541 3490 est
563 3428 638 3490 mihi
660 3429 748 3509 digna
770 3428 864 3490 relatu

162 3517 296 3597 Pompa:
329 3534 431 3580 senem
453 3526 556 3597 potum
580 3526 650 3597 puta
673 3516 808 3579 trahebat
831 3534 922 3578 anus.

120 3606 199 3679 Quae
223 3613 321 3669 tamen
339 3607 412 3669 haec
431 3607 485 3670 dea
508 3610 566 3690 ait,
586 3608 724 3687 qnoniam
748 3606 919 3670 rumoribus
942 3613 1035 3687 errat,

87 3715 165 3758 orm.
192 3717 236 3758 111.
842 3711 876 3763 te
