2467 4042
159 268 220 335 182
517 269 657 331 Attuts
679 270 818 332 altar.

242 421 355 483 Gnosis
369 422 400 482 in
415 419 526 495 ignotis
541 437 647 482 amens
661 422 783 483 errabat
797 423 929 496 harenis,

285 507 349 581 Qua
362 506 467 567 brevis
482 506 648 580 aequoreis
664 506 722 566 Dia
736 506 841 568 seritur
854 508 954 583 aquis.

241 590 342 667 thue
357 596 422 650 erat
435 605 454 648 c
469 605 577 649 somno
592 589 695 650 tunica
711 592 811 651 velata
825 591 967 663 recincta,

179 685 229 737 530
284 674 371 734 Nuda
386 674 511 747 pedem,
536 688 665 735 croceas
679 674 838 749 inreligata
851 691 966 748 comas,

240 758 360 820 Thesea
375 757 530 818 crudelem
545 758 657 819 surdas
674 758 825 818 clamabat
838 758 879 818 ad
894 758 1003 831 undas,

283 841 412 916 Indigno
429 850 551 901 teneras
567 841 664 901 imbre
677 841 795 917 rigante
810 858 916 917 genas.

241 925 409 1000 Clamabat,
433 923 588 999 flebatque
602 924 701 985 simul.
724 926 782 986 sed
796 933 958 1002 utrumque
973 926 1117 989 decebat

282 1010 349 1070 Non
365 1010 445 1070 tacta
459 1016 507 1070 cst
521 1007 654 1070 lacrimis
668 1010 785 1085 turpior
798 1010 850 1070 illa
863 1011 940 1072 suis.

177 1103 228 1159 555
249 1095 375 1170 lamque
388 1094 497 1153 iterum
510 1093 643 1154 tundens
658 1093 836 1155 mollissima
854 1101 979 1170 pectora
994 1094 1107 1168 palmis

286 1176 438 1237 ‘Perfidus
454 1177 503 1237 ille
518 1177 601 1238 abiit.
626 1177 701 1252 quid
717 1176 791 1238 mihi
805 1178 888 1239 fiett’
911 1179 961 1240 ait

241 1262 333 1337 ‘Quid
348 1261 420 1320 mihi
435 1261 519 1321 fiett’
540 1259 591 1321 ait.
614 1269 785 1324 sonuerunt
799 1261 940 1338 cymbala
953 1266 1018 1323 toto

282 1346 410 1419 Libone,
434 1351 464 1405 ct
477 1345 614 1406 adtonita
628 1352 776 1424 tympana
790 1346 880 1422 pulsa
894 1361 994 1406 manu.

242 1430 362 1491 Excidit
375 1429 426 1490 1110
439 1436 536 1504 metu,
557 1429 700 1505 rupitque
714 1429 884 1491 novissima
897 1429 1002 1490 verba.

178 1525 230 1579 510
280 1514 386 1574 Nullus
403 1514 433 1573 in
448 1511 581 1574 exanimi
596 1528 727 1588 corpore
741 1513 867 1589 sanguis
883 1519 956 1573 erat

240 1599 321 1659 Ecce
335 1597 560 1658 Mimallonides
575 1598 694 1673 sparsis
710 1597 741 1658 in
757 1605 841 1673 terga
855 1596 989 1673 capillis=

283 1682 364 1742 Ecce
381 1684 466 1743 leves
481 1682 591 1758 satyri,
613 1682 739 1757 praevia
752 1680 840 1742 turba
855 1680 920 1742 dei:

243 1765 367 1841 Ebrius,
390 1781 477 1839 ecce,
502 1781 598 1826 senex
612 1765 716 1842 pando
731 1765 853 1828 Silenus
869 1766 964 1825 asello

283 1851 345 1911 Vix
360 1851 462 1923 sedet,
485 1856 515 1911 et
528 1865 655 1925 pressas
673 1851 807 1910 continet
821 1854 891 1909 ante
904 1847 1003 1910 iubas.

177 1945 229 1999 515
241 1936 317 1996 Dum
333 1935 472 2010 sequitur
485 1933 636 2007 bacchas,
660 1934 795 1994 bacchae
809 1933 986 2008 lugiuntqnc
1001 1939 1180 2008 petuntque

284 2018 519 2095 Quadrupedem
535 2018 632 2078 serula
648 2018 721 2078 dum
735 2019 834 2079 malus
849 2022 958 2093 urguet
971 2030 1081 2091 eques,

221 2160 224 2163 .
242 2103 273 2163 ln
289 2111 381 2179 caput
394 2101 492 2164 aurito
511 2101 622 2163 cecidit
636 2103 783 2178 delapsus
799 2101 910 2162 aselto=

284 2186 457 2249 clamarunt
471 2187 569 2266 satyri
585 2188 691 2261 ‘surgo
705 2202 778 2262 age,
796 2201 904 2262 surge,
923 2187 1032 2261 pater?

243 2272 305 2331 lam
319 2274 398 2333 deuo
411 2270 442 2332 in
458 2287 562 2345 curru,
587 2286 678 2346 quem
692 2287 842 2331 summum
855 2275 974 2332 texerat
988 2268 1068 2341 uvis,

175 2365 229 2420 500
279 2355 418 2432 Tigribus
434 2355 584 2416 adiunctis
599 2370 694 2416 aurea
710 2356 777 2415 lora
790 2352 892 2415 dabat

240 2439 278 2501 Et
292 2441 378 2502 color
392 2445 422 2501 et
433 2440 572 2501 Theseus
586 2445 616 2500 01
629 2455 694 2501 vox
710 2438 813 2500 abiere
828 2437 963 2514 puellae:

282 2526 401 2599 Terque
417 2524 519 2599 lugam
535 2523 635 2600 petiit,
657 2530 765 2598 terque
778 2528 896 2583 retenta
909 2526 992 2582 metu
1005 2526 1063 2581 est

240 2608 378 2683 Horruit,
398 2616 431 2670 ut
445 2606 556 2670 sterilis
582 2608 676 2684 agitat
690 2623 767 2682 quas
780 2613 890 2667 ventus
905 2604 1026 2679 aristas,

247 2709 252 2722 ·
283 2693 324 2755 Ut
337 2692 414 2754 levis
429 2693 459 2753 10
474 2692 598 2752 madida
613 2707 711 2752 canna
726 2691 839 2767 palude
855 2688 963 2750 tremit.

180 2791 229 2842 555
240 2778 294 2840 Cui
310 2777 388 2839 deus
402 2781 469 2851 ‘en,
488 2776 599 2837 adsum
613 2775 667 2837 tibi
682 2792 755 2836 cura
772 2774 903 2836 fidelior’
918 2771 1031 2851 inquit=
1060 2830 1064 2836 .

285 2862 380 2922 ‘Pone
394 2869 521 2922 metum=
542 2860 672 2932 Bacchi,
692 2859 839 2931 Gnosias,
860 2874 941 2920 uxor
956 2856 1025 2918 eris.

242 2947 353 3009 Munus
368 2945 450 3008 habe
465 2945 592 3006 caelum.
613 2946 701 3006 caelo
715 2941 896 3021 spectabere
910 2941 1006 3003 sidus.

285 3030 386 3106 Saepe
399 3036 486 3105 reget
500 3027 623 3091 dubiam
639 3029 749 3090 Cressa
763 3027 884 3088 corona
897 3027 1015 3087 ratem!

242 3115 338 3189 Dixit,
361 3124 392 3176 ct
406 3130 424 3175 e
438 3130 544 3189 curru,
566 3129 606 3173 ne
620 3113 714 3188 tigres
728 3112 779 3172 illa
793 3112 918 3185 timeret,

180 3208 231 3262 560
282 3197 399 3259 Desilit
419 3199 553 3274 inposito
569 3198 664 3258 cessit
678 3198 792 3257 harena
807 3195 893 3273 pedi:

243 3283 484 3360 Implicitamque
498 3282 597 3343 sinu...
613 3297 714 3357 neque
729 3279 808 3341 enim
824 3294 961 3354 pugnare
975 3278 1129 3341 valebat..

285 3368 426 3428 Abstulit.
449 3367 479 3425 in
497 3366 577 3427 lucili
592 3373 640 3426 est
654 3365 754 3425 omnia
772 3379 866 3439 posse
881 3364 952 3424 deo,

244 3452 317 3512 Pars
329 3452 530 3529 ‘Hymenaee’
543 3457 663 3524 canunt,
677 3464 747 3524 pars
758 3446 1022 3519 clamantlluhion,
1037 3447 1166 3509 ‘euhoet

287 3533 338 3595 Sic
353 3541 464 3595 cocunt
479 3549 567 3594 sacro
583 3541 677 3607 nupta
693 3533 830 3607 densque
846 3539 923 3592 toro.
