2467 4042
210 221 282 287 324,
616 219 808 272 rauronuu

342 384 388 446 lle
412 385 506 463 iugit.
548 402 585 443 ex
606 382 705 463 aliquo
728 390 774 445 est
795 381 974 447 invenienda
999 381 1084 443 deo.

298 473 397 536 Pliade
421 481 511 551 nate,
533 488 643 551 moue,
667 472 747 553 virga
770 469 936 531 venerande
960 470 1110 549 potenti!

344 562 437 640 Saepe
461 559 515 620 tibi
539 559 632 638 Stygii
655 560 735 639 regia
758 561 820 620 visa
842 556 935 618 lovls.

299 649 386 710 Venit
408 648 546 708 adoratus
569 646 745 708 Caducifer.
787 648 887 726 accipe
910 663 1036 706 causam

234 749 286 799 450
344 736 499 798 Nominis:
531 755 567 796 ex
589 739 655 814 ipso
678 743 724 799 est
745 736 862 814 cognita
885 752 973 794 causa
999 734 1081 796 deo.

300 824 443 886 Romulus
465 833 499 885 ut
521 824 635 899 tumulo
658 825 803 885 fraternas
826 822 958 884 condidit
980 823 1134 903 umbras,

344 912 383 975 Et
405 913 479 973 male
502 912 595 973 veloci
617 915 696 973 iusta
718 912 814 973 soluta
836 911 946 991 Remo,

302 1000 461 1062 Faustulus
484 1000 585 1061 infelix
608 1008 639 1061 et
662 1003 756 1079 passis
778 1000 854 1080 Acca
869 998 991 1079 capillis

344 1088 528 1173 spargebant
549 1087 678 1149 lacrimis
700 1107 770 1151 ossa
789 1095 909 1167 perusta
933 1088 1018 1156 suis.

234 1190 286 1239 455
300 1177 372 1239 lnde
396 1177 514 1238 domum
538 1177 665 1238 redeunt
688 1176 743 1237 sub
766 1179 860 1256 prima
883 1175 1074 1254 crepuscula·
1093 1178 1197 1239 maesti.

345 1265 443 1344 thue
466 1272 550 1345 erat,
572 1267 604 1324 in
626 1265 703 1325 duro
726 1264 913 1344 procubuere
935 1274 1025 1329 toro.

300 1353 410 1414 Umbra
433 1360 556 1413 cruenta
578 1352 665 1413 Remi
686 1355 748 1414 visa
770 1361 820 1413 est
838 1355 977 1413 assistere
1000 1352 1108 1435 lecto,

344 1442 441 1519 Atque
462 1441 536 1501 haec
559 1444 666 1519 exiguo
689 1459 842 1503 murmure
857 1440 954 1501 'rerba
974 1439 1086 1520 loqui:

301 1525 362 1590 ‘En
385 1547 439 1607 ego
463 1528 616 1591 dimidium
639 1532 730 1590 vestri
752 1547 883 1609 parsque
903 1529 996 1588 ultera
1022 1533 1110 1611 votia,
1167 1541 1198 1593 (1¹¹

235 1631 286 1680 460
345 1617 464 1679 (iernite
476 1626 489 1697 ,ἰ
509 1619 565 1683 sim
588 1617 706 1699 qualis,
730 1621 781 1696 qui
804 1617 890 1677 modo
913 1615 1012 1696 qualis
1036 1618 1144 1681 eremi

302 1705 491 1784 Qui-modo,
513 1708 540 1766 si
563 1706 698 1767 volucres
713 1705 890 1766 ¹habuissem
913 1716 1007 1783 regno
1032 1706 1183 1783 iubentes,

344 1794 378 1854 ln
401 1793 510 1873 populo
533 1797 616 1873 potui
640 1797 784 1855 maximus
807 1812 875 1854 esse
897 1811 980 1872 meo,

300 1882 385 1944 Nunc
409 1881 507 1962 elapsa
528 1884 594 1960 rogi
616 1882 740 1945 [lammis
764 1890 794 1942 et
816 1884 911 1942 inanis
932 1883 1053 1962 imago,

345 1970 425 2033 Haec
448 1979 494 2031 est
516 1989 553 2031 ex
575 1970 625 2031 illo
648 1972 742 2031 forma
765 1970 867 2031 relicta
887 1967 1002 2029 'Remol

235 2072 287 2121 tuo
300 2059 367 2121 lleu
390 2056 442 2119 ubi
464 2057 542 2119 llars
564 2068 652 2137 pater
673 2066 719 2118 est
731 2055 755 2119 i
780 2060 806 2118 si
828 2076 880 2119 ros
903 2056 992 2118 modo
1020 2077 1100 2121 vem
1122 2060 1205 2122 locuti.

344 2147 501 2226 liberaque
524 2149 667 2225 expositis
688 2146 737 2209 ille
761 2146 854 2207 ierina
876 2145 973 2206 dedit.

303 2236 397 2308 Quem
420 2234 488 2313 lupa
512 2237 659 2315 servavit,
682 2252 787 2295 manus
809 2234 889 2295 hunc
912 2237 1079 2297 temeraria
1105 2240 1172 2299 ciris

346 2322 479 2384 Perdidit
493 2332 517 2383 .’
541 2341 558 2383 o
582 2333 693 2401 quanto
717 2325 816 2383 mitior
833 2322 887 2382 illa
909 2319 982 2382 luit!
1058 2370 1062 2383 .

302 2411 395 2473 Saeve
417 2411 525 2492 Celer,
547 2410 698 2472 crudelem
722 2413 848 2472 animem
876 2408 1206 2489 pervolneraseddu.

237 2513 288 2562 4⁷0
348 2500 443 2578 thue
465 2518 543 2579 ego,
567 2498 623 2561 sub
646 2508 742 2560 terras
761 2498 1012 2576 sanguinulentus
1038 2502 1113 2564 eas!

302 2587 402 2649 Noluit
424 2587 480 2647 boc
504 2588 596 2648 irater
609 2633 618 2667 ,
641 2590 735 2666 pietas
759 2587 889 2666 aequalis
911 2589 941 2646 ln
964 2584 1017 2647 illo
1043 2598 1113 2652 est.

347 2675 432 2747 Quod
455 2677 574 2755 potuit,
596 2676 732 2736 lacrimas
755 2675 890 2739 manibus
912 2674 961 2734 ille
983 2674 1091 2738 dedit.

303 2765 389 2825 Hune
412 2783 464 2825 vos
487 2781 540 2843 per
563 2764 719 2845 lacrimas,
733 2782 801 2842 'per
824 2771 920 2824 vestra
941 2762 1090 2825 wenta
1113 2776 1205 2847 rogate

317 2898 319 2907 .
348 2852 387 2913 Ut
409 2852 555 2913 celebrem
579 2862 683 2914 nostro
706 2855 803 2930 signet
825 2852 937 2913 bonore
961 2847 1080 2914 diem.'

238 2954 290 3003 475
304 2940 489 3002 blandantem
513 2940 651 3019 amplecti
673 2943 797 3019 cupiunt
820 2949 851 3001 et
872 2938 1011 3000 bracchia
1035 2943 1180 3006 torulum:

349 3028 475 3091 Lubrica
498 3037 673 3108 prensantes
696 3031 799 3108 elingit
820 3027 924 3093 umbra
947 3045 1076 3091 manus.

305 3118 345 3179 Ut
367 3135 468 3179 secum
491 3117 607 3196 lugiens
631 3136 750 3178 somnos
773 3116 894 3177 abduxit
915 3118 1033 3197 imago,

349 3206 392 3266 Ad
416 3224 517 3285 regem
540 3224 627 3266 voces
650 3206 750 3266 fratris
774 3213 898 3283 uterque
922 3205 1043 3281 lerunt.

306 3294 449 3355 Romulus
473 3295 670 3375 obsequitur,
693 3294 849 3372 lucemque
872 3292 1013 3355 Remuria
1038 3294 1118 3360 dicit

239 3395 292 3446 480
350 3382 453 3463 lllam,
477 3400 534 3462 qua
558 3384 663 3461 positis
684 3385 761 3443 insta
784 3383 923 3442 seruntur
944 3383 1026 3442 avis.

306 3471 418 3550 Aspera
440 3480 551 3532 mutata
574 3480 620 3531 est
641 3473 673 3541 in
694 3470 791 3531 lenem
815 3479 947 3547 tempore
971 3469 1065 3550 longo

351 3557 484 3639 Littera,
508 3577 583 3637 quae
605 3566 669 3619 toto
692 3561 810 3621 nomine
833 3561 928 3637 prima
949 3558 1027 3640 lnit3
