2467 4042
420 232 467 285 lv.
486 234 634 285 tta-ene.

153 392 308 476 Paenitet,
332 403 362 456 et
384 394 455 456 iacti
478 393 540 455 sola
562 394 676 474 pudore
699 394 788 457 latet:

112 481 179 545 Sive
202 483 280 562 quod
304 481 422 545 Electra
445 482 550 544 Troiae
574 490 709 562 spectare
732 485 834 544 ruinas

153 569 331 652 Nonnulli,
354 579 423 633 ante
440 570 548 633 ‘oculus
571 574 769 652 opposuitque
793 586 929 633 manum.

216 708 246 772 3.
269 705 330 772 EO
375 709 405 773 4.
427 705 837 773 rervm-nirenta

111 833 170 896 Ter
193 835 257 895 sine
279 843 425 914 perpetuo
449 834 564 897 caelum
585 846 723 897 versetur
745 838 776 896 in
799 853 870 913 exe,

45 935 97 985 180
155 921 214 982 Ter
236 924 339 1000 iungat
361 922 447 984 Titan
471 932 577 1003 terque
600 923 728 984 resolvat
750 934 861 1002 equos,

109 1010 380 1072 Protinus-inflexo
402 1010 578 1091 Berecyntia
600 1011 673 1072 tibia
696 1029 790 1072 cornu

94 1101 96 1105 ’
153 1097 249 1160 Flebit
260 1145 270 1182 ,
293 1106 324 1160 et
346 1097 449 1160 Idaeae
472 1101 547 1160 festa
569 1101 703 1179 parentis
727 1107 833 1161 erunt.

9 1174 11 1229 l
110 1186 199 1249 lbunt
221 1188 392 1249 semimares
416 1196 447 1250 et
468 1190 566 1249 inania
589 1196 727 1267 tympana
750 1188 896 1265 tundent,

154 1275 289 1353 Aeraque
312 1278 438 1337 tinnitum
461 1293 531 1337 aere
553 1276 673 1356 repulsa
695 1275 825 1338 dabunt.

9 1370 10 1379 ’
41 1373 97 1425 185
111 1360 178 1442 lpsa
200 1362 307 1423 sedens
330 1362 412 1423 molli
434 1365 575 1424 comitum
599 1367 714 1424 cervice
737 1365 852 1425 seretur

155 1448 243 1510 Urbis
265 1467 320 1528 per
341 1450 453 1511 medias
477 1449 625 1511 exululata
649 1453 729 1511 rias.

9 1546 11 1585 t
113 1535 224 1598 Scaena
246 1544 332 1598 senat
344 1583 354 1619 ,
376 1536 498 1617 ludique
520 1548 648 1599 vocant.
689 1545 821 1617 spectate
833 1585 843 1618 ,
867 1538 1015 1618 Quirites,

155 1623 195 1686 Et
216 1625 280 1686 lora
302 1623 395 1686 llarte
417 1643 473 1687 suc
496 1625 623 1704 litigiosa
644 1633 766 1687 vacent,

113 1714 263 1785 Quaerere
286 1713 378 1775 multa
399 1713 495 1794 libet,
518 1714 570 1776 sed
593 1732 642 1774 me
665 1731 757 1775 sonus
779 1716 858 1776 aeris
881 1716 960 1775 acuti

43 1814 98 1865 190
156 1800 263 1862 Terret
285 1809 316 1862 et
336 1801 487 1863 horrendo
509 1802 586 1864 lotos
609 1802 724 1864 adunca
747 1820 837 1863 sono.

9 1912 10 1939 1
114 1886 171 1951 ‘lla
183 1935 192 1969 ,
215 1889 292 1970 dea,
315 1907 405 1969 quern
427 1885 553 1952 suites?
594 1891 697 1952 doctas
717 1884 855 1971 Cybeleia
878 1897 982 1970 neptes

157 1976 236 2039 Vidit
248 2024 258 2060 ,
280 1987 311 2039 et
333 1978 386 2039 has
409 1996 498 2040 curae
521 1979 609 2041 iussit
631 1980 735 2041 adesse
759 1996 858 2041 meae.

9 2062 10 2065 ’
113 2061 274 2148 ‘Pandite‚
296 2066 426 2128 mandati
449 2083 617 2146 memores,
640 2065 791 2129 Heliconis
813 2066 970 2147 alumnae,

157 2153 289 2217 Gaudeat
310 2154 429 2216 assidam
453 2172 507 2217 cur
530 2155 585 2216 dea
607 2155 713 2234 Magna
735 2150 843 2216 senc?

44 2254 99 2307 tut
114 2241 164 2305 Sic
187 2260 263 2322 ege.
304 2245 348 2305 sic
370 2242 483 2305 Erato:
506 2277 540 2287 -
564 2247 675 2304 mensis
697 2242 873 2323 Cythereius
894 2241 939 2303 illi

159 2329 277 2411 Cessit,
299 2330 379 2410 quod
403 2333 499 2394 teneri
521 2348 631 2393 nomen
653 2334 761 2393 amoris
783 2330 874 2392 habet
894 2364 932 2374 -

114 2413 256 2481 ‘Reddita
280 2418 409 2480 Setarnc
430 2437 498 2481 sors
520 2417 594 2480 baec
616 2430 702 2501 erat,
725 2414 860 2500 “optime
882 2435 1005 2498 regum,

158 2508 182 2567 Α
204 2515 275 2568 nate
298 2508 424 2588 sceptris
447 2510 598 2569 excutiere
622 2503 729 2568 tuis.’'

113 2593 166 2656 Ille
190 2613 295 2677 suam,
318 2604 476 2677 metuens,
500 2603 534 2657 ut
550 2613 686 2676 quaeque
709 2603 775 2657 erat
796 2595 875 2657 edita
887 2642 896 2678 ,
919 2594 1033 2675 prolem

44 2697 101 2749 eeu
159 2682 286 2745 Devorat
297 2728 308 2765 ,
329 2685 499 2745 immersam
521 2683 745 2763 visceribusque
768 2690 868 2745 tenet.

10 2790 12 2825 z
119 2771 212 2854 Saepe
235 2772 317 2834 Rhea
340 2782 444 2852 questa
467 2780 535 2855 est,
558 2775 668 2834 totiens
687 2772 817 2833 reconna
839 2789 896 2834 nec

663 2878 803 2940 umquam

157 2949 274 3030 linter,
296 2958 328 3011 et
349 2948 477 3012 indoluit
498 2948 650 3010 fertilitate
673 2968 744 3011 sua.

115 3036 248 3118 luppiter
271 3046 355 3099 ortus
373 3045 464 3100 erate
487 3070 520 3081 -
543 3056 599 3117 pro
621 3054 728 3117 magna
749 3044 827 3098 teste
851 3041 981 3097 vetustas

161 3125 321 3207 Creditur3
345 3134 495 3206 acceptam
516 3144 607 3205 parce
631 3142 750 3187 movere
772 3125 861 3185 iidem
884 3154 917 3166 -

46 3225 103 3280 206
117 3211 204 3275 Veste
227 3213 322 3275 latens
344 3231 448 3275 sarum
470 3215 591 3276 caelesti
613 3221 734 3293 gutture
757 3212 852 3273 sedit.

11 3324 13 3361 t
162 3302 211 3364 Sic
233 3303 351 3380 genitor
373 3302 441 3364 latis
464 3302 656 3383 decipiendus
679 3308 759 3362 erat.

116 3390 216 3453 Ardua
238 3389 410 3452 iamdudum
433 3400 553 3453 resonat
575 3389 734 3453 tinnitibus
756 3388 826 3470 lde,

161 3477 257 3541 'lutus
279 3488 314 3541 ut
336 3479 442 3541 infanti
464 3482 560 3560 vagiat
582 3496 634 3539 cre
656 3495 749 3559 puer.

115 3565 188 3630 Pars
211 3567 322 3648 clipeos
345 3567 504 3649 manibus,
526 3566 625 3650 galeas
647 3584 716 3647 pars
739 3565 837 3628 tundit
858 3566 978 3625 inanes:

81 3677 162 3722 ovm.
188 3678 233 3723 111.
845 3671 878 3721 le
