2467 4042
123 226 208 287 xvi.
226 225 347 302 {xvii}
368 224 452 283 HEL.
483 223 578 282 XVII.
597 222 730 300 [xviri]
749 221 930 282 LEANDRl.
977 222 1032 284 141

478 422 570 486 xvu.

91 508 193 608 Mein
205 545 380 622 moiun,
402 560 492 619 quam
506 542 607 604 munt
618 542 708 616 serre
720 545 853 614 sunem,

136 631 175 691 Si
186 631 280 699 cadat
292 629 377 690 nuda
391 631 498 702 maris,
515 630 600 693 Sesto
607 630 726 704 puella,
747 627 807 687 tibi.

93 714 128 776 Si
146 712 222 775 mihi
237 711 268 774 di
284 711 392 772 faciles
409 717 440 771 et
457 708 575 773 suntin
590 726 696 771 amore
710 709 847 783 secundi,

136 798 245 858 Invitis
260 795 358 857 oculis
375 795 453 856 hnec
465 811 535 856 mea
547 794 643 856 verbu
657 796 753 870 leges.

64 881 160 946 §Sed
174 898 238 945 non
255 887 329 942 sunt
342 879 459 942 faciles.
482 895 552 939 nem
568 894 624 940 eur
639 893 708 939 men
724 885 796 939 vota
813 886 975 952 morantur,
1086 926 1091 937 .

138 969 270 1027 Currere
285 980 334 1025 me
349 971 423 1025 note
436 978 494 1024 nec
508 960 665 1038 patiuntur
678 969 781 1036 equor

95 1053 170 1127 lpse
186 1049 275 1110 vides
291 1049 412 1110 caelum
426 1047 495 1123 pice
512 1046 644 1123 nigrius,
667 1055 697 1108 et
712 1047 790 1106 treta
805 1045 903 1106 ventis

136 1133 273 1194 Turbida
288 1148 407 1208 perque
422 1147 516 1194 cavas
534 1131 586 1190 vix
599 1131 744 1191 adeunda
757 1137 848 1191 rates.

96 1221 200 1293 Unus,
223 1225 255 1278 et
269 1216 321 1276 bic
336 1216 455 1291 audax,
473 1232 493 1276 a
508 1231 572 1291 quo
586 1215 639 1276 tibi
654 1216 753 1276 littere
768 1222 874 1275 nostrn

52 1314 88 1366 to
140 1302 308 1375 Redditur,
333 1316 350 1360 e
364 1306 457 1376 portu
472 1300 575 1361 navita
589 1298 685 1361 movit
698 1299 764 1359 iter.

96 1393 295 1447 Ascensurus
311 1400 410 1458 erem,
432 1383 492 1445 nisi
509 1385 677 1458 quodcum
693 1383 814 1443 vincula
828 1398 937 1457 prorae

139 1469 300 1542 Solveret,
323 1469 354 1529 in
370 1469 506 1543 speculis
520 1467 622 1530 omnis
637 1466 770 1546 Abydos
789 1473 863 1525 erat.

99 1556 164 1615 Nou
178 1561 318 1630 poteram
333 1552 435 1612 celere
449 1568 552 1628 meos,
573 1554 657 1612 velut
670 1558 755 1623 aute,
777 1557 920 1625 parentes

139 1638 300 1713 Quemque
317 1637 377 1711 tegi
394 1637 552 1711 volumus,
573 1650 636 1696 non
649 1635 791 1696 latuisset
804 1634 899 1695 ainor.

56 1735 89 1786 15
100 1722 243 1784 Protinus
258 1720 337 1781 baec
350 1718 491 1781 scribens
510 1720 610 1796 ‘lelix,
634 1719 660 1794 i,
679 1719 789 1781 littere’
805 1717 883 1778 dixi=

138 1808 216 1866 ‘lem
230 1805 284 1878 tibi
299 1805 489 1865 iormonsam
503 1805 639 1880 porriget
654 1803 707 1864 ille
720 1819 852 1864 manum.

96 1890 239 1953 Forsitan
253 1890 386 1951 admotis
401 1889 491 1950 etiam
507 1895 634 1964 tangere
648 1887 777 1961 labellis,

138 1976 295 2049 Rumpere
312 1973 386 2034 dum
402 1973 492 2034 niveo
508 1973 632 2034 vincula
646 1973 737 2033 dente
753 1973 857 2033 volet!

97 2058 222 2119 Talibus
236 2058 349 2133 exigno
366 2057 456 2119 dictis
470 2056 543 2116 mibi
557 2071 711 2116 murmure
728 2054 839 2130 verbis,

57 2153 92 2204 ιο
143 2142 271 2202 Caetera
286 2157 355 2203 cum
374 2141 479 2201 charta
495 2142 602 2201 dextra
617 2141 721 2202 locuta
735 2156 804 2199 mea
819 2147 875 2200 est.

100 2231 137 2286 „lt
156 2231 269 2301 quanto
286 2226 423 2298 mallem,
445 2241 537 2300 quam
551 2223 715 2295 scriberet,
736 2225 788 2284 illo
802 2231 926 2295 nataret,

138 2309 252 2385 Meque
268 2325 325 2384 per
342 2309 488 2369 adsuetus
503 2309 613 2370 sedula
629 2309 722 2368 ferret
736 2324 843 2383 equas.

98 2395 203 2470 Aptior
216 2396 270 2454 illa
283 2395 403 2469 quidem
411 2395 538 2470 placido
552 2394 630 2454 dore
643 2394 768 2455 nerbem
782 2400 888 2469 ponto:

138 2478 194 2539 Est
207 2484 306 2540 tomen
319 2484 350 2539 et
360 2495 464 2539 renunc
477 2483 551 2555 apta
563 2480 701 2539 ministra
716 2480 782 2539 mci.

57 2574 90 2625 25
101 2561 239 2637 Septima
253 2579 316 2623 nox
330 2561 443 2637 agitur,
467 2561 599 2637 spatium
614 2559 686 2620 milri
705 2561 826 2636 longius
841 2578 931 2634 nnnc,

138 2643 310 2707 Sollicitum
324 2644 427 2707 raucis
441 2653 476 2707 ut
490 2661 574 2706 mare
588 2647 688 2706 lervel
703 2646 802 2721 aquis.

98 2731 152 2789 llis
167 2745 227 2806 ego
245 2729 274 2791 si
291 2728 354 2790 vidi
368 2731 549 2791 mulcentem
562 2735 690 2804 pectora
705 2746 848 2792 somnum

138 2812 304 2888 Noctibus,
324 2813 425 2874 insoni
440 2814 480 2875 sit
494 2829 582 2874 more
595 2816 689 2889 longa
704 2814 780 2875 freti.

98 2900 186 2974 Rupe
200 2897 316 2958 sedens
331 2898 436 2973 aliqua
451 2904 560 2973 specto
575 2906 628 2958 tua
641 2898 731 2958 litora
745 2896 850 2971 tristis,

57 2990 90 3044 tt
140 2981 178 3041 Et
193 2997 257 3057 quo
274 2998 336 3043 non
350 2998 480 3057 possum
494 2997 641 3057 corpore,
665 2989 765 3042 mente
783 2983 874 3042 leror.

95 3066 224 3127 Lumina
240 3066 313 3142 quin
329 3069 419 3127 etium
435 3082 554 3129 summa
568 3065 726 3141 vigilantio
739 3073 821 3127 turre

136 3150 199 3210 Aut
216 3150 315 3225 videt,
338 3157 390 3211 ont
403 3150 488 3211 acies
505 3157 611 3212 nostra
628 3150 732 3212 videre
749 3157 843 3226 putet.

93 3234 152 3293 Ter
165 3233 239 3293 milri
255 3234 399 3310 deposita
416 3234 507 3295 estin
524 3234 608 3295 sicca
621 3235 717 3295 vestis
726 3234 863 3301 ¹herenas

134 3317 195 3377 Ter
207 3334 303 3393 grave
320 3319 464 3393 temptavi
478 3334 606 3394 carpere
621 3319 722 3381 nudus
737 3323 809 3379 iter:

55 3409 85 3463 ss
97 3400 217 3464 Obstitit
230 3400 527 3477 inceptistumidum
542 3402 734 3463 iuvenalibus
751 3419 877 3478 aequor,

135 3486 243 3546 Mersit
258 3492 287 3546 et
300 3486 433 3548 inversis
449 3503 504 3548 ora
519 3486 651 3548 natantis
666 3488 764 3564 aquis.
