2467 4042
455 236 476 287 L
496 239 676 287 116-112.

153 398 185 458 Si
207 416 264 459 vox
286 397 452 478 infragilis,
475 405 581 476 pectus
603 398 677 459 1111111
699 398 815 460 firmius
838 415 923 479 aere,

151 486 300 565 Pluraque
323 503 392 547 cum
414 485 523 563 linguis
545 485 681 564 pluribus
705 503 757 546 ora
779 487 895 567 iurent,

103 585 137 635 oo
151 573 218 636 Non
241 582 339 636 umen
361 573 475 636 idcirco
498 572 713 653 complecterer
736 575 834 635 omnia
857 574 973 650 verbis,

151 662 274 724 Materia
296 665 376 724 vires
399 669 596 740 exsuperante
620 679 718 722 meas.

152 751 211 811 Pro
234 750 310 811 duee
333 750 447 811 Neritio
470 748 551 810 docti
572 749 649 810 mala
670 758 773 811 nostra
793 756 900 829 poetae

154 838 304 900 Scribite:
326 837 440 900 Neritio
463 855 532 898 uam
554 837 631 898 mala
652 836 739 916 plura
761 837 833 899 tuli.

151 926 202 989 llle
226 927 310 988 brevi
331 929 428 1006 spatio
450 925 552 987 multis
576 928 687 987 erravit
708 928 739 988 iu
763 927 848 988 aunis

102 1030 137 1079 oo
150 1014 233 1076 Inter
255 1013 406 1076 Dulichias
428 1013 590 1093 lliacasque
613 1014 736 1076 domos:

151 1102 212 1166 Nos
235 1104 312 1164 lreta
334 1102 484 1165 sideribus
507 1104 578 1165 totis
600 1101 740 1164 distantia
761 1120 882 1165 mensos

150 1190 174 1272 †
197 1191 309 1253 Detulit
331 1194 362 1254 iu
386 1191 504 1253 Geticos
528 1189 767 1270 Sarmaticosque
791 1193 893 1253 sinus.

150 1281 203 1342 llle
225 1278 330 1341 habuit
351 1280 498 1359 fidamque
520 1297 642 1340 manum
665 1281 822 1359 sociosque
845 1279 967 1343 fidelesc

151 1368 198 1429 Me
221 1368 382 1446 prologum
404 1370 528 1429 comites
551 1367 712 1429 deseruere
735 1369 812 1430 mei.
859 1371 863 1378 ’

105 1469 139 1519 oo
153 1455 205 1517 llle
224 1472 309 1516 suam
330 1455 426 1517 laetus
448 1457 573 1534 patriam
596 1457 752 1535 victorque
775 1456 913 1535 petebat:

152 1545 177 1606 Α
200 1544 295 1624 patria
316 1543 380 1621 lugi
402 1545 498 1604 victus
522 1552 552 1605 et
574 1543 644 1605 exul
667 1562 741 1622 ego.

151 1632 213 1694 Nec
236 1630 309 1693 milui
331 1629 499 1693 Dulichium
521 1631 627 1693 domus
651 1641 697 1693 est
718 1630 853 1695 Ithaceve
878 1634 1036 1714 Samosve,

152 1723 250 1783 Poena
273 1719 382 1799 quibus
404 1737 465 1781 uon
488 1727 535 1780 est
556 1719 676 1798 grandis
689 1720 803 1790 abesse
825 1721 917 1800 locis,

153 1810 211 1871 Sed
235 1826 311 1888 quae
334 1808 371 1870 de
394 1816 508 1888 septem
531 1816 627 1869 totum
650 1809 853 1888 circumspicit
875 1810 978 1872 orbem

105 1898 325 1979 tollentibus,
347 1898 466 1976 imperii
488 1895 581 1957 Roma
604 1896 753 1975 deumque
776 1897 878 1959 loeus.

151 1986 197 2048 llli
219 2004 328 2065 corpus
351 1993 416 2047 erat
438 1984 547 2046 durum
569 1985 745 2064 patiensque
768 1984 920 2048 laborum:

153 2074 298 2136 lnvalidae
320 2075 400 2135 vires
421 2075 628 2153 ingenuaeque
650 2073 740 2135 milri.

151 2163 202 2224 ssle
225 2172 290 2226 erat
311 2163 430 2224 assidue
453 2164 548 2224 saeris
570 2164 698 2241 agitatus
720 2163 752 2223 in
775 2163 884 2224 11111111

151 2252 303 2314 Adsuetus
323 2251 429 2314 studiis
452 2250 591 2312 mollibus
612 2253 678 2330 ipse
702 2250 762 2312 lui.

105 2352 138 2401 ts
152 2337 198 2400 lle
222 2339 297 2400 deus
319 2341 489 2420 oppressit,
512 2338 593 2401 nullo
616 2339 692 2401 mala
714 2346 816 2401 nostra
838 2337 971 2401 levante:

152 2425 292 2489 Bellatrin
314 2426 357 2487 ilii
379 2426 445 2487 dira
467 2426 582 2490 serebat
603 2446 710 2508 opem.
1122 2503 1124 2508 Ι

152 2514 286 2594 Cumque
305 2517 403 2575 minor
421 2513 488 2574 love
507 2517 563 2595 sit,
581 2516 703 2578 tumidis
721 2518 774 2596 qui
794 2522 900 2595 regnat
916 2517 949 2577 iu
967 2512 1072 2593 undis,

152 2603 238 2666 Illum
260 2601 413 2682 Neptuni,
434 2619 484 2662 me
507 2600 583 2663 lovis
605 2606 651 2666 ira
672 2607 799 2684 premit.

151 2692 255 2772 Adde,
279 2690 358 2771 quod
381 2689 461 2752 illius
483 2706 552 2768 pars
574 2694 699 2753 maxima
722 2694 790 2755 ficta
813 2690 966 2773 1111111111,

103 2793 138 2843 80
152 2783 277 2843 Ponitur
299 2782 330 2841 iu
353 2780 466 2841 nostris
488 2776 587 2839 11111111
609 2778 690 2840 nulla
715 2780 816 2843 malis.

150 2870 284 2949 lienique
308 2869 457 2948 quaesitos
480 2868 578 2946 tetigit
600 2875 699 2928 tamen
726 2868 777 2929 ille
799 2877 939 2949 penates,

152 2957 294 3037 Quaeque
316 2957 367 3018 diu
390 2957 477 3034 petiit
489 3003 499 3037 ‚
522 2957 647 3034 contigit
669 2973 737 3016 arva
760 2963 878 3018 tamem
924 3035 930 3040 ι

151 3047 190 3106 lc
211 3045 285 3106 mihi
306 3052 452 3125 perpetuo
475 3045 569 3122 patria
592 3042 700 3104 tellure
723 3043 884 3105 carendum
907 3051 971 3124 est,

151 3134 189 3195 Ni
210 3134 303 3196 luerit
323 3132 397 3195 laesi
418 3130 535 3193 mollior
557 3134 603 3193 ira
626 3130 683 3192 dei.

533 3326 595 3400 VI.

149 3490 211 3553 Nec
234 3495 350 3552 tantum
373 3486 470 3550 Clario
493 3485 573 3567 Lyde
597 3451 704 3548 dilecta
726 3492 831 3566 poetae
837 3529 866 3562 ,y

148 3578 210 3640 Nec
233 3585 349 3640 tantum
372 3575 433 3639 Coo
456 3574 544 3637 Bittis
567 3584 662 3637 amata
686 3592 739 3637 suo
764 3583 825 3654 est,
