2467 4042
377 255 700 332 1‚a‚1e-t‚ca.

26 422 28 471 t
155 412 295 471 Versetur
312 409 415 485 digitis
434 413 544 470 anulus
561 427 663 486 usque
681 411 751 470 tuis,

26 500 28 549 ῑ
117 492 207 568 Tange
224 509 315 554 manu
331 510 486 569 mensam,
508 499 635 569 tangunt
652 511 713 569 qno
733 511 819 556 more
835 506 1014 575 precantes,

154 576 274 654 Optabis
290 577 398 638 merito
415 595 486 639 cum
503 579 584 638 mala
600 580 693 638 multa
707 578 784 639 viro.

26 652 28 715 ἶ
118 660 195 734 Quod
207 661 259 722 tibi
279 662 451 737 miscuerit,
475 663 596 738 sapias,
621 662 706 722 bibat
722 663 806 739 ipse,
828 663 946 726 iubeto:

26 720 28 763 ⁸
84 753 111 805 tc
151 745 191 807 Tu
206 762 335 823 puerum
350 747 459 806 leviter
473 762 586 822 posce,
609 748 694 830 quod
709 747 780 822 ipsa
795 749 890 808 votes.

117 829 189 902 Quae
200 835 233 890 tn
245 830 438 904 reddideris,
462 846 520 906 ego
536 831 652 906 primus
667 834 780 907 pocula
795 848 928 907 sumam,

150 914 185 972 itt
198 931 259 989 qua
273 920 306 975 tu
319 913 452 989 biberis,
474 916 533 974 hac
549 930 606 989 ego
623 922 709 990 parte
723 915 836 975 bibam.

26 1012 27 1043 l
118 996 144 1057 Si
157 997 205 1057 tibi
218 999 298 1059 iorte
313 999 413 1067 dabit,
431 1000 516 1074 quod
529 999 776 1075 praegustaverit
788 998 874 1075 ipse,

149 1082 236 1143 Reice
249 1082 364 1143 libatos
380 1083 461 1143 illius
477 1099 531 1145 ore
547 1083 645 1143 cibos.
983 1088 986 1167 j

84 1164 170 1226 taliae
182 1175 299 1243 premat
312 1165 458 1244 inpositis
473 1167 563 1227 sinito
579 1174 633 1227 tua
644 1168 724 1227 eolla
739 1169 875 1243 lacertis,

150 1251 214 1327 llite
227 1267 286 1312 nec
306 1252 336 1311 ln
351 1251 451 1327 rigido
468 1258 593 1328 pectore
608 1267 691 1328 pone
706 1260 813 1329 caput:

118 1333 170 1395 Nee
183 1337 267 1397 sinus
283 1337 421 1396 admittat
436 1336 549 1411 digitos
564 1336 724 1397 habilesve
739 1337 882 1412 papillae.

153 1418 258 1481 Oscula
274 1421 441 1497 praecipue
456 1423 539 1481 nulla
553 1420 681 1480 dedisse
694 1420 784 1480 velis.

26 1516 28 1591 J
118 1501 215 1564 Oscula
228 1505 257 1565 si
274 1505 414 1577 dederis,
438 1505 510 1564 fiam
524 1505 706 1565 manifestus
722 1513 854 1578 amator,

26 1608 27 1659 t
85 1591 112 1645 tc
152 1587 185 1647 lit
197 1590 296 1649 dicam
311 1593 394 1649 ‘mea
410 1593 503 1665 sunt’,
525 1589 710 1667 iniciamque
724 1605 857 1652 manum.

26 1670 28 1763 l
115 1668 185 1730 llaec
199 1678 300 1733 tamen
316 1674 474 1749 aspiciam.
505 1676 561 1735 sed
578 1691 658 1750 quae
671 1675 752 1736 bene
768 1675 863 1752 pallia
878 1679 990 1752 celant,

26 1818 28 1831 ‚
150 1755 198 1817 Illa
210 1757 284 1818 milri
300 1759 386 1818 caeci
401 1774 496 1818 causa
510 1759 628 1820 timoris
644 1766 741 1820 erunt.

26 1834 28 1877 l
116 1838 168 1899 llee
180 1841 285 1903 lemori
301 1843 455 1903 committe
469 1844 582 1919 lemur,
602 1860 661 1904 nec
677 1860 764 1904 crure
780 1844 926 1921 cohaere,

26 1992 28 2017 μ
150 1924 207 1985 llec
219 1934 359 1988 tenerum
374 1928 452 1988 duro
472 1944 541 1988 cum
555 1930 638 2004 pede
652 1929 743 2004 iunge
759 1930 880 2004 pedem.

26 2032 27 2047 π
86 2005 198 2069 bllulta
210 2010 304 2071 miser
318 2012 426 2084 timeo,
450 2012 522 2089 quia
535 2012 594 2072 leci
612 2014 707 2074 muba
721 2020 880 2090 proterve,
935 2030 936 2033 ¹

26 2100 28 2177 t
151 2091 347 2171 Exemplique
360 2102 443 2156 metu
457 2102 606 2173 torqueor
620 2113 694 2158 ecce
708 2098 779 2162 mei.

26 2182 28 2271 t
118 2174 205 2254 Saepe
218 2180 290 2239 mihi
306 2180 511 2255 dominaeque
526 2197 614 2242 meae
629 2190 795 2260 properata
809 2183 953 2258 voluptas

150 2261 238 2323 Veste
253 2262 311 2324 sub
327 2265 438 2324 iniecta
454 2265 544 2324 dulce
558 2269 679 2342 peregit
694 2283 784 2343 opus.

117 2343 172 2405 Hoc
182 2353 213 2408 tu
226 2363 288 2408 non
303 2349 408 2409 iacies.
438 2349 496 2409 sed
511 2366 550 2409 ne
564 2350 679 2411 iecisse
693 2351 825 2427 puteris,

87 2433 113 2487 tt
155 2429 278 2492 conscia
293 2434 332 2492 de
347 2440 434 2508 tergo
451 2434 545 2508 pallia
560 2436 649 2495 deme
663 2442 725 2497 tuo.

116 2510 162 2573 Vn
172 2513 253 2577 bibat
265 2533 368 2594 usque
382 2533 468 2592 roga.
495 2518 641 2594 precibus
656 2527 757 2580 tamen
774 2520 881 2580 oscula
896 2521 997 2583 desint

151 2598 281 2676 Dumque
295 2601 386 2674 bibit,
409 2601 525 2678 lurtim,
548 2604 575 2663 si
590 2610 697 2679 potes,
719 2606 799 2665 adde
813 2621 940 2667 merum.

118 2678 146 2739 Si
157 2682 229 2744 benc
243 2686 425 2762 conpositus
441 2702 550 2747 somno
565 2687 703 2765 vinoque
715 2688 841 2763 iacebit,

154 2765 310 2830 consilium
326 2769 417 2831 nobis
432 2786 547 2847 resque
560 2773 713 2848 locusque
729 2773 856 2835 dabunt.

87 2845 183 2909 mcum
197 2868 301 2930 surges
316 2855 436 2927 abitura
451 2856 591 2931 domurn,
615 2873 777 2933 surgemus
793 2866 822 2918 et
837 2872 962 2935 ornnes,

152 2933 182 2993 ln
194 2938 324 2999 medium
338 2938 447 2999 turbae
461 2939 510 3000 lac
522 2956 642 3002 mernor
656 2957 766 3017 agmen
783 2958 847 3004 eas.

117 3012 231 3090 Agmine
245 3038 293 3082 me
307 3024 464 3098 invenies,
483 3030 536 3084 aut
550 3026 715 3086 inveniens
731 3043 760 3087 tn
776 3028 844 3088 rllo=

152 3100 294 3180 Quidquid
307 3107 351 3168 ibi
365 3108 482 3183 poteris
497 3115 637 3185 tangere,
659 3117 752 3186 tange
767 3113 836 3172 mel.

117 3181 158 3242 lle
171 3186 321 3252 miserumt
340 3194 459 3268 monui,
476 3209 593 3270 paucas
609 3196 693 3271 quod
709 3196 808 3271 prosit
821 3197 852 3257 in
866 3198 973 3260 lrorasr

86 3268 112 3323 tc
155 3268 278 3347 Separor
292 3292 311 3336 a
325 3277 450 3338 domina
462 3285 554 3338 noete
570 3278 694 3357 iubente
709 3296 786 3340 mea.
864 3288 867 3293 ’

117 3349 199 3414 Nocte
211 3358 256 3418 vir
268 3361 412 3422 includet.
442 3361 575 3423 lacrimis
591 3379 649 3441 ego
665 3371 801 3426 maestus
818 3365 935 3426 obortis

152 3435 210 3512 Qua
222 3442 302 3516 licet,
326 3445 367 3504 ad
382 3462 495 3508 saevas
510 3464 684 3525 prosequar
697 3466 800 3525 usque
813 3450 921 3511 iores.¹

118 3515 213 3585 Oscula
225 3525 282 3588 iarn
296 3537 405 3591 sumet.
435 3532 494 3592 iarn
510 3549 571 3594 non
585 3539 702 3594 tantum
717 3536 823 3595 oscula
838 3541 951 3596 sumetz
1012 3575 1016 3582 -

26 1166 27 1199 t

26 1236 28 1295 l

26 1308 28 1341 t
