2467 4042
371 268 452 343 1,3‚
478 267 620 340 16-4‚
644 266 695 328 63.

162 425 292 484 Versetur
308 421 410 498 digitis
428 424 538 482 anulus
555 436 657 496 usqne
677 419 746 481 tuis.

127 507 211 583 Tange
226 523 312 567 manu
327 523 480 581 mensam,
503 511 708 580 tanguntque
728 520 813 565 more
829 513 1009 583 precantes,

162 591 273 667 Optabis
287 590 392 651 merito
410 606 480 651 cum
498 589 578 648 mala
594 590 687 648 multa
701 587 779 649 viro.

129 675 260 750 Quodtibi
276 675 446 749 miscuerit,
470 673 591 750 sapias,
616 672 700 732 bibat
717 673 802 749 ipse,
823 671 941 734 iubeto:

96 768 123 819 aa
160 759 196 820 ltr
210 774 331 835 puerum
346 759 454 819 leviter
468 773 581 835 posce,
605 758 689 841 quod
704 757 775 832 ipsa
790 757 885 816 voles.

129 843 195 917 Quae
205 847 235 903 tu
246 843 433 916 reddideris,
457 858 515 917 ego
531 841 647 918 primus
662 843 776 917 pocula
790 857 923 916 sumam,

160 927 192 985 Et
204 944 258 1003 qna
270 933 302 988 tu
314 926 448 1001 biberis,
468 925 528 985 hac
543 941 602 999 ego
618 933 705 1001 parte
718 923 832 985 bibam.

130 1010 155 1070 st
167 1010 210 1070 tibi
222 1012 294 1071 torte
309 1011 409 1079 dabit,
426 1011 511 1086 quod
525 1009 772 1085 praegustaverit
784 1007 870 1084 ipse,

161 1096 239 1156 Reice
251 1096 359 1156 libatos
375 1095 457 1156 illius
472 1109 527 1156 ore
542 1093 641 1154 cibos.
979 1096 982 1173 j

100 1177 180 1238 ttllec
191 1188 296 1256 premat
308 1178 454 1257 inpositis
468 1178 559 1239 sinito
575 1184 629 1238 tua
640 1178 720 1237 colla
735 1177 871 1251 lacertis,

162 1263 219 1326 lllte
231 1280 284 1324 nec
302 1265 332 1324 in
347 1263 448 1339 rigido
464 1270 589 1340 pectore
604 1277 687 1338 pone
702 1267 809 1338 caput=

133 1346 180 1407 llee
191 1349 266 1410 sinus
280 1349 418 1409 admittat
433 1347 545 1423 digitos
560 1345 721 1407 habilesve
735 1345 879 1421 papillae.

164 1431 257 1493 Oscula
271 1433 438 1510 praecipue
451 1434 536 1493 nulla
550 1431 677 1491 dedisse
691 1429 781 1490 velis.

132 1514 219 1577 Oscula
231 1517 256 1577 sl
271 1518 411 1589 dederis,
434 1517 506 1576 llam
521 1516 703 1575 manifestus
719 1521 851 1586 amator,

101 1603 126 1658 to
162 1599 191 1660 lit
203 1602 293 1662 dicam
308 1606 392 1661 ‘mea
408 1605 500 1676 sunt’,
523 1601 707 1677 iniciamque
722 1614 854 1661 manum.

128 1681 192 1743 Haec
204 1691 297 1747 tamen
313 1686 471 1763 aspiciam.
502 1687 558 1746 sed
575 1701 655 1761 quae
668 1684 749 1745 bene
766 1684 860 1761 pallia
874 1686 988 1759 celant,

159 1769 203 1830 llla
213 1770 281 1831 mihi
297 1771 384 1831 caeci
399 1786 493 1830 causa
507 1770 625 1831 timoris
641 1776 739 1830 erunt.

128 1850 174 1911 lieo
186 1854 282 1916 femori
298 1854 452 1916 committe
466 1855 580 1929 lemur,
599 1871 659 1914 nec
674 1869 762 1914 crure
777 1852 924 1929 cohaere,

158 1937 210 1998 liae
221 1947 357 2001 tenerum
371 1939 449 2000 duro
470 1955 540 2000 cum
553 1940 635 2016 pede
650 1938 741 2014 iunge
757 1937 877 2014 pedem.

99 2018 202 2082 ttllulta
213 2024 302 2085 miser
316 2025 423 2097 timeo,
448 2024 520 2101 quia
533 2023 592 2083 leci
610 2024 705 2084 muna
719 2029 878 2099 proterve,

160 2103 344 2184 Exemplique
359 2114 442 2169 metu
455 2114 603 2184 torqueor
617 2123 692 2168 ecce
707 2107 777 2170 mei.

128 2186 208 2266 Saepe
220 2193 288 2252 mihi
304 2193 509 2269 dominaeque
524 2207 612 2253 meae
627 2198 794 2270 properata
807 2191 951 2267 voluptas

159 2275 239 2336 Veste
252 2275 309 2338 sub
326 2278 437 2337 iniecta
452 2277 543 2336 dulce
557 2278 677 2352 peregit
692 2293 783 2352 opus.

127 2355 214 2420 Hoetu
227 2377 286 2421 non
302 2362 407 2422 iacies.
437 2360 494 2420 sed
509 2376 549 2419 ne
563 2361 677 2422 iecisse
692 2359 824 2437 puteris,

98 2446 124 2500 tt
163 2441 331 2507 Consciade
345 2453 433 2520 tergo
448 2444 544 2521 pallia
558 2446 648 2505 deme
661 2453 724 2507 tuo.

126 2522 170 2585 Vn
179 2526 253 2590 bibat
265 2546 366 2607 usque
381 2545 467 2604 roga.
495 2530 640 2605 precibus
655 2537 755 2591 tamen
773 2528 880 2590 oscula
895 2528 996 2590 desint

160 2610 281 2689 Iiumque
294 2613 386 2687 bibit,
407 2612 524 2689 furtim,
547 2613 574 2674 si
590 2620 696 2690 potes,
718 2615 798 2675 adde
812 2629 939 2675 merum.

29 2760 31 2789 Ι
128 2690 155 2751 Si
165 2694 230 2757 benc
244 2699 424 2775 conpositus
440 2714 550 2759 somno
565 2698 703 2774 vinoque
714 2697 840 2771 iacebit,

162 2777 310 2844 consilium
325 2781 417 2843 nobis
432 2797 546 2857 resque
560 2783 713 2857 locusque
729 2782 855 2843 dabunt.

30 2940 32 2943 v
96 2857 187 2922 lacum
199 2881 301 2943 surges
316 2866 436 2928 abitura
451 2868 591 2941 domurn,
615 2882 776 2943 surgemus
792 2874 822 2928 et
836 2880 961 2942 omnes,

159 2946 185 3006 lu
196 2952 324 3013 medium
338 2950 447 3012 turbae
461 2952 510 3011 lac
522 2967 643 3011 memor
657 2966 766 3027 agmen
782 2967 846 3013 eas.

30 3026 32 3069 t
124 3026 231 3103 Aspim
245 3052 293 3095 me
307 3036 464 3110 invenies,
483 3042 536 3097 aut
549 3035 715 3096 invenieris
731 3035 761 3095 in
776 3035 843 3097 illo:

158 3113 294 3194 Qudquid
308 3120 351 3181 ibi
366 3121 482 3196 poteris
497 3127 638 3196 tangere,
660 3127 752 3196 tange
767 3121 836 3181 mei.

31 3238 32 3285 1
122 3194 162 3257 lie
173 3200 321 3265 miserum!
341 3206 460 3280 monui,
476 3220 593 3281 paucas
609 3205 695 3283 quod
710 3205 808 3281 prosit
821 3205 852 3265 in
866 3206 973 3268 horas,

31 3306 32 3355 4
91 3283 117 3338 ⁶⁰
158 3282 278 3363 Separor
292 3305 312 3350 a
326 3289 450 3351 domina
463 3296 554 3350 nocte
571 3290 695 3351 iubente
710 3304 787 3348 mea.
864 3296 867 3301 ’

31 3422 33 3463 1

121 3363 198 3430 Nocte
210 3373 256 3433 vir
268 3375 413 3435 includet.
442 3373 576 3434 lacrimis
592 3389 650 3451 ego
667 3380 802 3434 maestus
819 3373 935 3435 obortis

153 3451 208 3528 Qua
220 3457 303 3530 licet,
327 3458 368 3517 ad
383 3475 496 3520 saevas
512 3474 685 3536 prosequar
698 3474 801 3534 usqne
814 3458 908 3519 iores.

1016 270 1036 335 5

120 3531 210 3601 Oscula
224 3541 282 3602 iam
297 3549 406 3604 sumet.
436 3544 495 3604 lam
511 3560 572 3605 non
586 3550 703 3604 tantum
718 3545 825 3605 oscula
839 3547 952 3602 sumet:
1013 3582 1017 3589 -
