2467 4042
128 243 362 323 xvruqxrxq
399 242 946 322 xvnruqqusoourul-oe.
991 242 1050 313 loe

106 398 279 474 Deceptam
294 395 381 456 dieas
396 402 503 457 nosue
516 402 546 456 le
560 396 667 457 lmude
681 395 791 470 licebit,

151 484 231 543 Dum
247 479 367 541 iraudis
384 487 509 541 noslrae
524 492 620 541 eausa
634 480 748 545 lerauu
760 496 856 543 amor.
906 532 910 539 .

106 567 207 627 Fraus
222 581 294 627 mea
308 563 382 640 quid
397 564 498 641 peliil,
519 565 579 626 nisi
592 564 636 626 uli
650 563 702 626 libi
718 564 860 640 iungerer
874 566 947 629 uni?

151 651 187 711 ld
202 664 267 724 me,
291 648 378 725 quod
392 648 547 723 quereris,
571 649 734 712 conciliare
748 656 860 726 polest.

63 747 96 799 25
108 736 181 797 Non
195 750 255 810 ego
271 739 395 807 neuun,
419 746 478 793 nee
488 749 560 795 sum
572 740 633 794 lam
648 733 778 795 callidus
794 752 862 799 usu.

151 818 305 880 solertem
321 824 353 878 ln
367 832 430 890 me,
453 816 561 892 crede,
583 819 701 894 puella,
723 816 808 879 lacis.

105 906 150 965 Te
167 901 240 964 mihi
255 901 454 977 compositis,
476 901 577 978 siquid
593 909 693 962 lamen
708 903 842 976 egimus,
866 919 948 965 ame

148 985 326 1050 Adstrinxit
339 984 443 1045 verbis
457 985 639 1061 ingeniosus
651 986 759 1047 Amor.

108 1071 237 1134 Dictatis
252 1069 293 1131 ab
309 1085 348 1130 eo
363 1069 422 1129 leci
437 1069 598 1145 sponsalia
611 1069 725 1144 verbis,

65 1168 99 1219 'eo
155 1155 369 1228 Consultoque
386 1153 430 1215 lui
445 1152 519 1216 iuris
533 1154 651 1216 Amore
665 1153 759 1215 valer.

106 1240 156 1301 Sil
171 1240 255 1300 lraus
270 1237 343 1298 haic
358 1237 438 1298 laedo
453 1253 579 1312 nornen,
603 1237 752 1314 dicarque
766 1239 909 1302 dolosus=

152 1323 186 1385 Si
200 1329 304 1383 lamen
318 1328 382 1396 est,
401 1323 485 1397 quod
496 1326 587 1385 emor
598 1323 678 1382 velle
694 1328 812 1396 tenere,
836 1324 935 1385 dolus.

107 1409 156 1468 En
169 1407 281 1468 ilerum
295 1405 399 1467 scribo
413 1405 561 1481 milleque
573 1406 715 1482 roganda
730 1406 835 1468 rerba.

153 1492 260 1553 Altera
274 1490 359 1550 treus
373 1489 452 1550 haec
466 1496 524 1552 cel,
547 1491 694 1566 quodque
709 1491 863 1566 queraris,
885 1492 991 1554 habes.

68 1588 100 1638 35
113 1575 148 1637 Si
163 1589 281 1649 noceo,
304 1572 391 1649 quod
402 1590 489 1650 emo,
510 1574 623 1648 faleor,
644 1573 713 1637 sine
726 1573 787 1635 line
801 1575 930 1650 nocebo,

151 1662 274 1736 Teque,
297 1658 360 1734 pell
375 1673 488 1721 cavens
502 1665 535 1719 lu
548 1657 620 1720 licei
633 1658 717 1734 ipsa,
741 1668 851 1733 pelam.

108 1745 167 1804 Per
181 1742 305 1819 gladios
320 1741 371 1801 alii
384 1741 514 1819 placitas
529 1757 661 1818 rapuero
676 1743 809 1818 puellas:

152 1827 276 1904 Scripta
291 1825 364 1886 milri
380 1833 469 1888 ceule
486 1825 584 1887 liuere
598 1824 712 1889 crimen
728 1826 805 1888 erile

109 1912 146 1975 Di
161 1911 292 1985 iaciunt,
312 1910 435 1987 possim
449 1911 554 1987 plures
569 1911 719 1986 inponere
733 1911 843 1986 nodos,

72 2006 104 2059 lo
155 1997 196 2058 Ut
210 2003 263 2058 lue
277 1994 319 2056 sil
330 1995 415 2055 nulla
429 1988 526 2055 llb'ere
540 2001 627 2070 perle
640 1994 729 2057 fides.

110 2081 193 2141 Mille
207 2079 274 2141 doli
288 2085 414 2140 restant.
437 2077 519 2140 clivo
533 2078 682 2140 sudemus
696 2078 727 2141 in
741 2077 818 2140 impe
943 2100 946 2107 ยน

152 2164 258 2225 Ardor
271 2163 464 2239 inexpertum
478 2162 520 2223 nil
536 2163 616 2223 sinet
629 2177 701 2225 esse
716 2178 813 2225 meus.

111 2247 156 2309 sit
171 2247 313 2321 dubium,
337 2247 482 2324 possisne
497 2247 577 2322 capi.
599 2245 765 2322 captabere
779 2254 872 2311 certe.

151 2332 262 2393 Exitus
277 2331 307 2391 in
323 2332 374 2392 dis
386 2339 446 2392 eea
463 2331 527 2391 sed
541 2331 664 2406 capiere
678 2336 789 2393 lumen.

75 2429 104 2479 lo
114 2417 153 2478 Ul
167 2423 287 2493 perlem
301 2415 449 2491 effugias,
467 2429 530 2475 non
545 2415 649 2477 omnia
663 2414 738 2476 relia
753 2415 852 2490 lulles,

153 2500 239 2575 Quae
253 2499 323 2573 libi,
349 2515 442 2575 quem
454 2499 572 2574 credis,
595 2500 684 2575 plura
701 2499 827 2561 telendit
840 2505 945 2560 Amor.

113 2585 144 2647 Si
158 2600 223 2646 non
238 2584 402 2661 prolleienl
414 2590 512 2657 artes,
534 2583 693 2649 veniemus
707 2583 748 2643 ad
763 2599 857 2658 arma,

152 2670 251 2744 Inque
267 2668 310 2729 lui
324 2667 438 2744 eupldo
451 2673 541 2744 reple
553 2668 654 2728 lerere
668 2667 746 2731 sinn.

111 2753 178 2814 Non
194 2768 279 2828 sum,
302 2752 356 2828 qui
371 2753 489 2813 soleam
502 2750 621 2813 Paridis
636 2751 864 2828 reprehendere
878 2752 999 2827 lactum,

75 2850 104 2900 50
153 2838 218 2897 Nec
233 2850 434 2913 quemquem,
457 2834 524 2913 qui,
548 2836 594 2896 vir
609 2843 717 2914 posset
732 2844 764 2896 ul
779 2851 866 2908 esse,
887 2836 951 2896 luit.

111 2922 175 2984 Nos
191 2935 351 2997 quoque...
366 2921 425 2982 sed
440 2927 536 2982 laceo.
572 2920 657 2981 Mors
671 2920 761 2982 huius
778 2934 881 2996 poene
893 2919 1017 2999 rapinae

154 3005 194 3067 Ul
207 3006 263 3077 sil,
286 3004 358 3078 erit,
381 3009 517 3081 quamle
531 3020 596 3066 non
608 3002 771 3076 habuisse,
792 3004 900 3065 minor.

111 3095 174 3150 Aul
187 3104 279 3150 esses
295 3088 432 3150 formosa
442 3087 555 3149 adnue.
579 3096 719 3164 peterere
732 3089 882 3151 modeste.

153 3173 302 3234 Audaces
315 3172 395 3235 laeie
409 3172 548 3249 cogimur
561 3188 633 3233 esse
650 3180 712 3235 lua.

76 3257 156 3320 selu
173 3256 252 3318 lacis
267 3257 328 3319 hoc
344 3257 487 3334 oculique
503 3257 558 3331 lui,
581 3257 695 3332 quibus
710 3257 800 3332 ignea
813 3256 927 3318 cedunt

154 3341 281 3417 Sidera,
299 3342 352 3418 qui
366 3340 509 3402 flammae
523 3357 620 3403 eausa
634 3342 719 3405 lucre
734 3357 836 3405 mercer
906 3400 909 3404 ,

111 3425 179 3487 Hoc
192 3425 308 3487 lnelunl
322 3425 395 3487 llari
413 3425 516 3487 crines
530 3432 561 3486 et
574 3426 711 3487 eburnea
726 3427 840 3499 cervix,

154 3510 315 3586 Quaeque,
338 3524 463 3588 precor,
487 3509 610 3571 venient
624 3510 654 3571 in
672 3526 741 3570 mea
756 3511 835 3571 eolla
850 3526 967 3574 manus,
