2467 4042
347 264 477 332 214
1075 263 1357 325 ARTIS
1397 263 1676 324 AMAT.

515 416 650 477 Non
679 422 884 475 tamen
918 415 1234 491 expositas
1263 430 1477 476 mensa
1507 414 1854 491 deprendat
1880 423 2123 479 amator

388 510 495 565 210
599 498 894 578 Pyxidas.
939 516 1040 560 ars
1071 499 1300 560 faciem⁴
1319 499 1702 561 dissimulata
1727 501 1915 560 iuvat.

521 584 711 658 Quem
739 599 862 644 non
894 582 1168 644 offendat
1194 590 1323 643 toto
1355 584 1497 644 faex
1524 583 1693 643 inlita
1721 585 1911 657 vultu,

608 668 754 729 Cum
783 665 917 727 fluit
949 667 1010 726 in
1037 666 1285 741 tepidos
1317 668 1595 742 pondere
1624 668 1802 742 lapsa
1831 668 2055 729 sinus?

521 751 776 831 Oesypa
805 751 953 825 quid
978 751 1301 812 redolent?
1347 750 1628 826 quamvis
1656 752 1922 811 mittatur
1948 751 2222 812 Athenis

601 836 897 910 Demptus
929 832 1007 894 ab
1037 832 1330 896 inmundo
1362 836 1591 896 vellere
1619 850 1808 896 sucus
1845 835 2005 897 ovis.

389 929 494 984 215
513 918 640 979 Nec
674 934 882 979 coram
908 916 1129 977 mixtas
1161 933 1383 979 cervae
1411 918 1758 994 sumpsisse
1786 919 2111 992 medullas,

602 1003 730 1063 Nec
759 1017 966 1063 coram
994 1001 1213 1063 dentes
1241 1000 1607 1063 defricuisse
1635 1002 1913 1079 probem.

519 1087 644 1147 Ista
676 1086 908 1146 dabunt
933 1085 1219 1159 formam,
1261 1085 1374 1147 sed
1401 1093 1581 1146 erunt
1607 1086 1907 1148 deformia
1934 1087 2110 1148 visua

607 1171 945 1245 Multaque,
991 1169 1137 1230 dum
1163 1168 1347 1244 fiunt,
1392 1169 1625 1245 turpia,
1673 1171 1834 1231 facta
1862 1171 2127 1246 placent.

523 1255 691 1327 Quae
719 1269 881 1314 nunc
909 1269 1133 1314 nomen
1159 1251 1391 1313 habent
1419 1254 1669 1329 operosi
1697 1255 1874 1330 signa
1902 1254 2187 1333 Myronis

399 1351 495 1399 2:121}
603 1336 847 1399 Fundus
875 1337 1042 1398 iners
1072 1336 1384 1412 quondam
1413 1337 1690 1413 duraque
1718 1354 1927 1400 massa
1952 1338 2084 1399 fuit.

527 1427 571 1479 Α
583 1427 757 1481 nulus
787 1427 854 1482 ut
879 1421 1013 1493 fiat,
1060 1421 1256 1497 primo
1285 1420 1610 1482 conliditur
1637 1438 1870 1483 aurum.
1933 1467 1936 1471 >

607 1507 771 1579 Quas
802 1504 1010 1582 geritis
1042 1504 1259 1576 vestiS,
1307 1504 1561 1566 sordida
1587 1506 1729 1566 lana
1758 1507 1884 1567 suit.

527 1591 667 1647 Cum
703 1591 904 1661 fieret,
942 1588 1102 1663 lapis
1131 1603 1320 1663 asper
1344 1595 1498 1678 erat3
1536 1605 1726 1663 nunc,
1771 1589 1977 1652 nobile
2013 1590 2279 1666 signum,

607 1675 782 1732 Nuda
805 1674 1021 1733 Venus
1051 1671 1333 1732 madidas
1364 1673 1667 1747 expremit
1693 1674 1883 1734 imbre
1914 1690 2147 1735 comas.

399 1771 495 1819 ΗΞ.
519 1759 603 1815 Tu
639 1772 886 1831 quoque
917 1756 1062 1817 dum
1097 1756 1350 1829 coleriS,
1391 1772 1506 1816 nos
1534 1763 1597 1817 te
1626 1758 1891 1817 dormire
1926 1764 2236 1834 putemus.

607 1843 825 1915 Aptius
846 1856 884 1900 a
908 1855 1147 1902 summa
1175 1839 1560 1915 conspiciere
1588 1856 1788 1902 manu.

527 1927 639 1983 Cur
671 1924 813 1985 mihi
842 1930 987 1986 nota
1012 1929 1116 1984 tuo
1154 1938 1345 1984 causa
1375 1930 1474 1985 est
1502 1924 1789 1985 candoris
1821 1927 1880 1986 in
1911 1932 2065 1987 ore?

611 2009 835 2069 Claude
862 2009 1057 2071 forem
1085 2007 1365 2067 thalami!
1411 2006 1559 2084 quid
1587 2010 1742 2070 rude
1771 2009 1943 2085 cogis
1973 2017 2178 2086 opus?

527 2095 707 2151 Multa
743 2093 908 2154 viros
938 2092 1179 2153 nescire
1210 2092 1406 2152 decet.
1475 2091 1625 2153 Pars
1655 2094 1919 2154 maxima
1944 2109 2149 2154 rerum

399 2187 499 2239 23¹]
611 2175 918 2250 offendat,
963 2176 1018 2237 si
1049 2192 1171 2236 non
1200 2175 1487 2237 interiora
1516 2182 1713 2252 tegas.

527 2267 727 2319 Aurea
759 2276 916 2335 quae
948 2259 1220 2336 pendent
1248 2266 1465 2321 ornato
1496 2259 1673 2336 signa
1700 2261 1955 2335 theatro,

607 2344 876 2419 Inspice,
924 2360 1107 2419 quam
1136 2345 1339 2404 tenuis
1368 2344 1615 2405 bractea
1640 2346 1806 2420 ligna
1834 2353 2017 2421 tegat.

527 2431 643 2487 Em]
679 2444 878 2504 neque
908 2429 989 2488 ad
1023 2428 1123 2489 illa
1153 2427 1296 2488 licet
1320 2430 1585 2504 populo,
1626 2428 1744 2489 nisi
1774 2430 1963 2502 facta,
2011 2429 2241 2496 venire.

607 2515 731 2571 Nec
759 2511 876 2572 nisi
905 2513 1226 2573 summotis
1256 2512 1453 2573 forma
1482 2513 1759 2588 paranda
1788 2514 1953 2574 viris.

399 2607 495 2659 235
527 2603 599 2655 :lt
631 2615 751 2655 uon
781 2596 1121 2673 pectendos
1151 2612 1359 2656 coram
1395 2595 1694 2672 praebere
1722 2598 1997 2672 capillos,
2073 2647 2077 2652 .

607 2683 687 2739 Ut
715 2679 950 2741 iaceant
977 2680 1098 2741 fusi
1125 2696 1240 2755 per
1268 2686 1375 2739 tua
1401 2687 1605 2755 terga,
1655 2688 1816 2742 veto.

527 2767 631 2823 [llo
667 2764 995 2840 praecipue
1024 2780 1104 2825 ne
1132 2764 1221 2824 sis
1250 2779 1529 2838 morosa,
1572 2772 1787 2826 caveto

607 2851 934 2922 Tempore,
979 2864 1094 2908 nec
1122 2848 1333 2923 lapsas
1363 2864 1555 2924 saepe
1582 2851 1829 2909 resolve
1861 2863 2091 2908 comas

523 2935 671 2991 Tuta
699 2932 778 2991 sit
806 2933 1093 2992 ornatrix.
1167 2930 1313 3006 Odi,
1356 2948 1515 3007 quae
1545 2932 1780 2993 sauciat
1808 2947 1918 2993 ora

399 3027 499 3079 24⁴]
607 3016 952 3091 Unguibus,
1000 3024 1063 3077 et
1085 3023 1263 3091 rapta
1288 3015 1538 3078 brachia
1566 3014 1700 3091 figit
1729 3032 1863 3077 acu.

527 3103 829 3175 Devovet,
873 3105 940 3161 ut
971 3100 1163 3175 tangit
1189 3098 1473 3162 dominae
1502 3106 1688 3175 caput
1714 3100 1847 3174 illa,
1889 3099 2193 3174 simulque

607 3187 808 3247 Plorat
839 3184 903 3244 in
932 3184 1167 3245 invisas
1196 3185 1663 3259 sanguinolenta
1693 3199 1925 3245 comas.

527 3271 695 3339 Quae
723 3269 881 3329 male
912 3268 1128 3329 crinita
1155 3274 1279 3342 est,
1328 3268 1648 3331 custodem
1679 3268 1741 3329 in
1769 3269 1973 3329 limine
2000 3275 2208 3342 ponat,

611 3351 949 3414 Orneturve
973 3352 1187 3413 Bonae
1217 3368 1466 3428 semper
1494 3353 1553 3413 in
1585 3353 1742 3413 aede
1770 3352 1945 3412 deae.

399 3447 499 3499 ²45
527 3435 731 3495 Dictus
761 3452 926 3497 eram
956 3435 1156 3497 subito
1189 3436 1431 3496 cuidam
1458 3435 1710 3497 venisse
1738 3436 2009 3512 puellaez

611 3519 873 3580 Turbida
896 3535 1226 3595 perversas
1256 3520 1451 3580 induit
1482 3519 1585 3580 illa
1615 3535 1846 3581 comas.
