2467 4042
467 241 489 293 1.
508 252 529 291 v
543 241 647 293 ‘to—m
661 241 704 291 ot.

207 404 368 467 Scribere.
404 404 526 465 tractari
548 402 671 464 vulnera
693 408 796 463 nostra
818 403 941 465 timent.

163 492 378 573 Qualicumque
402 491 489 554 modo
512 491 585 553 mihi
608 492 670 552 sint
692 507 726 550 ea
748 490 825 551 facta
837 536 846 571 ‚
869 508 973 570 rogare

206 581 337 644 Desine.
373 597 433 641 non
456 581 572 661 agites,
595 581 681 659 siqua
704 579 785 640 coire
808 579 899 640 velis.

113 680 148 732 25
162 669 311 749 Quidquid
334 668 365 731 id
388 675 456 749 est,
479 675 596 760 utnon
620 667 735 728 facinus
747 711 756 747 ‚
780 668 823 729 sic
846 665 933 747 ocupa
957 664 1085 729 vocanda

712 762 774 815 est.

207 845 311 908 Omnis
334 863 371 907 an
394 846 426 907 in
449 860 571 923 magnos
594 841 681 923 culpa
709 842 781 903 deos
804 841 902 905 scelus
925 838 997 904 est?

163 935 238 1015 Spes
261 935 353 1015 igitur
376 934 470 994 menti
492 949 628 1013 poenae,
652 930 817 1013 Graeciae,
839 930 979 993 levandae

206 1021 271 1084 Non
295 1029 401 1083 estex
424 1029 487 1083 toto
510 1019 590 1082 nulia
613 1018 717 1081 relicta
740 1035 840 1081 meac.

163 1110 243 1172 Haec
260 1110 333 1191 dea,
351 1127 421 1171 cum
438 1109 577 1188 ingerent
595 1106 754 1169 sceleratas
773 1108 894 1169 numina
912 1114 1008 1169 terras
1019 1155 1029 1190 ,
1040 1121 1085 1172 (tt)

113 1211 148 1261 30
206 1198 241 1262 ln
264 1199 310 1260 dis
332 1199 428 1259 invisa
451 1195 513 1258 sola
535 1197 680 1257 remansit
702 1196 810 1257 humo.

162 1285 242 1349 ilaec
265 1287 357 1367 iacit,
380 1293 415 1348 ut
432 1287 510 1347 vivat
532 1284 630 1346 fossor
649 1302 769 1365 quoque
787 1284 930 1363 compede
949 1285 1085 1365 vinctus,

206 1373 372 1452 Liberaque
396 1391 413 1433 a
436 1373 516 1434 ierro
539 1389 628 1434 crura
651 1373 751 1435 sutura
773 1380 875 1452 putet.
1099 1391 1101 1394 ·

162 1460 241 1524 flacc
265 1460 335 1523 iacit
347 1507 356 1542 ‚
380 1468 436 1542 ut,
459 1460 556 1523 videat
578 1478 647 1523 cum
670 1468 767 1521 terras
789 1460 921 1541 undique
945 1460 1056 1543 nullas,

206 1548 374 1628 Naufragus
396 1551 428 1609 in
451 1549 557 1610 mediis
579 1548 701 1610 brachia
723 1551 813 1610 iactet
835 1550 937 1628 aquis.

109 1650 144 1701 85
159 1638 254 1717 Saepe
276 1637 404 1718 aliquem
427 1636 532 1698 sollers
553 1637 740 1698 medicorum
762 1654 835 1698 cura
857 1636 996 1718 reliquit,

206 1726 268 1787 Nec
291 1743 360 1806 spes
383 1724 453 1787 huic
476 1743 550 1787 vena
573 1725 730 1787 deficiente
754 1724 849 1786 cadit.

163 1813 289 1876 Caruere
312 1814 454 1875 dicuntur
476 1813 569 1875 clausi
592 1831 714 1892 sperare
737 1812 881 1895 salntem,

206 1903 303 1982 Atque
326 1902 433 1982 aliquis
456 1902 591 1983 pendens
613 1905 645 1962 in
668 1919 758 1964 cruce
781 1908 849 1962 vota
871 1901 959 1963 iacit.

162 1989 241 2053 Haec
264 1991 319 2052 dea
342 2007 431 2071 quam
453 1989 564 2052 multos
586 1989 692 2069 laqueo
717 2007 770 2051 sua
793 1989 868 2051 colla
889 1989 1008 2070 ligantis

113 2091 148 2142 40
207 2079 273 2141 Non
296 2086 343 2141 est
365 2079 518 2158 proposita
539 2095 625 2158 passa
649 2080 749 2158 perire
771 2076 862 2140 neoei

161 2166 209 2232 Me
231 2184 351 2248 qnoque
374 2175 531 2229 conantem
553 2167 649 2246 gladio
673 2167 759 2228 finire
783 2165 915 2228 dolorem

207 2255 313 2335 Arguit
325 2301 334 2337 ,
357 2257 467 2318 iniecta
490 2257 697 2335 continuitque
720 2271 828 2335 manu,
920 2255 925 2264 '

162 2339 324 2423 ‘Quid'que
348 2339 458 2406 ‘incisi
488 2342 618 2405 lacrimis
639 2359 714 2424 opus
737 2351 804 2424 cst,
828 2360 889 2404 non
911 2337 1084 2426 sanguine‚'

711 2432 786 2493 dixit

206 2514 314 2599 ‘Saepe
337 2537 391 2599 per
413 2519 468 2581 has
490 2519 571 2582 flecti
593 2521 738 2599 principis
761 2521 805 2581 ira
828 2514 932 2580 sciet?

113 2619 149 2671 tt
163 2606 304 2681 Quamvis
326 2617 373 2670 est
395 2609 487 2687 igitur
510 2609 626 2671 meritis
649 2606 779 2670 indebita
802 2610 931 2689 nostris,

206 2696 309 2777 Magna
332 2707 431 2758 tamen
455 2714 524 2775 spes
547 2705 593 2760 est
615 2698 647 2759 iu
670 2696 801 2758 bonitate
824 2696 890 2757 dei.
952 2704 954 2708 ’

162 2785 221 2858 Qui
243 2803 282 2847 ne
304 2783 433 2847 difficilis
455 2784 529 2846 mihi
552 2788 613 2867 sit,
636 2784 802 2865 Graeciue,
825 2801 966 2865 precare,

206 2872 315 2936 Confer
338 2875 422 2935 etin
446 2881 546 2935 votum
570 2885 604 2936 tu
628 2891 746 2955 quoque
770 2872 859 2935 verba
882 2890 998 2935 meum.

161 2961 255 3039 inque
278 2961 433 3023 Tomitana
450 2962 562 3023 iaceam
584 2962 748 3024 tumulatus
770 2961 897 3042 herena,

114 3060 149 3111 tu
208 3047 240 3108 Si
263 3058 292 3109 te
316 3065 376 3109 non
399 3046 486 3109 nobis
508 3051 565 3110 leta
587 3065 694 3110 vovere
717 3049 828 3127 liquet.

161 3136 236 3198 Nam
258 3137 343 3215 prius
365 3135 510 3213 incipient
533 3138 626 3197 turris
649 3138 742 3197 vitare
765 3133 936 3216 columbae,

206 3223 298 3284 Antra
321 3223 403 3285 ferae
415 3269 425 3303 ‚
445 3222 576 3301 pecudes
598 3225 752 3303 gramina,
774 3239 894 3301 mergus
917 3240 1025 3304 aquas,
1039 3236 1083 3287 uu

162 3311 258 3387 Quam
282 3311 356 3373 maie
380 3329 413 3372 se
436 3319 569 3390 praestet
591 3313 685 3373 veteri
709 3309 871 3372 Graecinus
895 3313 1006 3374 amico.

206 3399 272 3464 Non
293 3402 336 3462 ita
358 3408 429 3462 sunt
451 3399 519 3462 iaris
543 3402 640 3463 omnia
663 3416 749 3461 versa
772 3398 863 3461 meisi
