2467 4042
155 171 216 236 148
334 188 441 225 raocrrs
566 168 744 225 METAMM.

240 336 306 409 Quo
330 336 418 398 modo
441 333 608 416 deprendi,
631 334 719 397 modo
742 353 775 397 se
798 334 965 401 subducere
988 338 1026 401 ab
1050 342 1121 421 ipso

240 425 370 488 Vulnere
392 427 455 485 visa
477 425 540 485 iera
563 433 630 486 est.
658 442 714 487 000
736 422 829 487 limito
853 425 955 488 callida
977 436 1064 490 recto

240 514 275 576 ln
298 515 486 594 spatiumque
509 513 607 594 sugit,
630 512 683 574 sed
705 512 817 594 decipit
838 532 891 575 ora
913 520 1069 594 sequentis

241 602 280 664 Et
302 601 381 663 redit
401 604 434 663 10
456 618 585 683 gyrum,
607 619 646 663 nc
670 603 710 664 sit
731 619 804 664 suus
827 603 956 683 impetus
978 603 1078 666 hosti.

176 704 227 755 005
241 692 380 753 imminet
401 689 472 772 bic,
495 691 693 769 sequiturque
715 707 818 771 parem
829 737 840 772 ,
862 690 1027 771 similisque
1053 697 1177 756 tenenti

240 780 307 841 Non
329 788 413 841 tenet
435 788 466 840 et
488 795 579 839 vanos
601 786 722 840 exercet
743 780 776 841 10
798 783 867 841 aira
888 797 1024 842 morsus.

241 868 287 931 nd
309 865 398 929 100011
420 865 558 928 vertebar
580 884 690 946 opem.
717 867 798 947 quod
821 867 943 929 dextera
964 868 1058 931 librat

241 957 319 1020 bum
341 973 407 1017 mea
419 1004 429 1037 ,
451 955 523 1018 dum
545 953 653 1034 digitos
676 956 801 1018 amentis
824 954 934 1017 addere
954 965 1089 1039 tempto,

241 1044 367 1108 Lumina
389 1043 518 1106 deflexi:
539 1051 735 1124 revocataque
758 1062 865 1106 rursus
887 1044 993 1106 eodem

176 1148 227 1199 roo
241 1132 449 1196 Rettuleram:
470 1131 592 1213 medio,
614 1130 746 1195 mirum!
769 1131 828 1195 duo
851 1150 999 1194 marmora
1053 1148 1179 1190 00001.

928 1240 1032 1302 canapo

241 1312 383 1393 bspirl03
406 1311 510 1390 lugere
532 1309 590 1370 boc
602 1356 611 1390 ,
634 1308 708 1372 illud
730 1308 839 1372 latrare
860 1317 1000 1390 putares.

243 1399 364 1462 Scilicet
385 1400 513 1461 invictos
535 1396 621 1459 ambo
646 1400 809 1460 certamine
832 1417 939 1460 cursus

242 1489 317 1551 Esse
340 1488 415 1549 deus
436 1486 552 1569 voluit,
575 1487 670 1566 siquis
692 1486 767 1548 deus
790 1487 875 1548 alluit
895 1482 984 1549 illis?

242 1578 411 1658 Hactenus,
430 1584 461 1638 et
473 1577 588 1637 tacuit.
612 1570 720 1637 100010
734 1575 815 1655 quod
828 1577 942 1636 crimen
955 1577 988 1637 in
1001 1577 1070 1657 ipso
1085 1587 1138 1640 est
1148 1576 1180 1641 θ’

177 1679 228 1729 teo
241 1666 362 1728 Phocus
384 1666 446 1727 ait.
473 1663 563 1725 iaculi
585 1665 629 1726 sic
652 1665 777 1725 crimina
798 1663 929 1725 reddidit
950 1662 1018 1726 ille.

287 1750 411 1816 ‘Gaudia
431 1754 613 1833 principium
636 1755 732 1814 nostri
755 1761 847 1834 sunt,
869 1751 992 1835 Pbooe,
1014 1752 1156 1818 doloris:

242 1844 294 1905 llla
315 1845 401 1924 prius
423 1841 573 1903 referam.
601 1844 682 1902 iuvat
704 1858 722 1900 0
746 1842 917 1903 meminisse
935 1840 1016 1903 beati

242 1933 421 2013 Temporis,
443 1929 590 2011 Aeacida,
613 1947 673 2008 quo
690 1931 804 2009 primos
826 1930 885 1991 rite
906 1948 961 2010 per
983 1947 1081 1992 annos

244 2021 376 2100 Coniuge
400 2036 481 2080 eram
504 2017 574 2080 ielix
586 2065 596 2100 ,
620 2016 691 2079 lelix
714 2025 779 2079 orat
800 2017 850 2079 illa
871 2020 996 2081 marito.

178 2121 230 2173 800
243 2109 347 2171 blutua
369 2125 442 2169 eura
465 2107 540 2169 duos
563 2116 594 2168 et
615 2123 699 2168 amor
722 2104 840 2168 socialis
862 2104 1007 2170 habebat.

244 2197 305 2258 Nec
327 2195 405 2258 loris
427 2195 477 2257 illa
499 2213 566 2256 meo
588 2195 733 2257 thalamos
754 2195 922 2276 praeferret
943 2197 1065 2278 amori,

244 2285 328 2366 Nec,
350 2302 398 2346 me
421 2301 497 2363 quae
520 2292 663 2364 caperet,
685 2300 747 2345 000
769 2285 796 2344 01
818 2282 917 2345 Venus
944 2285 1010 2363 ipsa
1031 2289 1178 2369 reniret,

93 2432 95 2437 .
206 2373 211 2390 '
243 2373 308 2436 Ulla
331 2382 415 2434 erat.
443 2372 582 2452 aequales
604 2370 874 2452 urebantpectora
896 2371 1050 2435 ilammae.

246 2462 314 2524 Solo
336 2462 400 2522 lere
423 2460 514 2523 radiis
536 2461 663 2523 feriente
687 2462 840 2522 cacumina
860 2462 966 2540 primis

179 2561 230 2614 000
244 2550 390 2612 Venatum
411 2550 444 2610 in
466 2549 553 2610 silvas
575 2546 751 2610 iuvenaliter
773 2550 818 2610 ire
841 2547 989 2631 solebem3

244 2639 306 2700 Neo
329 2655 447 2699 mecum
469 2637 595 2700 famulos
618 2655 674 2699 neo
697 2655 790 2716 equos
812 2654 869 2699 000
891 2636 1016 2700 naribus
1039 2656 1127 2701 acres

246 2728 294 2789 lre
317 2744 407 2789 canes
419 2774 429 2809 ,
451 2725 590 2788 reclina
612 2728 699 2806 sequi
722 2724 833 2787 nodosa
855 2725 1008 2790 sinebam:

245 2816 341 2878 'lutus
364 2832 447 2877 cram
468 2814 586 2876 100010.
613 2814 667 2876 sed
686 2832 755 2876 cum
777 2815 881 2876 satiata
902 2815 1017 2877 1001000

244 2904 372 2967 Dextera
393 2902 492 2965 caedis
515 2910 601 2985 erat,
624 2902 796 2984 repetebam
817 2903 912 2983 iniqua
934 2911 966 2965 et
988 2902 1113 2966 umbras

179 3005 231 3055 eto
245 2992 284 3054 Et
307 3010 383 3073 quae
406 2991 443 3053 de
465 2991 570 3073 gelidis
593 2989 710 3053 exhalat
731 2990 878 3073 vallibus,
900 3009 1021 3056 auram.

246 3084 326 3143 Aura
347 3079 503 3161 petebatur
525 3080 623 3142 medio
646 3080 719 3142 mihi
740 3079 816 3142 lenis
838 3082 870 3141 10
892 3088 995 3164 aestu,

246 3172 357 3232 Auram
378 3168 591 3251 expectabam,
613 3171 734 3249 requies
757 3175 822 3230 erat
843 3169 892 3231 illa
913 3168 1027 3232 labori.

247 3253 385 3340 κ1100,’
407 3257 551 3320 recordor
578 3260 679 3340 enim,
703 3252 848 3340 ‘renlas,’
872 3265 992 3320 cantare
1020 3258 1171 3342 solebam,

248 3343 366 3427 ‘liequc
387 3348 471 3408 iuves
482 3393 493 3429 ,
515 3348 669 3428 intresque
693 3347 798 3427 sinus,
820 3348 1009 3430 gratissima,
1033 3357 1170 3428 nostros3

181 3447 232 3496 815
247 3435 345 3514 thue
360 3436 455 3518 iacis,
477 3434 610 3497 relevare
623 3434 720 3515 velis,
742 3433 851 3515 quibus
865 3436 1004 3518 urimur,
1028 3445 1127 3499 aestus
1138 3433 1169 3498 .’'

247 3523 382 3584 Forsitan
405 3522 569 3584 addiderim
583 3525 684 3585 —sic
707 3540 754 3584 me
777 3541 843 3585 mea
865 3524 924 3586 iata
945 3523 1105 3588 trabebant
1127 3558 1167 3570 -
