2467 4042
173 220 237 286 166
580 225 767 278 nxronuo

261 386 338 458 Quid
362 387 452 449 iacias
464 434 474 469 ‚
497 385 647 467 quaeris?
676 407 802 468 quaeras
824 388 881 450 hoc
904 389 1018 452 scilicet
1041 395 1161 474 ipsum,

304 476 461 554 Invenies,
484 493 553 536 vere
577 479 603 537 si
626 479 759 556 reperire
783 477 882 539 voles.

211 574 246 625 35
260 562 340 625 Velle
363 582 468 644 parum
491 572 560 626 est:
600 568 726 646 cupias,
753 574 787 627 ut
814 584 847 626 re
869 567 1015 647 potiaris,
1044 576 1182 649 oportet,

303 651 342 713 Et
364 652 453 713 iaciat
475 669 595 713 somnos
617 651 691 714 haec
713 652 769 713 tibi
792 672 863 714 cura
886 653 1008 715 breves.

260 737 340 801 Velle
362 758 432 801 reor
450 740 580 801 multos.
617 742 685 820 quis
704 743 783 802 enim
802 741 875 802 mihi
897 750 957 802 tam
980 745 1018 803 sit
1041 745 1183 826 iniquus,

304 826 394 907 Optet
415 836 450 890 ut
472 828 593 889 exilium
615 846 688 908 pace
712 847 814 890 carere
837 826 966 891 meum?

259 914 385 977 Pectore
407 927 437 977 te
460 925 523 977 toto
546 919 722 996 cunctisque
745 917 918 978 incumbere
941 920 1041 979 nervis

212 1015 248 1063 40
306 1003 345 1065 Et
366 1005 421 1065 niti
443 1022 499 1084 pro
521 1023 568 1065 me
592 1014 680 1067 nocte
703 1006 810 1084 dieque
834 1006 937 1067 decet.

261 1090 357 1171 thue
380 1094 483 1154 iuvent
505 1092 554 1153 alii
566 1139 575 1173 ,
599 1101 632 1154 tu
655 1092 747 1154 debes
768 1096 888 1155 vincere
912 1095 1040 1175 amicos,

303 1180 384 1244 Uxor
406 1189 436 1242 et
459 1180 494 1241 ad
517 1183 611 1261 partis
633 1184 729 1262 prima
752 1184 853 1242 venire
877 1189 960 1243 tuas.

259 1266 363 1347 Magna
385 1268 440 1329 tibi
462 1271 600 1348 imposita
624 1278 670 1330 est
692 1271 804 1330 nostris
827 1288 953 1349 persona
975 1267 1107 1332 libellis:

305 1356 444 1436 Coniugis
468 1357 635 1436 exemplum
658 1357 767 1419 diceris
790 1376 856 1418 esse
872 1356 991 1419 bonae.

210 1455 245 1505 45
258 1443 340 1505 Hanc
364 1463 432 1506 care
456 1445 641 1526 degeneres,
671 1454 704 1507 ut
726 1448 786 1506 sint
807 1448 964 1525 praeconia
986 1453 1091 1507 nostra
1142 1460 1187 1513 (ro

304 1531 401 1615 Vera3
424 1533 513 1614 vide,
535 1535 629 1595 lamae
653 1534 731 1614 quod
756 1536 867 1595 tuearis
890 1553 981 1614 opus.

258 1619 297 1682 Ut
318 1621 392 1682 nibil
413 1624 477 1701 ipse
502 1640 633 1703 querar,
656 1624 746 1683 lecito
769 1641 817 1682 me
839 1622 916 1682 lama
939 1629 1105 1704 queretur,

304 1708 385 1780 Quae
408 1709 518 1791 debet,
541 1709 633 1771 luerit
655 1713 686 1771 ni
709 1710 764 1771 tibi
787 1728 859 1771 cura
883 1712 957 1771 mei.

258 1797 403 1876 Exposuit
425 1815 490 1858 mea
512 1816 560 1858 me
583 1798 693 1879 populo
717 1800 836 1859 lortuna
859 1797 1035 1878 videndum,

211 1896 245 1946 50
303 1886 341 1946 Et
363 1886 431 1965 plus
453 1889 598 1966 notitiae,
621 1905 709 1965 quam
732 1888 789 1947 luit
812 1894 902 1966 ante,
925 1885 1022 1948 dedit.

259 1973 363 2034 Notior
387 1983 433 2034 est
455 1973 551 2035 lactus
575 1973 728 2053 Capaneus
751 1994 767 2034 a
791 1974 922 2034 lulnrinis
944 1977 1025 2035 ictu:

303 2061 398 2123 Notus
420 2061 510 2123 humo
535 2064 642 2123 mersis
664 2062 859 2142 Amphiaraus
883 2063 984 2140 equis.

260 2150 292 2211 Si
315 2153 413 2211 minus
437 2158 588 2231 errasset,
612 2159 701 2211 notus
724 2153 823 2211 minus
848 2158 927 2211 esset
948 2149 1067 2210 Ulixes:

302 2238 406 2316 ldagca
427 2237 609 2299 Philoctetae
632 2238 754 2299 vulnere
778 2239 852 2298 lama
877 2256 930 2297 suo
954 2245 1016 2298 est.

212 2338 245 2387 55
261 2326 293 2388 Si
315 2326 399 2388 locus
423 2336 469 2388 est
491 2327 597 2405 aliquis
619 2334 701 2387 tanta
723 2329 802 2386 inter
825 2328 944 2386 nomina
967 2326 1085 2406 parvis,

303 2414 363 2476 Nos
386 2433 505 2495 quoque
528 2416 706 2494 conspicuos
725 2424 826 2474 nostra
849 2416 935 2490 ruina
958 2414 1044 2473 lacit.

258 2502 320 2564 Nec
344 2510 373 2564 te
397 2505 507 2564 nesciri
529 2506 641 2582 patitur
664 2520 729 2562 mea
753 2506 879 2582 pagina,
903 2519 961 2581 qna
983 2517 1043 2561 non

302 2590 430 2652 inferius
454 2590 512 2652 Coa
535 2590 643 2652 Bittide
667 2608 774 2650 nomen
798 2589 906 2650 habes.

260 2679 409 2760 Quidquid
434 2697 503 2758 ages
525 2681 639 2760 igitur,
663 2696 768 2739 scaena
787 2677 960 2758 spectabere
983 2694 1110 2759 magna,

211 2781 244 2830 60
303 2767 341 2829 Et
363 2771 410 2847 pia
434 2786 493 2829 non
515 2770 615 2848 parvis
638 2767 766 2829 testibus
790 2785 864 2828 uxor
888 2768 963 2827 eris.

259 2854 354 2917 Crede
377 2856 470 2936 mihi,
494 2858 632 2934 quotiens
655 2854 783 2916 laudaris
807 2857 936 2916 carmine
959 2861 1081 2937 nostro,

304 2944 362 3016 Qui
384 2944 456 3024 legit
478 2943 531 3004 has
553 2942 678 3023 laudes,
703 2962 740 3004 an
763 2961 919 3023 mereare,
942 2950 1043 3019 rogat.

260 3030 356 3112 thue
380 3033 479 3093 lavere
501 3050 571 3093 reor
594 3032 695 3112 plures
719 3030 880 3092 virtutibus
902 3032 985 3110 istis,

304 3121 354 3181 Sic
377 3129 428 3182 tua
450 3139 510 3181 non
532 3139 643 3201 paucae
667 3138 789 3198 carpere
813 3121 889 3179 lacta
913 3118 1026 3178 volent:

212 3221 246 3271 ee
261 3209 393 3281 Quarum
415 3217 448 3269 tu
472 3217 611 3290 praesta,
634 3227 672 3269 ne
695 3208 770 3268 livor
793 3207 893 3268 dicere
916 3207 1008 3285 possit

305 3293 401 3358 ‘Haec
425 3304 471 3357 est
493 3315 548 3376 pro
571 3297 674 3358 miseri
696 3295 775 3357 lenta
799 3295 892 3356 salute
916 3287 999 3354 viri.'

260 3383 392 3463 Cumque
412 3402 466 3464 ego
485 3385 636 3465 deficiam,
654 3402 710 3445 nec
729 3386 840 3462 possim
860 3384 968 3445 ducere
987 3398 1135 3467 currum,
1147 3397 1192 3450 (as)

303 3471 361 3530 Fac
385 3480 418 3531 tu
441 3474 588 3533 sustineas
611 3470 707 3532 debile
732 3471 793 3531 sola
816 3474 935 3548 iugum.

259 3555 302 3617 ld
326 3556 472 3618 medicum
497 3567 599 3638 specto
624 3560 706 3618 venis
729 3559 911 3637 fugientibus
934 3575 1040 3637 aeger:
