2467 4042
204 232 268 299 226
566 231 707 292 ARTIS
730 232 868 292 AMAT.

226 393 279 450 666
288 384 353 445 Nee
368 382 493 446 nimium
506 384 597 445 vobis
614 385 771 444 formonsa
785 384 1073 454 ancillaministretz

334 467 435 545 Saepe
450 468 549 529 vicem
564 468 706 530 dominae
720 468 859 544 praebuit
872 469 924 528 illa
937 467 1020 528 milri.

292 553 359 628 Quo
375 553 458 613 teror
470 552 620 613 insanust
641 552 715 626 quid
730 559 836 627 aperto
854 558 977 627 pectore
995 554 1024 612 in
1042 553 1165 616 hostem

331 637 449 711 Mittor,
472 643 503 697 et
516 636 629 696 indicio
644 627 760 711 prbdor
774 636 812 695 ab
828 636 896 711 ipse
910 644 1001 696 meo?

289 721 356 783 Non
372 721 438 781 avis
453 720 625 795 aucupibus
639 726 802 793 monstrat,
822 736 882 795 qua
896 728 983 795 parte
1000 728 1137 795 petaturz

227 811 280 869 670
332 805 399 865 Non
415 805 507 866 docet
519 805 648 865 infestos
664 819 785 864 currere
800 820 891 864 cerva
905 820 1010 865 canes.

289 888 409 949 Viderit
421 888 542 949 utilitas.
567 903 625 963 ego
641 895 752 963 coepta
766 887 896 948 fideliter
909 889 1009 947 edam.

331 971 505 1033 Lemniasin
518 972 640 1048 gladios
656 972 685 1031 in
702 986 771 1031 mea
785 972 847 1031 lata
861 973 953 1033 dabo.

290 1056 446 1127 Efficite..
469 1063 500 1115 et
514 1056 603 1116 facile
617 1062 697 1116 est..
712 1062 746 1116 ut
759 1071 817 1114 nos
832 1056 993 1116 credamus
1008 1056 1121 1115 amari=

332 1139 432 1201 Prona
446 1139 529 1200 venit
542 1140 663 1215 cupidis
678 1139 708 1198 in
723 1156 779 1199 sua
796 1147 867 1199 vota
881 1139 970 1199 fides.

226 1230 277 1287 676
290 1222 415 1301 Spectet
428 1223 587 1285 amabilius
601 1224 757 1297 iuvenem,
777 1224 912 1298 suspiret
926 1222 964 1281 ab
981 1223 1044 1282 imo

331 1307 469 1380 Femina,
492 1315 553 1367 tam
568 1323 640 1367 sero
655 1322 709 1366 eur
723 1308 886 1382 veniatque
899 1313 1002 1381 roget=

290 1391 449 1451 Accedant
462 1392 620 1464 lacrimae,
644 1391 734 1451 dolor
747 1397 776 1449 et
791 1391 830 1451 de
845 1390 943 1465 pelice
957 1390 1059 1464 lictus,

331 1475 368 1535 Et
381 1475 473 1534 laniet
489 1474 591 1549 digitis
606 1474 687 1535 illius
702 1474 851 1534 crescis:

289 1558 470 1618 Iamdudum
485 1574 653 1632 persuasus
668 1557 733 1617 erit.
754 1557 946 1618 miserebitur
959 1558 1049 1631 ultro,

225 1650 277 1705 666
329 1642 367 1701 Et
381 1642 462 1701 dicet
474 1644 561 1701 ‘cura
575 1641 710 1717 carpitur
723 1642 782 1702 ista
795 1642 878 1701 mei!

288 1724 456 1801 Praecipue
470 1724 497 1784 si
512 1725 610 1785 cultus
627 1726 683 1785 erit
697 1726 888 1800 speculoque
901 1722 1043 1799 placebit,

330 1809 428 1868 Posse
443 1824 500 1868 suo
516 1808 597 1883 tangi
614 1808 719 1869 credet
731 1823 835 1867 amore
850 1808 935 1867 deas.

291 1892 353 1954 Sed
368 1900 412 1964 te,
434 1907 646 1968 quaecumque
658 1898 720 1964 est,
742 1892 899 1952 moderate
913 1890 1021 1952 iniuria
1035 1894 1148 1966 turbet,

331 1976 393 2036 Nec
409 1976 453 2036 sis
468 1975 571 2036 audita
586 1976 684 2051 pelice
699 1976 807 2036 mentis
823 1975 923 2050 inops.
990 2021 993 2027 .

226 2068 277 2123 685
288 2060 351 2121 Nec
366 2060 425 2120 cito
442 2058 618 2119 credideris.
642 2067 788 2134 quantum
803 2060 862 2119 cito
878 2060 1003 2119 credere
1017 2061 1133 2134 laedat,

329 2143 510 2220 Exemplum
525 2142 613 2204 vobis
629 2158 690 2203 non
706 2145 775 2203 leve
790 2141 910 2203 Procris
925 2143 991 2202 erit.

287 2227 342 2288 Est
356 2242 454 2303 prope
470 2243 642 2302 purpureos
657 2227 744 2287 collis
759 2225 896 2288 florentis
911 2227 1046 2304 Hymetti

330 2310 412 2371 Fons
428 2326 517 2371 sacer
531 2317 562 2371 et
576 2311 664 2370 viridi
680 2310 816 2386 caespite
829 2310 929 2372 mollis
943 2310 1070 2372 humosa

289 2395 373 2455 Silva
387 2410 495 2455 nemus
509 2411 571 2455 non
585 2395 646 2454 alta
663 2394 742 2454 iacit.
764 2395 838 2470 tegit
851 2395 976 2455 arbutus
991 2395 1136 2456 berbamz

224 2486 276 2542 696
329 2481 393 2540 Ros
408 2478 501 2539 maris
516 2485 547 2539 et
560 2478 636 2539 lauri
650 2479 797 2553 nigraque
811 2486 929 2555 myrtus
945 2479 1043 2539 olente

287 2564 350 2623 Nec
367 2564 496 2623 densum
512 2563 593 2623 loliis
608 2562 723 2623 buxum
737 2562 923 2638 fragilesque
936 2563 1082 2641 myricae,

330 2648 391 2706 Nec
405 2654 514 2708 tenues
530 2646 621 2725 cytisi
635 2647 777 2722 cultaque
791 2646 883 2722 pinus
896 2645 994 2706 abest

287 2730 420 2791 Lenibus
435 2730 575 2806 inpulsae
589 2730 735 2810 zephyris
750 2745 885 2805 auraque
900 2729 1013 2791 salubri

328 2815 384 2874 Tot
397 2830 541 2889 generum
556 2814 684 2875 frondes
697 2814 854 2888 herbaque
869 2829 987 2874 summa
1002 2815 1116 2875 tremit:

224 2906 274 2963 696
287 2901 377 2959 Grata
393 2898 481 2973 quies
498 2897 642 2973 Cephalo.
664 2899 784 2959 famulis
799 2897 989 2973 canibusque
1002 2899 1118 2960 relictis

327 2983 445 3044 Lassus
460 2984 490 3042 in
504 2981 563 3041 hae
580 2982 700 3042 iuvenis
715 2998 811 3058 saepe
824 2981 939 3042 resedit
952 2981 1056 3057 humo,

287 3066 459 3141 ‘Quae'que
473 3070 572 3128 ‘meos
587 3067 709 3128 releves
724 3073 828 3127 aestus
837 3069 856 3135 ‚⁹
880 3073 1002 3125 cantare
1017 3066 1137 3129 solebat

329 3151 531 3226 ‘Accipienda
545 3150 630 3223 sinu,
654 3151 774 3211 mobilis
789 3166 879 3223 aura,
898 3149 992 3210 veni!

288 3233 431 3310 Coniugis
447 3236 486 3295 ad
501 3234 622 3295 timidas
637 3235 746 3310 aliquis
760 3235 839 3295 male
854 3234 982 3295 sedulus
998 3250 1089 3294 aures

227 3325 275 3382 loo
326 3319 459 3381 Auditos
474 3319 600 3379 memori
615 3319 721 3379 detulit
735 3335 789 3380 ore
803 3334 909 3378 sonos.

285 3401 405 3464 Procris
420 3409 453 3465 ut
467 3404 586 3479 accepit
600 3419 726 3478 nomen,
748 3402 835 3478 quasi
850 3401 973 3478 pelicis,
996 3400 1112 3479 Aurae,

327 3486 461 3556 Excidit,
485 3494 515 3547 et
529 3486 628 3549 subito
645 3494 728 3548 muta
742 3488 848 3547 dolore
864 3486 926 3547 luit.
