2467 4042
395 291 398 296 .
492 250 570 312 Lm
583 252 679 303 o-tr,

170 412 308 493 singultu
331 412 445 473 medios
467 412 648 492 impediente
671 429 776 473 sonos.

156 500 221 562 llla
243 503 332 562 etiam
356 508 423 562 ante
446 500 524 561 lares
546 503 642 579 passis
665 501 794 562 adstrata
812 500 925 580 capillis
1020 514 1025 523 ·

169 589 300 670 Contigit
321 592 468 651 extinctos
491 605 543 650 ore
566 595 714 650 tremente
737 589 837 670 focos,

120 690 155 740 45
170 678 319 757 Multaque
343 680 375 738 in
397 676 537 738 adversos
560 676 665 738 effudit
688 675 777 738 rerba
799 684 920 759 penates

169 767 228 828 Pro
251 765 404 846 deplorato
428 783 488 826 non
510 764 636 827 valitura
658 768 739 826 viro.

169 854 289 934 lamque
312 871 412 915 morae
436 855 564 933 spatium
587 870 646 913 nox
669 855 861 933 praecipitata
884 853 1026 935 negabat,

168 940 319 1022 Versaque
343 941 379 1003 ab
403 959 456 1002 axe
480 959 535 1002 suo
558 939 713 1003 Parrhasis
736 949 834 1003 arctos
858 949 938 1004 erat.

169 1030 246 1103 Quid
270 1026 430 1092 facerem?
461 1028 569 1091 blando
592 1033 705 1110 patriae
729 1030 879 1092 retinebar
902 1048 1022 1093 amore:

121 1131 156 1181 co
170 1119 279 1180 Ultima
302 1116 355 1180 sed
378 1120 476 1179 iussae
500 1136 559 1178 nox
582 1125 646 1179 erat
669 1118 717 1179 illa
740 1119 844 1198 fugae.

169 1206 216 1268 ni
239 1209 377 1287 quotiens
401 1206 499 1285 aliquo
518 1205 579 1267 dixi
600 1215 781 1286 properante
804 1202 893 1278 ‘Quid
917 1203 1054 1287 urgues?

169 1294 222 1355 Vel
246 1312 305 1375 quo
328 1295 452 1355 festinas
474 1297 542 1376 ire,
565 1293 611 1355 vel
635 1294 735 1372 unde,
760 1290 855 1355 videl'

171 1380 217 1443 Al
241 1384 380 1461 quotiens
402 1392 515 1444 certam
537 1400 585 1444 me
609 1400 675 1444 sum
699 1384 842 1444 mentitus
864 1382 974 1445 habere
1012 1443 1015 1450 .

169 1469 301 1551 Horam,
324 1473 493 1550 propositae
518 1487 592 1549 quae
616 1471 695 1531 foret
717 1479 784 1550 apta
806 1473 886 1532 viae.

120 1571 154 1620 oo
169 1558 229 1620 Ter
251 1557 342 1619 limen
366 1560 470 1641 tetigi,
494 1565 541 1619 ter
564 1577 630 1620 suin
653 1568 830 1640 revocatus,
854 1566 885 1620 et
906 1561 971 1639 ipse

172 1646 332 1726 Indulgens
356 1648 453 1707 animo
476 1665 529 1726 pes
553 1647 625 1708 mihi
648 1646 752 1708 tardus
776 1656 846 1708 erat

170 1735 264 1816 Saepe
287 1734 351 1795 vale
374 1735 454 1796 dicto
477 1752 583 1796 rursus
606 1753 674 1796 sum
696 1735 787 1797 multa
810 1735 947 1817 locutus,

168 1822 207 1885 Et
230 1826 316 1904 quasi
338 1823 494 1884 discedens
517 1823 619 1884 oscula
641 1841 756 1885 summa
779 1822 864 1885 dedi.

169 1910 264 1992 Saepe
288 1910 391 1973 eadem
414 1912 550 1973 mandata
573 1911 643 1974 dedi
666 1930 774 2017 meque
796 1915 861 1993 ipse
884 1912 992 1994 fefelli,

120 2014 154 2064 co
169 2000 343 2080 Respiciens
366 2000 461 2061 oculis
483 2002 607 2079 pignora
630 2018 698 2062 cara
717 2003 808 2063 meis.

169 2089 304 2168 lienique
324 2085 414 2160 Quid
432 2085 592 2170 propero?
615 2088 735 2170 Scythia
753 2098 821 2171 est,
845 2107 904 2169 quo
923 2085 1090 2172 mittimu1'‚

713 2179 835 2257 inquam

170 2262 274 2328 ‘Roma
297 2265 492 2345 relinquenda
516 2273 583 2328 est.
615 2272 743 2346 utraque
766 2268 844 2327 iusta
867 2284 950 2328 mora
973 2274 1036 2329 est.

168 2354 249 2416 Uxor
271 2356 304 2414 in
327 2360 481 2415 aeternum
505 2355 569 2414 viro
592 2353 664 2415 mihi
688 2356 750 2415 riva
774 2361 922 2435 negatur,

168 2440 207 2503 Et
229 2441 336 2503 domus
359 2448 389 2502 et
412 2442 487 2502 fidae
510 2441 607 2503 dulcia
631 2441 763 2503 membra
786 2444 908 2522 domus,

75 2577 77 2582 .
120 2541 154 2593 co
170 2529 311 2609 Quosque
333 2546 390 2609 ego
413 2529 503 2590 dilexi
525 2529 658 2592 fraterno
682 2548 764 2593 more
788 2530 921 2610 sodales,

169 2616 194 2679 0
218 2618 291 2679 milri
313 2611 426 2694 Thesea
449 2624 571 2698 pectora
594 2622 695 2680 iuncta
718 2618 793 2681 fidel

169 2706 245 2768 Dum
267 2706 339 2768 licet
350 2753 360 2788 ‚
383 2705 564 2786 amplectar.
599 2725 762 2788 numquam
786 2708 911 2770 fortasse
935 2707 1036 2771 licebit

167 2794 324 2876 Amplius.
355 2796 386 2856 in
411 2795 495 2857 lucro
519 2803 565 2857 est
588 2814 664 2875 qnae
688 2796 776 2858 datur
798 2797 871 2857 hora
894 2798 967 2859 mihi
977 2794 996 2859 .'

167 2882 229 2944 Nec
252 2900 357 2964 mora,
381 2887 528 2945 sermonis
552 2883 642 2944 verba
664 2886 828 2964 inperfecta
851 2885 1010 2965 relinquo,

119 2984 153 3033 to
168 2970 376 3050 Complectens
400 2974 497 3032 animo
520 2974 655 3051 proxima
678 2990 814 3051 quaeque
838 2990 912 3033 meo.

167 3057 245 3119 num
267 3059 374 3138 loquor
397 3066 428 3119 et
449 3059 581 3138 flemus,
603 3058 686 3119 caelo
708 3060 906 3121 nitidissimus
928 3059 1006 3140 alto,

169 3145 261 3207 Stella
283 3149 380 3226 gravis
403 3145 514 3227 nobis,
537 3144 659 3207 Lucifer
681 3156 766 3207 onus
789 3154 871 3208 erat.

168 3233 289 3295 dividor
303 3233 382 3295 haud
401 3233 503 3315 aliter,
527 3250 616 3313 quam
635 3236 661 3294 si
680 3252 744 3296 mea
759 3233 891 3295 membra
909 3234 1090 3317 relinquam,

167 3321 207 3384 Et
228 3340 298 3403 pars
322 3322 460 3402 abrumpi
482 3339 608 3402 corpore
632 3324 694 3383 visa
718 3341 772 3384 suo
795 3328 858 3384 est.
960 3386 964 3395 ,

120 3424 154 3474 to
169 3410 219 3472 Sic
243 3411 338 3472 doluit
360 3410 471 3473 liettus
495 3418 589 3490 tnnc,
612 3428 682 3472 cum
704 3413 735 3473 in
760 3413 907 3472 contraria
930 3429 1035 3472 versos
1149 3446 1153 3453 ·

169 3499 288 3562 Ultores
311 3498 414 3561 habuit
436 3500 615 3580 proditionis
639 3517 749 3579 equos.

167 3587 244 3650 Tum
267 3593 348 3650 vero‘
362 3590 495 3650 exoritur
518 3587 630 3649 clamor
653 3590 840 3668 gemitusque
862 3580 1014 3670 meorum,
