2467 4042
496 215 529 278 Ι,
548 217 707 269 tat-325.
822 232 970 270 1111111111
1086 214 1106 278 9

177 378 335 440 indeiecta
357 377 457 459 malo,
480 377 597 439 culnmn
621 385 719 439 tamen
743 377 828 439 altior
849 378 939 440 huius

110 480 163 529 290
178 466 268 527 Unda
291 469 389 547 tegit,
411 484 591 546 pressaeque
614 465 708 527 latent
730 465 786 527 sub
808 469 925 546 gurgite
948 475 1066 529 turres.

178 555 305 634 lamque
328 572 411 616 mare
438 553 583 616 citellus
610 554 726 616 nullum
753 554 914 616 discrimen
942 554 1106 618 habebant:

179 642 290 704 Omnia
313 650 424 722 pontus
446 651 552 705 erant.
581 641 705 703 deerant
727 661 845 722 quoque
867 642 954 704 litora
976 653 1085 724 ponto.

179 731 320 810 Occupat
341 730 391 791 hic
413 730 540 792 coliem:
569 729 676 792 cumba
699 731 783 792 sedet
805 731 879 792 alter
897 731 1011 793 adunca

178 819 219 880 Et
244 818 329 880 ducit
350 836 450 879 remos
472 818 533 880 illic
556 818 609 880 ubi
631 836 727 898 nuper
750 827 863 900 ararat3

107 918 164 969 111
179 907 235 968 llle
259 924 352 986 super
374 915 494 986 segetes
516 917 567 968 aut
589 924 704 967 mersae
728 906 856 968 culmina
877 907 961 969 villae

178 995 327 1076 Navigat,
349 994 399 1056 hic
422 1012 537 1056 summa
558 997 673 1075 piscem
695 994 852 1075 deprendit
872 998 905 1056 in
927 996 1025 1077 ulm03

179 1082 299 1163 Figitur
321 1085 354 1144 in
376 1082 464 1144 viridi
475 1131 485 1165 ‚
509 1086 535 1144 si
557 1083 620 1144 sors
642 1082 733 1164 tulit,
755 1100 863 1144 ancora
883 1093 988 1166 prato,

178 1172 243 1233 hut
264 1171 399 1233 subiecta
421 1178 524 1233 terunt
547 1189 654 1233 curvae
677 1172 774 1232 vineta
797 1173 931 1233 carinae.

179 1259 245 1342 Et,
265 1258 355 1320 modo
379 1277 437 1338 qua
459 1258 584 1339 graciles
606 1277 729 1339 gramen
751 1277 889 1340 carpsere
908 1260 1054 1344 capellae,

105 1359 166 1409 too
179 1347 270 1408 Nunc
292 1347 335 1408 ibi
358 1346 507 1409 deformes
529 1354 646 1427 ponunt
668 1365 721 1409 sua
743 1365 869 1428 corpora
890 1349 1020 1428 phocae.

178 1435 331 1500 Mirantur
354 1434 410 1497 sub
433 1453 509 1515 aqua
530 1435 615 1497 lucos
637 1434 787 1514 urbesque
811 1435 973 1514 domosque

179 1522 351 1584 Nereides.
379 1522 526 1603 silvasque
550 1532 655 1585 tenent
676 1522 853 1606 delphines,
877 1532 907 1585 et
929 1525 996 1585 altis

179 1611 343 1672 Incursant
363 1613 454 1672 ramis
469 1658 476 1673 .
492 1610 672 1691 [agitataque
694 1609 803 1673 robora
824 1611 944 1692 pulsant
953 1611 975 1690 .]

178 1698 241 1760 Nat
261 1698 352 1779 lupus
373 1700 453 1760 inter
475 1717 567 1781 oves,
590 1700 687 1761 iulvos
709 1699 790 1760 vehit
807 1700 887 1761 unda
909 1700 1028 1783 leones,

106 1797 166 1850 101
179 1785 269 1849 Unda
290 1786 373 1849 vehit
394 1790 508 1866 tigres.
536 1804 592 1848 nec
614 1790 693 1849 sires
716 1788 848 1849 fulminis
870 1806 960 1871 apro,

180 1875 280 1937 crura
301 1893 359 1936 neo
381 1874 477 1937 ablato
499 1884 627 1955 prosunt
648 1876 760 1937 velocia
782 1894 888 1939 cervo.

182 1961 394 2043 Quaesitisque
413 1963 465 2025 diu
487 1964 600 2045 terris,
618 1962 672 2025 ubi
693 1966 800 2026 sistere
823 1965 929 2047 detur,

179 2051 218 2112 ln
236 2069 318 2113 mare
340 2051 458 2113 lassatis
479 2051 609 2113 volucris
632 2069 704 2131 vaga
726 2052 836 2114 decidit
857 2052 929 2114 alis.

181 2138 336 2201 Obruerat
356 2137 487 2201 tumulos
509 2142 645 2201 inmensa
666 2140 786 2202 licentia
807 2143 910 2222 ponti,

108 2239 167 2289 810
181 2226 405 2306 pulsabantque
428 2230 495 2289 novi
517 2236 657 2290 montana
680 2230 832 2290 cacumina
849 2228 976 2291 iluctus.

180 2314 308 2376 Maxima
330 2333 400 2396 pars
422 2314 502 2376 unda
524 2318 661 2396 rapitur:
684 2315 793 2394 qulbus
816 2316 895 2377 unda
916 2320 1069 2401 pepercit,

182 2402 254 2464 illos
276 2402 364 2483 longa
385 2402 506 2465 domant
528 2406 610 2483 inopi
633 2406 744 2465 ieiunis
765 2405 864 2466 victu.

231 2490 355 2571 Separat
377 2491 486 2552 Aonios
509 2490 629 2553 Oetaeis
651 2491 760 2553 Phocis
782 2490 819 2553 ab
842 2495 938 2574 arvis,

183 2577 278 2640 Terra
295 2581 379 2640 icrax
391 2627 401 2662 ,
424 2579 496 2641 dum
517 2587 598 2641 terra
622 2580 701 2643 iuli:
724 2580 776 2641 sed
800 2584 988 2660 temporeis
1011 2581 1060 2643 illo

109 2679 167 2729 alo
182 2666 257 2728 Pars
279 2669 371 2729 maris
394 2676 424 2729 et
445 2667 523 2730 latus
546 2667 714 2730 subitarum
736 2686 858 2749 campus
881 2687 1042 2748 aquarum.

182 2754 269 2817 lions
290 2755 333 2817 ibi
355 2756 516 2818 verticibus
538 2759 615 2836 petit
636 2756 747 2818 arduus
770 2764 850 2819 astra
872 2757 1006 2839 duobus,

182 2841 308 2905 Nomine
330 2843 503 2926 Parnasus,
526 2853 727 2924 superantque
751 2847 903 2912 cacumina
926 2845 1038 2907 nubes.

182 2929 239 2992 llic
261 2930 314 2993 ubi
336 2931 519 3016 Deucalion,
541 2950 611 2994 nam
633 2941 733 2994 cetera
755 2942 870 2995 texerat
892 2952 1021 3015 aequor,

183 3018 259 3080 Cum
281 3029 420 3083 consorte
443 3022 503 3083 tori
524 3039 614 3101 parva
636 3030 701 3083 rate
723 3031 826 3083 vectus
849 3021 999 3103 adhaesit,

111 3120 168 3168 ato
184 3105 344 3187 Corycidas
365 3108 509 3188 nymphas
533 3117 564 3170 et
585 3111 708 3170 numina
729 3112 840 3170 montis
863 3108 1002 3189 adorant,

182 3194 403 3275 Fatidicamque
426 3196 576 3278 Themin,
599 3214 675 3275 quae
694 3206 767 3259 tunc
789 3197 887 3259 oracla
909 3196 1045 3258 tenebat.

182 3283 250 3344 Non
271 3283 322 3345 illo
344 3285 450 3346 melior
472 3285 630 3364 quisquam
651 3302 707 3346 nec
731 3287 876 3346 amantior
898 3287 985 3363 aequi

183 3370 235 3432 Vir
256 3372 314 3433 luit
325 3419 335 3454 ,
358 3372 477 3434 anthia
498 3374 680 3434 metuentior
702 3373 762 3434 ulla
784 3372 926 3435 deorum.

181 3458 317 3539 luppiter
338 3468 373 3522 ut
395 3459 515 3540 liquidis
537 3467 674 3539 stagnare
691 3460 849 3540 paludibus
871 3460 992 3542 orbem,

109 3546 221 3610 111111
244 3565 404 3628 superesse
426 3551 523 3610 virum
545 3547 582 3609 de
606 3557 651 3611 tot
668 3549 756 3610 modo
780 3549 898 3611 milibus
921 3566 1032 3629 unum,
