2467 4042
177 292 234 356 tio
533 292 673 352 ARTIS
698 293 836 351 AMAT.

257 446 335 506 Noto
349 460 437 504 cano.
460 459 521 503 non
537 443 609 517 hoc,
634 452 754 505 centum
769 462 850 521 quae
864 447 993 507 sustinet
1009 449 1133 524 urbeS,

301 528 444 603 Quamvis
460 526 499 586 sit
514 528 661 600 mendax,
685 527 771 589 Creta
786 545 900 605 negare
915 538 1028 606 potest.

259 614 330 688 ipsa
344 628 441 672 novas
456 611 582 672 frondes
597 619 628 671 61
643 619 727 685 prata
743 614 905 673 tenerrima
921 621 1007 675 tauro

195 707 247 759 300
301 696 406 757 Fertur
420 695 580 756 inadsueta
594 694 794 757 subsecuisse
809 712 910 758 manu.

260 781 284 840 it
298 795 402 841 comes
418 779 571 840 armentis.
594 779 773 839 nocituram
789 796 863 840 cura
877 789 1011 842 moratur

302 863 455 939 Coniugis.
479 870 510 923 61
523 862 623 921 Minos
638 878 657 922 a
672 862 751 924 bove
767 865 865 926 victus
882 871 954 926 6161.

260 949 325 1023 Quo
341 947 409 1021 tibi,
431 946 597 1023 Pasiphae,
620 945 773 1023 pretiosas
788 964 910 1009 sumere
923 955 1050 1010 vestest

302 1032 354 1093 1116
369 1038 436 1092 tuus
452 1032 550 1092 nutias
566 1031 658 1091 sentit
672 1032 790 1092 adulter
804 1049 891 1109 opes.

195 1116 402 1191 36501111ῑί11
417 1131 486 1177 cum
499 1115 642 1191 speculo,
663 1124 806 1176 montena
821 1125 955 1178 annenta
970 1120 1119 1192 petenti?

303 1201 379 1275 Quid
396 1201 506 1261 titicus
523 1199 642 1275 positas
657 1198 763 1275 fingis,
787 1198 906 1277 inepta,
928 1208 1056 1262 comast

260 1284 356 1345 Crede
371 1290 470 1345 tamen
486 1283 631 1360 speculo,
655 1284 738 1359 quod
754 1291 784 1344 te
797 1293 889 1360 negat
902 1299 974 1346 esse
989 1287 1182 1348 iuvencam.

301 1367 396 1443 Quam
411 1383 540 1444 cuperes
556 1368 647 1429 1161111
661 1383 777 1429 cornua
791 1375 862 1429 nata
876 1376 960 1429 tuae!

259 1452 331 1513 Sive
344 1453 445 1527 piacet
458 1451 573 1526 Minos,
598 1452 698 1513 nutius
714 1460 877 1528 quaeratur
891 1454 1022 1513 adultera

195 1546 247 1600 310
299 1535 372 1597 Sive
388 1536 486 1598 vimm
501 1535 598 1596 mavis
612 1535 733 1611 1611616,
754 1537 921 1597 fallarino!

259 1622 292 1681 in
306 1636 413 1681 nemus
428 1629 459 1681 61
472 1621 568 1681 saltus
584 1620 717 1681 thalamo
734 1620 839 1696 regina
854 1621 958 1681 1611616

299 1705 418 1781 Fertur,
441 1712 474 1766 ut
487 1704 588 1765 Aonio
604 1705 724 1764 concita
739 1705 857 1767 baccha
871 1706 939 1765 deo.

257 1791 300 1864 A,
323 1789 462 1864 quotiens
479 1804 603 1849 vaccam
620 1790 702 1849 vultu
718 1790 870 1864 spectavit
885 1789 999 1863 iniquo,

300 1873 337 1933 Et
354 1874 430 1935 dixit
443 1874 580 1934 ‘domino
597 1888 652 1932 cur
668 1874 768 1949 piacet
782 1874 840 1933 ista
855 1881 944 1934 meo?

194 1967 246 2021 ata
256 1956 386 2033 Aspice,
406 1965 439 2019 ut
451 1964 522 2017 ante
536 1958 638 2034 ipsum
654 1957 765 2018 teneris
782 1958 894 2018 exultat
909 1959 938 2016 in
955 1957 1076 2017 herbis:

299 2041 361 2101 Nec
376 2041 497 2117 dubito,
522 2042 594 2116 quiu
609 2057 645 2102 se
659 2043 751 2102 stulta
766 2042 876 2101 decere
892 2045 998 2117 putet’

258 2125 352 2196 Dixit,
376 2132 406 2185 61
420 2126 533 2201 ingenti
549 2125 726 2186 iamdudum
740 2125 780 2185 de
792 2140 885 2201 grege
900 2125 968 2186 duci

300 2210 391 2271 iussit
404 2217 434 2271 ct
450 2209 617 2271 inmeritam
633 2209 690 2271 sub
705 2210 776 2284 iuga
791 2224 885 2269 curva
902 2209 986 2282 116111,

257 2296 319 2355 Aut
334 2294 445 2354 cadere
460 2301 530 2354 ante
547 2309 617 2353 aras
634 2300 868 2368 commentaque
882 2309 971 2354 sacra
987 2295 1101 2370 coegit,

193 2386 244 2440 311
296 2377 334 2438 Et
347 2380 442 2440 tenuit
456 2379 535 2438 laeta
549 2377 656 2453 pelicis
672 2384 743 2437 exta
756 2394 857 2438 manu.

257 2461 406 2523 Peticibus
422 2461 565 2537 quotiens
579 2460 713 2537 placavit
726 2462 850 2522 numina
865 2462 974 2535 666616,

297 2546 399 2621 Atque
415 2548 469 2621 ait,
492 2553 563 2607 exta
577 2552 684 2606 tenens
700 2546 767 2619 ‘ite,
790 2548 912 2621 piacete'
923 2548 1020 2606 meot'

258 2630 295 2690 Et
308 2632 401 2691 modo
417 2648 452 2692 se
465 2630 609 2706 Europen
624 2630 706 2705 fieri,
728 2629 820 2691 modo
836 2631 971 2705 postulat
987 2630 1030 2701 16,

298 2715 403 2775 Α11616
419 2716 503 2791 quod
519 2714 578 2775 bos
593 2722 654 2784 est,
679 2716 774 2775 attera
789 2721 877 2775 vecta
890 2714 979 2777 bove.

193 2805 243 2860 315
255 2798 340 2859 Hanc
356 2804 456 2860 tamen
471 2800 622 2875 implevit,
646 2814 741 2859 vacca
755 2799 903 2875 deceptus
916 2813 1037 2870 acerna,

211 2942 219 2956 ,
299 2883 367 2943 Dux
382 2884 499 2959 gregis,
521 2891 551 2944 et
566 2890 672 2959 partus
688 2883 827 2959 proditus
843 2887 1035 2944 6661616161.

257 2966 369 3028 Cressa
382 2967 537 3047 Thyesteo
553 2968 579 3028 si
594 2983 630 3028 se
641 2966 841 3029 abstinuisset
853 2982 986 3041 6111616..

299 3051 349 3111 iii!
362 3059 516 3133 *quantum
532 3059 593 3127 est,
617 3051 670 3112 uni
689 3068 784 3127 posse
801 3053 923 3127 placere
939 3051 1004 3110 viro
1012 3057 1041 3110 1..

256 3135 322 3195 Non
338 3136 471 3197 medium
485 3137 621 3212 rupisset
635 3136 705 3207 iter,
729 3151 883 3211 numaque
897 3144 1010 3197 retorto

194 3226 246 3281 131
297 3221 449 3281 Auroram
465 3221 563 3281 uersis
577 3220 720 3282 Phoebus
735 3220 853 3282 adisset
867 3220 965 3296 equis.

257 3303 331 3363 Fitia
347 3320 520 3382 purpureos
534 3305 607 3366 Niso
624 3306 722 3365 iurata
736 3304 864 3380 capillos

300 3387 382 3449 Pube
396 3388 505 3464 premit
519 3389 644 3450 rabidos
660 3389 896 3465 inguinibusque
911 3404 1014 3449 canes.

259 3470 315 3545 Qut
330 3471 456 3533 Martem
471 3480 564 3547 terra,
587 3474 759 3549 Neptunum
773 3472 880 3548 effugit
894 3472 923 3532 in
939 3472 1039 3545 undis,

303 3554 445 3630 Coniugis
460 3557 582 3618 Atrides
599 3556 719 3617 victima
733 3557 800 3617 dira
814 3556 878 3617 11111.
