2467 4042
173 213 237 277 184
357 232 459 269 oerore
584 214 766 270 METAMM.

261 379 428 467 Spectatrix
452 379 607 439 aderamf
593 381 645 441 fati
668 379 796 442 crrrdelis
809 401 991 463 ‚opemque

193 469 326 532 3001103
340 477 474 550 poteram
489 466 543 529 tibi
560 468 663 550 ferre,
686 487 793 530 00303.
816 480 1019 552 quantumque
1034 474 1191 557 valebam,

262 557 452 619 Crescentem
474 564 615 617 truncum
639 573 796 637 ramosque
820 560 952 639 amplexa
974 562 1134 645 morabar,

260 646 320 728 Et,
343 646 461 726 fateor,
483 642 563 705 volui
586 642 642 706 sub
666 642 771 707 eodem
795 650 906 709 cortice
930 649 1036 712 condi.

260 734 338 796 Ecce
360 734 406 794 313
429 691 616 794 Andraemon
645 735 821 813 genitorque
847 738 1034 798 miserrimus
1060 740 1192 824 adsunt,

260 822 299 884 Et
322 828 470 902 quaerunt
491 821 652 901 Dryopen.
676 820 812 902 Dryopen
837 825 1049 903 quaerentibus
1075 827 1135 889 illis

193 923 246 975 330
262 909 385 973 Ostendi
407 909 511 971 loton
538 909 639 989 tepido
663 908 734 972 dant
758 910 858 972 oscula
880 912 980 995 ligno,

261 1001 414 1078 difusique
436 1016 507 1059 suae
529 996 679 1058 radicibus
702 997 819 1060 arboris
842 999 982 1064 haerent.

260 1087 308 1149 Nil
330 1088 388 1148 nisi
410 1089 468 1148 iam
481 1087 587 1147 faciem
599 1086 712 1190 ,00031
734 1105 794 1149 000
808 1088 885 1150 10303
898 1088 1011 1170 arbor,
1033 1091 1190 1175 habebas,

262 1176 336 1238 Cara
358 1192 465 1237 soror:
488 1173 626 1236 lacrimae
649 1176 759 1237 misero
783 1176 819 1237 de
842 1193 968 1256 corpore
991 1179 1080 1241 factis

260 1264 398 1326 lnrorant
419 1263 520 1344 foliis3
543 1281 577 1324 ac
601 1262 671 1323 dum
693 1263 764 1325 licet
776 1280 919 1345 ,oraque
941 1275 1100 1346 praestant

193 1365 247 1417 330
260 1352 347 1414 Vocis
369 1354 428 1414 iter
439 1400 449 1435 ‚
471 1309 545 1412 33100
569 1350 725 1413 01100013
717 1369 748 1412 m
771 1356 839 1413 aera
862 1362 1006 1433 questus:

261 1437 377 1521 “Siqua
398 1439 472 1501 fides
494 1441 634 1522 miseris,
656 1440 713 1500 hoc
736 1458 783 1501 me
805 1458 860 1521 per
883 1444 1005 1503 numina
1028 1445 1098 1505 iuro

260 1529 326 1592 Non
349 1530 495 1590 meruisse
518 1528 624 1589 nefas.
651 1529 748 1608 patior
771 1528 834 1589 sine
859 1531 983 1591 crimine
1006 1551 1157 1612 poenam.

259 1617 392 1679 Viximus
414 1619 581 1678 innocuae.
609 1618 636 1677 si
658 1619 808 1699 mentior,
831 1617 913 1679 arida
933 1619 1059 1699 perdam

261 1706 340 1777 Quas
364 1704 457 1766 habeo
481 1703 625 1786 frondes,
648 1712 679 1766 et
701 1720 787 1766 caesa
810 1705 968 1767 securibus
991 1727 1083 1771 urar.

192 1792 347 1859 33011030
371 1801 468 1854 333000
491 1793 634 1855 infantem
658 1795 799 1854 maternis
822 1793 931 1856 demite
955 1797 1063 1877 ramis,

260 1883 298 1944 Et
321 1883 387 1943 date
411 1882 542 1943 nutrici.
570 1888 732 1961 nostraque
756 1880 812 1943 sub
835 1881 941 1943 arbore
965 1901 1053 1963 saepe

260 1970 318 2032 Lac
342 1971 460 2032 facitote
484 1969 565 2030 bibat
577 1976 771 2052 ,nostraque
795 1956 850 2031 sub
873 1968 980 2032 arbore
1003 1969 1106 2035 ludat.

261 2060 394 2139 Cumque
417 2057 500 2139 loqui
521 2060 654 2139 poterit,
676 2066 802 2120 matrem
824 2058 943 2120 facitote
967 2060 1098 2143 salutet,

260 2147 299 2210 Et
321 2147 417 2209 tristis
440 2146 519 2208 dicat
541 2141 760 2208 ω133031300
752 2162 784 2208 30
806 2147 907 2226 stipite
930 2144 1082 2210 mater.'''

193 2248 246 2300 330
261 2237 371 2316 Stagna
393 2244 491 2296 tamen
515 2236 639 2315 timeat,
662 2242 718 2295 nec
741 2242 842 2315 carpat
864 2233 900 2295 ab
923 2234 1030 2296 arbore
1054 2236 1167 2320 flores,

260 2325 299 2387 Et
321 2326 444 2386 frutices
468 2341 571 2384 ornnes
594 2340 703 2404 corpus
725 2330 812 2402 putet
833 2340 900 2384 0000
922 2323 1062 2386 dearum.

260 2413 334 2475 Care
357 2413 420 2474 vale
444 2414 595 2494 coniunx,
618 2420 649 2473 et
670 2418 726 2491 30,
749 2428 910 2492 germana,
931 2408 1096 2492 paterque!

261 2501 319 2572 Qut
331 2549 341 2583 ,
364 2504 449 2580 siqua
472 2508 519 2560 est
540 2502 653 2580 pietas,
676 2498 712 2559 ab
736 2507 839 2560 acutae
861 2499 984 2561 vulnere
1007 2501 1111 2585 falcis,

260 2589 283 2652 Α
306 2591 424 2672 pecoris
447 2606 549 2649 morsu
572 2587 693 2651 frondes
716 2587 865 2649 defendite
887 2595 1023 2650 nostras.

193 2677 300 2741 330113
322 2680 461 2758 quioniam
484 2675 557 2738 mihi
579 2677 624 2738 fas
646 2673 685 2741 ad
705 2692 758 2740 303
780 2675 954 2738 incumbere
977 2695 1038 2738 non
1061 2687 1128 2761 est,

260 2763 372 2846 Erigite
395 2765 583 2848 bocurtus,
605 2773 636 2827 03
659 2764 695 2826 ad
718 2764 819 2827 oscula
840 2772 943 2826 nostra
964 2768 1081 2845 venite,

261 2854 338 2916 Dum
360 2856 440 2934 tangi
462 2871 606 2937 possum,
628 2850 813 2934 pariumque
834 2852 959 2916 attollite
982 2862 1104 2916 natum.

259 2943 350 3005 Plura
372 2943 453 3023 loqui
475 2961 614 3022 nequeo.
642 2942 791 3003 narniam
813 2959 868 3021 per
891 2941 1014 3002 candida
1037 2942 1135 3004 mollis

262 3031 342 3093 Colla
363 3031 440 3093 liber
463 3034 579 3114 serpit,
602 3048 777 3110 summoque
802 3031 955 3091 cacumine
978 3031 1110 3092 condor.

195 3133 247 3185 300
260 3120 305 3181 Ex
328 3119 422 3181 oculis
445 3126 595 3182 removete
617 3138 744 3180 manus
772 3119 837 3179 sine
859 3135 984 3180 munere
1007 3128 1109 3180 restro

262 3208 406 3288 Contegat
427 3208 568 3270 inductus
589 3209 746 3269 morientia
769 3207 880 3268 lumina
903 3202 1048 3268 cortexf’

260 3296 416 3361 Desierant
438 3296 526 3359 simul
549 3315 601 3358 033
623 3297 728 3378 loqui,
750 3293 838 3357 simul
861 3312 949 3356 esse.
973 3294 1122 3374 diuquet
1134 3308 1184 3353 nt

261 3384 392 3466 Corpore
415 3394 529 3448 mutato
555 3387 628 3447 rami
651 3384 768 3446 caluere
792 3377 958 3445 recentes'

305 3473 441 3554 Dumque
465 3475 560 3535 refert
581 3474 642 3535 lole
666 3474 776 3535 factum
799 3471 932 3534 mirabile
947 3471 1112 3552 ,dumque

189 3569 245 3621 300
259 3559 419 3641 Eurytidos
442 3562 577 3624 lacrimas
601 3562 719 3623 admoto
741 3560 848 3642 pollice
872 3563 963 3622 siccat
