2467 4042
179 224 256 281 XXX

179 392 267 466 Iopp.
290 392 336 453 tio
357 396 450 452 motus
467 393 549 466 pres
586 407 689 450 omnes
711 390 791 469 libri,
813 390 898 470 vitio,
920 395 957 453 ut
974 393 1100 473 opinor,
1127 395 1198 456 sai·

179 482 309 557 vetusto,
331 479 472 540 fortassis
494 497 531 539 ex
548 478 724 538 litteratura
744 478 876 556 capitali
911 481 957 542 tis
979 482 1005 542 si
1027 500 1091 559 pro
1119 482 1164 543 ab
1184 504 1206 531 ,—

178 568 243 629 tivo
266 567 316 646 sit,
340 567 456 629 dioetur
477 567 581 628 Iovem
602 566 682 626 dona
703 566 875 628 Iuventutis
891 573 1094 648 praesmissa,
1121 589 1197 648 qun

180 655 317 717 fortassis
344 659 447 733 erunt,
475 655 526 732 qui
551 654 732 731 intellegant
758 647 953 735 maturasse,
980 653 1194 720 aooelsrasse'

179 744 263 821 atqui
289 762 349 805 nou
375 745 477 821 potest
503 743 784 821 praecipuorum,
813 744 893 820 quod
914 745 947 805 in
968 746 1112 807 alterum
1145 776 1198 798 ·

179 832 303 893 feratur.
348 832 464 893 assedit
485 831 565 908 quod
586 831 747 893 66166643
768 832 857 910 satis,
881 832 981 910 siquid
1004 835 1130 913 sentio,
1176 864 1189 887 .·

180 921 270 982 surde
297 920 408 981 dieitur
430 920 468 980 de
491 919 614 997 duplid,
641 919 730 999 puto,
756 919 854 996 petito
876 920 929 982 illo
952 939 1001 983 vs.
1015 926 1099 1000 414,
1126 924 1197 984 416

179 1010 215 1068 ut
240 1026 334 1070 annos
362 1012 394 1070 et
421 1011 457 1068 ut
481 1007 629 1068 ultionem
651 1007 716 1085 det3
743 1008 878 1084 satisque
903 1010 1061 1086 probabile
1088 1011 1196 1072 habeo

178 1097 301 1158 uersum
331 1097 532 1173 posteriorem
563 1095 665 1172 inopte
697 1095 855 1156 eoniiotum
887 1115 953 1159 esse
984 1098 1024 1159 ad
1053 1099 1138 1177 inep

178 1185 459 1262 interpretationem
480 1182 672 1245 fuloiendam
706 1184 901 1260 participium
921 1186 998 1246 illud
1019 1192 1126 1249 mom
1148 1189 1203 1248 im·

178 1273 351 1350 pedimeuto
374 1273 446 1350 fuit,
474 1273 632 1349 quominus
658 1271 704 1333 so
725 1271 904 1350 iungeretur
930 1292 997 1334 oum
1019 1278 1204 1353 praecipiet,

179 1356 328 1438 ‘Iuppiter
357 1361 525 1422 infantibus
556 1360 617 1421 illis
650 1360 815 1438 anticipata
845 1361 995 1439 largietur
1025 1382 1077 1442 sa,
1122 1381 1203 1442 quse

178 1449 264 1511 Hebe
286 1449 358 1509 olim
380 1449 490 1510 datura
511 1441 598 1509 srat'.
635 1451 734 1510 restat
755 1448 929 1510 subtumida
947 1452 1053 1530 oratio,
1077 1452 1147 1514 nisi
1165 1470 1202 1512 ss

179 1538 257 1599 dona
279 1537 422 1598 disertius
444 1538 667 1615 nuncupentur,
694 1536 778 1598 orius
806 1538 888 1598 modi
912 1556 1023 1600 nomen
1044 1540 1201 1616 praemis

179 1645 246 1687 sum
272 1626 455 1703 oppositioni
480 1627 559 1687 deno
584 1625 677 1685 latuit
704 1625 818 1686 seiliost
844 1626 877 1686 in
902 1632 1004 1689 motos.
1050 1629 1199 1691 substan

179 1715 274 1775 tivum
306 1719 408 1776 arodus
439 1714 544 1775 eodem
574 1731 699 1775 numero
731 1717 780 1774 est
809 1713 923 1774 Fastl
952 1718 1030 1794 679,
1060 1717 1197 1778 verbum

178 1821 246 1863 oum
281 1805 404 1864 vetusta
438 1821 524 1881 non&
538 1801 660 1862 indocta
699 1802 803 1879 glossa
838 1820 930 1879 supra
964 1815 1003 1865 lv
1025 1806 1095 1866 660
1135 1810 1195 1866 tm

177 1896 276 1967 portes
303 1896 405 1952 sudus
428 1889 531 1964 (otus)
557 1893 590 1950 tn
611 1906 709 1950 mones
731 1888 837 1951 Oreos.
871 1908 927 1952 nso
948 1891 1084 1953 Lueretii
1108 1894 1186 1956 orbo

177 1982 221 2041 ris
247 1984 350 2042 suetas
370 1991 409 2041 w
424 1980 488 2040 166
521 1977 560 2039 ad
590 1978 759 2038 rhetoricas
787 1977 905 2056 figurae
934 1980 1119 2042 inanitatem
1149 1998 1183 2041 rs

176 2068 359 2130 vocaverim:
386 2068 472 2145 ligna
498 2066 615 2127 arboris
642 2066 835 2127 inerementis
857 2068 964 2128 annuis
987 2068 1193 2147 adaugentur,

178 2174 341 2234 eorumque
367 2156 500 2234 uestigia
525 2172 586 2216 nou
612 2154 646 2213 in
667 2154 820 2224 omnibus,
846 2156 950 2217 multis
972 2159 1089 2236 tamon,
1115 2159 1192 2234 olea,

178 2263 303 2322 querou,
329 2245 403 2322 pinu
426 2244 519 2306 etiam
544 2243 577 2303 in
598 2242 690 2303 Italis
712 2246 847 2305 servant:
874 2245 1056 2321 perspioaois
1078 2249 1190 2323 postas

178 2352 214 2395 ea
240 2337 289 2394 est
314 2333 542 2395 animadversio.
641 2329 850 2392 coniecturum
871 2333 967 2410 Raph.
993 2334 1084 2411 Regii
1116 2327 1188 2416 (

178 2421 328 2498 scriptura
349 2422 381 2482 M
404 2413 474 2502 est)
497 2419 605 2481 admisi
626 2421 699 2497 991,
720 2419 888 2481 Burmanni
909 2422 1000 2495 fondo
1018 2423 1038 2482 8
1062 2424 1188 2498 paulum

177 2511 296 2589 aberat,
325 2511 397 2588 quin
419 2510 523 2569 darem
550 2511 675 2586 propter
696 2509 831 2568 looorum
853 2522 901 2570 xv
915 2511 979 2571 497
1002 2509 1097 2587 Vsrg.
1112 2511 1188 2572 Aen

178 2600 259 2660 1181
285 2598 521 2659 similitudinem.
557 2597 641 2658 oxE
669 2595 824 2673 adsumpsi
849 2600 898 2673 17,
925 2601 1009 2677 pute,
1037 2615 1136 2674 rupem
1157 2601 1186 2659 st

178 2690 220 2749 96
248 2689 335 2750 stow
361 2680 408 2766 (Μ
435 2677 539 2767 maios)
576 2687 618 2746 66
642 2702 732 2746 voras
758 2677 865 2765 (stiam
886 2685 918 2745 Μ
944 2705 1000 2763 pro
1026 2704 1090 2748 var.
1115 2679 1187 2766 ser.)

178 2779 219 2838 39
257 2778 301 2837 40
320 2778 379 2837 ο16
404 2767 507 2856 (fortes
524 2774 586 2835 oids'
606 2764 653 2854 Μ)
691 2774 948 2842 6671661646
968 2792 1032 2836 var.
1055 2793 1112 2836 sor.
1137 2767 1184 2857 (ut

177 2865 270 2926 etism
287 2856 333 2946 Μ)
371 2866 411 2925 93
436 2855 526 2945 (sopit
543 2853 589 2943 Μ)
624 2863 686 2922 199
722 2863 784 2924 197
819 2855 1184 2943 trasimundum

177 2955 305 3016 Ltsste
327 2943 441 3033 Madv.)
479 2952 541 3012 946
565 2953 618 3012 iste
639 2951 773 3025 voluptas
795 2942 877 3031 (Me)
915 2953 978 3013 976
1017 2954 1080 3014 979
1120 2953 1183 3013 966

178 3045 242 3104 969
280 3044 343 3104 696
381 3043 444 3102 669
483 3039 674 3102 66416616.
712 3040 776 3099 646
814 3040 878 3100 666
903 3036 1082 3116 (onwtyses)
1122 3042 1181 3102 667

178 3133 240 3192 961
280 3132 344 3192 667
368 3123 495 3211 (tontum
525 3119 572 3209 Μ)
609 3128 673 3189 697
711 3128 775 3188 406
814 3128 878 3188 416
916 3119 1004 3209 (petit
1032 3120 1083 3209 Μ)
1120 3129 1182 3191 417

178 3222 240 3280 499
257 3212 367 3300 (miton
380 3210 426 3300 Μ)
440 3222 471 3280 et
485 3218 550 3277 496
582 3216 649 3276 440
680 3217 744 3276 469
761 3219 929 3290 pomosa
942 3208 988 3297 (in
1000 3216 1032 3275 M
1044 3216 1170 3277 dubium

177 3310 240 3369 476
279 3310 353 3386 466,
373 3309 435 3369 469
456 3298 546 3388 (quos
564 3304 714 3365 contraxit
730 3297 776 3385 Μ)
813 3306 877 3366 616
915 3306 991 3366 699·
1016 3307 1080 3367 667
1104 3298 1169 3385 (Me

177 3399 240 3458 641
284 3399 349 3457 660
390 3398 468 3474 669,
490 3396 564 3472 puto
596 3394 662 3454 676
685 3384 765 3474 (Mi)
807 3394 869 3454 661
914 3394 976 3453 663
1019 3393 1081 3455 696
1121 3395 1180 3456 606

177 3478 251 3633 (υδνὸἰ
280 3477 350 3633 ἕξ)
392 3485 455 3546 669
499 3484 561 3544 661
606 3482 670 3542 666
713 3482 775 3541 676
815 3484 878 3544 679
918 3483 980 3545 706
1019 3484 1080 3543 741
1121 3483 1190 3543 763.

179 3577 196 3634 7
347 3616 355 3632 .
872 3623 886 3632 .
