2467 4042
403 265 451 316 IV.
469 265 589 317 dod-V.
611 266 652 316 17.

163 477 214 542 26.
239 472 300 541 DF
345 473 481 540 27.Εο
527 471 917 542 28.FN³nvo·uu0u

260 561 507 630 ditionum
553 560 806 628 octiduum

119 691 193 754 Cum
216 691 340 771 Phrygis
363 692 497 752 Assaraci
521 689 658 751 Tithonia
681 691 773 751 tratre
796 690 900 751 reiicto

165 779 291 841 Sustulit
312 782 448 840 inmenso
472 788 518 839 ter
541 777 627 839 iubar
650 777 722 839 orbe
746 796 851 858 suum,

48 880 105 932 eto
119 867 197 929 uiue
220 870 301 931 veuit
324 868 413 928 variis
436 866 543 928 florum
566 866 621 927 dea
644 884 719 927 nexa
742 869 879 946 curonis;

165 955 276 1017 Scaeua
299 957 359 1016 ioci
380 973 495 1017 morem
518 954 666 1016 liberioris
689 954 794 1015 habet.

120 1042 189 1105 Exit
211 1047 294 1106 etin
317 1043 407 1105 Maias
430 1062 548 1105 sacrum
572 1042 687 1103 Florale
711 1041 873 1124 Kalendas3

163 1131 248 1195 Tune
270 1141 403 1213 repetam
415 1178 425 1213 ‚
449 1148 528 1194 nunc
552 1150 599 1192 me
623 1131 764 1210 grandius
787 1139 875 1211 urget
897 1147 990 1210 opus.

119 1222 210 1282 Auser
233 1219 320 1283 Vesta
343 1219 443 1282 diem!
476 1223 593 1299 cognati
616 1218 704 1282 Vesta
727 1229 847 1299 recepta
870 1228 917 1280 est

48 1320 106 1373 eto
166 1308 302 1370 Limine.
343 1311 386 1370 sic
409 1311 481 1370 iusti
503 1311 686 1370 constituere
709 1318 827 1387 patres.

119 1394 258 1456 Phoebus
281 1395 370 1456 habet
392 1405 525 1475 partem:
558 1395 663 1456 Vestae
686 1414 755 1476 pars
778 1396 869 1457 altera
893 1397 1000 1456 cessit:

166 1483 251 1553 Quod
275 1492 412 1562 superest
434 1483 515 1563 illis,
539 1485 646 1544 tertius
669 1486 732 1561 ipse
756 1493 854 1544 tenet.

122 1570 204 1631 State
226 1570 374 1632 Palatinae
398 1570 523 1652 laurus,
545 1579 757 1651 praetextaque
779 1589 894 1649 quercu

166 1658 232 1721 Stet
254 1659 382 1722 domus:
414 1667 552 1721 aeternos
576 1667 637 1719 tres
660 1658 750 1720 habet
771 1677 830 1720 uua
853 1659 941 1719 deos.

350 1915 490 1999 uruuu
518 1867 734 2001 tuturus

122 2100 292 2180 Quaeritis,
315 2098 395 2161 unde
417 2107 520 2178 putem
543 2098 619 2159 Maio
643 2099 710 2160 data
732 2100 851 2160 uomina
874 2095 997 2160 mensi?

165 2187 230 2250 Nou
253 2190 325 2250 satis
347 2196 394 2248 est
417 2187 529 2266 liquido
553 2189 671 2266 cognita
694 2204 782 2248 causa
806 2188 895 2250 mihi.

122 2276 160 2338 Ut
182 2286 241 2339 stat
264 2285 294 2337 et
316 2278 471 2354 incertus,
499 2288 558 2354 qut
581 2278 621 2336 sit
643 2274 722 2355 sibi,
750 2277 868 2355 nescit,
891 2276 1043 2355 eundum,

166 2364 240 2427 Cum
263 2364 342 2425 videt
363 2381 400 2424 ex
424 2366 505 2425 omni
528 2371 610 2443 parte
635 2365 728 2425 viator
750 2366 826 2425 iter:

91 2452 194 2534 asic,
217 2455 287 2533 quia
309 2469 397 2531 posse
420 2451 508 2512 datur
531 2450 663 2513 diversas
687 2451 812 2513 reddere
835 2470 957 2533 causas,

166 2540 230 2611 Qua
253 2541 354 2621 ieret,
377 2541 504 2618 ignoro,
528 2541 672 2619 copiaque
694 2542 758 2619 ipsa
781 2550 886 2602 nocet.

121 2629 239 2708 Dicite,
262 2646 338 2707 quae
361 2628 458 2689 fontes
482 2627 681 2707 Aganippidos
703 2628 924 2711 Hippocrenes,

167 2716 256 2778 Grata
278 2715 411 2777 idedueei
434 2717 517 2795 sigua
540 2719 649 2777 tenetis
672 2715 759 2796 equi!

122 2805 295 2866 Dissensore
319 2804 414 2866 deae.
456 2820 582 2883 quarunt
605 2803 795 2884 Polyhymnia
818 2808 917 2885 eoepit

74 2907 108 2960 10
167 2893 287 2974 Prima3
320 2892 411 2955 silent
433 2892 527 2972 aliae,
551 2892 688 2973 dietaque
712 2903 811 2956 urente
833 2902 955 2954 notant.

122 2978 210 3045 ‘Post
232 2982 321 3044 chaos
345 2992 379 3044 ut
401 2983 530 3061 primum
554 2982 622 3043 data
650 2993 719 3044 sunt
741 2985 798 3044 tria
822 2998 947 3060 corpora

671 3070 800 3148 mundo,

167 3158 259 3237 Inque
283 3176 374 3219 novas
397 3160 513 3237 species
536 3176 624 3219 omne
647 3160 772 3219 recessit
794 3174 888 3237 opus,

123 3245 258 3307 Pondere
282 3254 362 3307 terra
385 3263 440 3307 suo
463 3246 598 3308 subsedit
621 3254 651 3306 et
674 3262 802 3324 aequora
825 3246 931 3306 traxit:

166 3334 205 3396 tt
227 3333 341 3394 eaelum
365 3333 468 3395 levitas
491 3336 522 3396 irt
545 3334 609 3395 loca
632 3350 748 3394 summa
769 3333 854 3413 tulit3

76 3435 109 3486 15
124 3421 175 3482 Sol
199 3434 318 3502 quoque
342 3440 411 3483 cum
434 3421 527 3483 steiiis
549 3421 630 3483 nulia
653 3423 795 3500 gravitate
818 3428 955 3483 retentus

167 3511 205 3572 Et
226 3527 279 3571 vos
302 3509 435 3572 Lunares
458 3510 603 3571 exiluistis
627 3511 714 3588 equi.

122 3599 180 3661 Sed
205 3617 301 3678 neque
325 3597 418 3659 Terra
441 3599 492 3661 diu
515 3597 625 3676 Caelo,
648 3616 702 3660 uec
726 3606 826 3660 cetera
849 3597 967 3659 Phoebo
