2467 4042
475 227 531 297 IV,
550 232 686 282 stt-134.
775 246 841 281 111.
860 183 954 282 rmore
1041 226 1084 291 69

159 394 258 465 Quam
280 393 389 475 procul
412 393 448 455 ad
470 394 557 456 lunae
580 394 680 455 radios
702 393 861 473 Babylonia
878 392 989 455 Thisbe

87 497 142 544 100
157 482 263 564 Vidit,
285 491 317 543 et
340 482 502 544 obscurum
524 482 641 563 trepido
663 482 739 563 pede
762 484 839 562 sugit
859 484 891 543 iu
914 491 1051 562 antrum,

157 570 299 650 Dumque
322 572 400 651 fugit
411 619 421 653 ,
443 580 528 652 tergo
551 571 694 631 velamina
716 570 797 652 lapsa
819 570 957 650 reliquit.

156 658 200 721 llt
220 659 268 720 111
291 677 379 721 saera
401 661 482 721 sitim
505 658 597 721 multa
620 662 804 740 compescuit
826 660 922 741 unda,

157 747 240 809 llum
262 747 342 810 redit
363 749 396 808 in
419 747 506 808 silvas
518 795 528 829 ,
550 751 688 808 inventos
710 748 787 808 forte
811 749 875 808 sine
897 749 961 827 ipsa

157 834 221 896 Ore
246 844 402 897 cruentato
425 844 532 897 tenues
555 835 675 897 laniavit
696 838 837 897 amictus.

83 935 141 985 105
159 923 268 985 Serius
292 942 431 1004 egressus
454 926 577 1004 vestigia
599 924 673 985 ridit
694 926 725 985 in
749 924 807 985 alto

155 1011 288 1073 Pulvere
311 1021 394 1074 certa
415 1012 497 1074 ferae
509 1060 519 1094 ,
542 1021 665 1092 totoque
689 1013 830 1094 expalluit
853 1030 905 1073 ere

155 1100 327 1180 Pyramus.
354 1109 390 1162 ut
415 1119 486 1162 vero
509 1110 623 1162 restem
645 1119 764 1179 quoque
792 1102 936 1179 sanguine
963 1100 1085 1162 tinctam

155 1188 328 1271 Repperit,
351 1184 435 1251 “una
458 1184 545 1250 duos'
567 1191 666 1269 inquit
688 1185 759 1250 ‘nox
780 1188 887 1270 perdet
909 1197 1058 1251 amantes:

156 1276 183 1338 Ε
208 1276 319 1357 quihus
341 1277 390 1338 illa
412 1278 470 1339 tuit
491 1278 579 1358 longa
601 1277 773 1358 dignissima
795 1280 872 1359 rita,

81 1378 141 1428 110
156 1364 270 1427 Nostra
283 1381 395 1427 nocem
410 1369 506 1427 anima
520 1374 588 1428 est.
612 1384 667 1446 ego
680 1375 734 1447 te,
755 1365 940 1447 miseranda,
954 1367 1085 1449 peremi,

156 1453 193 1515 ln
216 1454 283 1515 loca
303 1453 392 1535 plena
413 1463 511 1517 metus
534 1456 588 1535 qui
609 1456 685 1516 iussi
706 1463 795 1516 nocte
817 1457 952 1537 venires,

157 1542 224 1603 Neo
241 1544 325 1623 prior
347 1542 407 1604 huo
429 1545 518 1605 reni.
547 1550 683 1605 nostrum
705 1543 835 1606 divellite
859 1561 987 1626 corpus,

157 1629 200 1691 Et
223 1630 366 1692 scelerata
388 1632 452 1693 tero
476 1633 643 1693 consumite
665 1633 779 1694 viscera
801 1650 922 1713 morsu,

159 1717 186 1780 0
212 1720 393 1799 quicumque
416 1719 473 1781 sul)
494 1721 551 1781 hac
572 1718 712 1781 habitatis
733 1739 832 1803 rupe,
854 1720 973 1782 leones.

79 1817 140 1869 11⁶
158 1806 221 1867 Sed
244 1806 340 1868 timidi
363 1817 410 1869 est
432 1820 534 1889 optare
557 1803 687 1870 necem''
710 1841 753 1855 -
774 1808 919 1870 velamina
941 1807 1066 1869 Thisbes

156 1894 272 1977 Tollit,
294 1906 326 1956 et
348 1895 384 1956 ad
406 1904 510 1976 pactae
533 1915 637 1958 secum
659 1898 719 1959 tert
740 1897 856 1959 arboris
878 1897 1030 1959 umbram.

155 1982 257 2061 thue
281 1984 364 2045 dedit
386 1993 473 2046 nome
495 1984 654 2068 lacrimas,
677 1985 760 2047 dedit
781 1986 882 2048 oscula
904 1987 997 2068 resti,

157 2067 292 2152 “Accipe
317 2069 409 2135 uuor?
436 2076 536 2153 inquit
558 2069 666 2135 ‘nostri
693 2092 812 2154 quoque
840 2076 991 2154 sanguinis
1059 2156 1083 2186 n

919 2161 1059 2225 haustusl

156 2248 285 2328 Quoque
307 2257 374 2312 erat
395 2253 569 2334 accinctus,
592 2251 712 2313 demisit
733 2254 764 2313 in
786 2251 836 2313 ilia
858 2253 991 2335 ferrum,

79 2350 141 2400 120
154 2338 221 2399 Nec
243 2356 348 2421 mora,
371 2339 500 2402 ferventi
521 2342 653 2401 moriens
676 2359 693 2402 e
716 2340 838 2401 vulnere
861 2343 967 2402 traxit.

157 2426 198 2488 llt
219 2428 312 2488 iacuit
328 2430 490 2508 resupinus
512 2428 626 2512 humo,
645 2446 736 2490 cruor
759 2431 866 2490 emicat
887 2428 963 2492 alte:

155 2515 226 2577 Non
249 2516 357 2598 aliter,
380 2534 469 2595 quam
492 2535 561 2577 cum
583 2519 685 2579 ritiato
707 2517 806 2577 fistula
827 2516 949 2597 plumbo

156 2602 336 2687 Scinditur,
358 2613 390 2666 et
411 2607 495 2665 tenui
513 2605 658 2668 stridente
681 2606 825 2666 foramine
847 2605 949 2686 longas

154 2691 329 2754 Eiaculatur
351 2711 442 2772 aquas
465 2702 553 2773 atque
574 2693 685 2755 ictibus
707 2700 776 2754 aera
797 2696 926 2774 rumpit.

83 2781 284 2843 institores
305 2780 385 2843 fetus
407 2784 563 2861 aspergine
586 2783 686 2843 caedis
708 2785 740 2843 in
763 2791 855 2844 atram

153 2870 322 2931 Vertuntur
345 2870 473 2932 taciem.
501 2868 738 2951 [madefactaque
760 2874 904 2951 sanguine
927 2872 1009 2933 radix

153 2958 289 3021 Puniceo
312 2960 422 3038 tinguit
443 2959 604 3038 pendentia
626 2977 709 3039 moro
732 2958 863 3038 colore]

151 3045 235 3108 Eece
257 3054 339 3108 metu
361 3046 495 3107 nondum
516 3049 636 3130 posito,
659 3066 696 3109 ne
720 3047 800 3109 sallat
822 3056 986 3129 amantem,

152 3134 208 3197 llla
230 3134 330 3217 redit,
351 3137 548 3213 iuvenemque
572 3135 667 3198 oculis
689 3139 847 3217 animoque
869 3139 1014 3218 requirit,

83 3235 139 3286 110
155 3223 333 3301 Quantaque
356 3225 456 3284 vitarit
478 3241 599 3284 narrare
622 3226 755 3304 pericula
778 3228 883 3305 gestit.

153 3311 256 3391 thue
278 3311 378 3372 locum
400 3320 432 3373 et
453 3314 538 3391 rigua
566 3316 720 3392 cognoscit
745 3315 778 3373 in
806 3313 912 3374 arbore
936 3315 1079 3396 termam,

154 3400 206 3462 Sic
229 3400 300 3461 iacit
320 3402 466 3463 incertam
482 3403 564 3479 pomi
587 3401 690 3462 color.
718 3402 843 3484 haeret,
866 3420 903 3463 an
925 3402 999 3464 haec
1022 3405 1077 3464 sit.

152 3485 232 3549 llum
253 3487 391 3570 dubitat,
413 3486 608 3551 tremebunda
630 3489 712 3550 ridet
732 3489 852 3569 pulsare
875 3500 1033 3553 cruentum

151 3574 285 3639 llemlrra
308 3576 427 3655 solum,
447 3584 590 3656 retroque
616 3577 724 3658 pedem
750 3578 840 3660 tulit,
863 3596 974 3658 oraque
997 3579 1075 3641 buxo
