2467 4042
74 242 465 326 xvll.sxvlll.1LEAll1t.
485 240 593 301 xvlll.
606 241 709 323 {XIX}
722 240 852 303 HERUS
865 239 976 303 1-43.
1002 239 1060 306 tlt

157 398 279 460 Fortius
294 396 452 471 ingenium
467 395 612 471 suspicor
626 410 698 457 esse
713 393 797 455 viris.
919 432 921 439 ,

114 484 155 547 Ut
169 497 299 558 eorpus,
322 479 438 541 moeris
454 478 496 541 ita
511 494 598 540 mens
613 479 734 541 infirma
749 477 868 554 puellis.

157 566 323 640 Delicium,
346 563 433 639 parvi
451 563 599 638 temporis
617 564 699 624 adde
714 578 841 624 moram.

30 666 34 669 ·
113 654 184 714 Vos
201 650 297 711 modo
311 647 474 719 venando,
496 649 591 708 modo
607 663 661 709 rus
675 647 796 722 geniale
810 648 943 709 colendo

74 748 107 800 lo
161 732 278 796 Ponitis
293 731 324 792 in
338 732 426 792 varia
438 738 579 806 tempora
592 733 686 807 longa
701 747 797 792 mora.

114 822 178 882 Aut
191 820 260 880 lora
274 832 335 877 vos
350 815 496 890 retinent,
518 823 572 877 aut
586 822 698 876 unaue
715 814 800 877 dona
813 816 996 891 palaestrae,

157 902 295 964 Flectitis
308 908 361 962 aut
376 899 464 962 irena
479 900 560 961 eolla
575 900 723 975 sequaris
737 899 825 975 equis

114 989 203 1049 Nunc
217 987 377 1047 volucrem
391 986 518 1059 laqueo,
540 999 624 1044 nunc
639 985 758 1059 piscem
773 983 884 1045 ducitis
903 984 1011 1046 hamos

157 1070 291 1132 Diluitur
306 1068 409 1144 posito
424 1067 523 1129 serior
535 1067 613 1129 hara
628 1084 724 1129 mero.

75 1169 105 1219 15
116 1157 172 1216 His
186 1153 263 1214 mihi
276 1159 465 1227 summotae,
486 1152 535 1211 vel
550 1152 577 1212 si
595 1153 696 1213 minus
713 1151 824 1213 acriter
838 1167 917 1224 urar,

159 1240 249 1315 Quod
266 1237 392 1311 luciam,
411 1242 557 1312 superest
569 1243 692 1312 praeter
706 1251 809 1297 amare
824 1234 907 1295 nihil.

115 1323 205 1400 Quod
221 1329 379 1398 superest,
401 1320 493 1382 racio.
515 1326 624 1396 teque,
646 1320 831 1382 omeasola
848 1321 1001 1396 voluptas,

157 1408 231 1469 Plus
247 1419 389 1483 qnoque,
412 1420 505 1481 quum
518 1404 607 1465 reddi
624 1404 707 1481 quod
724 1403 796 1466 mihi
811 1402 924 1480 possit,
948 1418 1028 1463 amo.

113 1498 177 1554 Aut
193 1507 254 1568 ego
272 1505 341 1550 cum
355 1505 427 1549 cara
443 1488 484 1548 de
495 1495 529 1548 te
542 1488 662 1550 nutrice
676 1503 815 1560 susurro,

71 1587 108 1639 it>
160 1576 310 1652 Quaeque
323 1580 424 1648 tuum,
444 1572 553 1647 miror,
576 1588 672 1634 causa
687 1579 823 1635 moretur
838 1571 911 1643 itera

114 1665 178 1722 Aut
191 1675 278 1720 mare
291 1657 487 1734 prospiciens
502 1656 613 1718 odioso
629 1657 749 1718 concita
763 1662 854 1717 vento

158 1743 299 1820 corripio
314 1740 417 1801 verbis
432 1756 570 1817 aequora
584 1757 684 1817 paene
698 1739 774 1804 tuiss

115 1833 191 1903 Aut,
212 1826 267 1887 ubi
282 1824 432 1886 saevitiae
449 1827 575 1900 paulum
589 1824 693 1901 gravis
708 1824 792 1887 unda
806 1823 932 1897 remisit,

157 1913 259 1972 Posse
274 1910 411 1986 quidem,
434 1908 492 1969 sed
506 1916 540 1969 te
551 1911 635 1970 nolle
650 1908 770 1983 venire,
793 1924 915 1984 queror,

75 2008 109 2060 25
119 1998 264 2072 Dumque
280 2008 407 2071 queror,
431 1993 576 2055 lacrimae
590 2009 648 2069 per
657 1993 790 2054 mantia
801 1994 915 2055 lumina
925 1987 1057 2063 manant,

157 2080 275 2141 Pollice
290 2094 369 2155 quas
383 2079 514 2139 tremulo
528 2078 657 2139 conscia
670 2077 766 2138 siccat
779 2093 869 2138 anus.

115 2165 220 2241 Saepe
233 2163 292 2237 tul,
312 2168 440 2238 specto,
461 2161 488 2222 si
503 2161 610 2222 sintin
627 2162 715 2223 litore
730 2177 855 2238 passus,

158 2247 324 2324 impositas
337 2242 494 2321 tamquam
507 2254 614 2317 ¹servet
627 2246 743 2306 harena
756 2253 856 2307 nous.

116 2335 218 2410 thue
231 2346 338 2408 rogem
353 2331 396 2392 de
410 2339 456 2404 te,
479 2337 510 2392 ct
525 2330 658 2391 scribam
674 2329 744 2406 libi,
767 2329 866 2406 siquis
880 2327 995 2406 Abydo

74 2426 108 2480 to
159 2416 303 2489 Venerit,
327 2422 393 2488 aut,
418 2430 550 2490 quaero,
572 2414 671 2491 siquis
685 2414 821 2493 Abydon
834 2421 897 2474 eat.

115 2500 196 2577 Quid
211 2500 361 2572 referam,
384 2498 528 2575 quotiens
544 2499 615 2560 dem
632 2497 770 2560 vestibus
788 2500 911 2572 oscula,
930 2513 1009 2574 quas
1026 2504 1057 2556 tu

157 2583 410 2661 Hellespontiaca
423 2583 514 2660 ponis
529 2583 626 2644 iturus
644 2590 748 2660 aquat

117 2668 235 2732 Sicubi
253 2671 306 2729 lux
320 2674 391 2729 acta
404 2674 453 2728 est
465 2676 497 2729 et
511 2668 610 2730 noctis
626 2667 752 2729 amicior
764 2667 842 2728 hora

155 2752 304 2814 Exhibuit
319 2753 410 2829 pulso
424 2752 529 2812 sidera
545 2754 630 2812 clara
644 2752 704 2827 dic,

75 2845 108 2900 35
117 2836 261 2898 Protinus
275 2837 307 2896 in
322 2852 442 2898 summo
456 2835 611 2912 vigilantia
627 2836 740 2896 lumina
753 2842 835 2897 tecto

155 2920 320 2996 Ponimu's,
343 2921 494 2983 adsuetae
507 2920 596 2997 signa
607 2928 773 2996 notamque
787 2919 867 2979 viae.

114 3005 269 3082 Tortaque
283 3013 407 3068 versuto
422 3004 570 3067 ducentes
585 3004 717 3065 stamina
730 3003 802 3064 luso

155 3089 303 3150 Feminea
314 3089 421 3150 tardas
430 3089 569 3153 lallirnus
582 3095 649 3150 arta
662 3103 776 3149 moras.

115 3172 194 3248 Quid
213 3174 325 3250 loquar
336 3173 453 3237 interea
467 3180 529 3234 tam
543 3174 637 3249 longo
651 3179 803 3248 tempore,
827 3168 973 3247 qaaertss

75 3266 107 3321 lo
157 3257 207 3317 ml
223 3256 283 3318 nisi
298 3256 429 3321 Leandri
443 3273 555 3319 nomen
570 3258 601 3319 in
616 3273 671 3318 ore
686 3272 755 3317 rneo
772 3262 829 3317 est.
880 3256 889 3270 “

114 3341 234 3402 ‘iamne
249 3348 340 3418 putas
354 3342 460 3403 exisse
473 3344 567 3404 domo
581 3358 650 3402 msa
663 3340 790 3417 gaudia,
811 3338 922 3411 nutrix,

155 3425 206 3487 An
221 3424 350 3503 vigilant
365 3442 474 3489 omnes
489 3434 519 3487 el
532 3427 617 3488 timet
630 3426 681 3487 illc
695 3430 793 3487 suast

113 3510 219 3571 laurae
234 3527 308 3572 suas
322 3512 434 3572 umeris
449 3511 532 3573 illum
547 3512 706 3587 deponere
720 3516 835 3584 vestes,
873 3589 888 3626 ἡ

833 3603 867 3654 10
