2467 4042
355 237 482 311 leo
1082 234 1367 295 ARTIS
1411 233 1691 296 AMAT.

523 389 655 463 Sic,
693 406 774 449 ne
804 386 1167 464 perdiderit,
1208 401 1334 445 non
1357 393 1563 446 cessat
1588 387 1853 462 perdere
1881 387 2072 459 lusor,

607 474 682 534 Et
706 478 961 534 revocat
989 470 1250 545 cupidas
1280 469 1417 529 alea
1445 485 1637 544 saepe
1669 487 1909 531 manue.

522 560 654 619 Hoc
685 573 872 633 opuS,
912 554 1014 615 hic
1041 554 1218 615 labor
1248 561 1373 626 est,
1422 554 1617 629 primo
1650 554 1785 614 sine
1812 569 2065 614 munere
2095 555 2301 631 iungi.

606 642 694 702 Ne
724 639 962 701 dederit
988 638 1180 714 gratis
1211 652 1372 713 quae
1402 636 1601 710 dedit,
1644 653 1845 713 usque
1874 637 2060 698 dabit.

395 737 497 789 456
516 726 678 800 Ergo
710 731 808 784 eat
836 730 897 783 et
922 722 1166 782 blandis
1197 727 1517 797 peraretur
1542 721 1740 782 littera
1767 721 1991 792 verbiS,

604 809 1025 885 Exploretque
1053 806 1323 879 animoS,
1371 805 1690 881 primaque
1719 812 1970 881 temptet
1995 806 2130 867 iter.

522 894 746 953 Littera
775 890 1100 970 Cydippen
1130 904 1317 964 pomo
1347 889 1583 964 perlata
1610 889 1839 963 fefellit,

605 975 933 1051 inaniaque
961 978 1060 1034 est
1086 971 1294 1033 verbis
1323 979 1504 1048 capta
1530 975 1737 1048 puella
1766 974 1915 1034 suis.

521 1060 707 1122 Disce
733 1060 934 1120 bonas
963 1063 1125 1118 artes
1141 1102 1157 1130 ,
1202 1071 1456 1132 moneo,
1499 1058 1778 1118 Romana
1806 1057 2110 1134 iuventuS,

405 1154 501 1206 451}
605 1146 737 1204 Non
767 1149 1001 1204 tantum
1025 1140 1304 1216 trepidos
1333 1147 1400 1201 ut
1425 1147 1633 1203 tueare
1661 1157 1824 1202 reos.

529 1230 716 1302 Quam
744 1227 1011 1303 populus
1039 1225 1354 1299 iudexque
1381 1227 1589 1300 gravis
1618 1226 1942 1300 lectusque
1970 1235 2251 1301 senatuS,

609 1314 757 1373 Tam
787 1310 955 1371 dabit
983 1309 1231 1384 eloquio
1262 1307 1424 1369 victa
1451 1309 1657 1384 puella
1684 1325 1927 1370 manus.

533 1398 653 1454 Sed
681 1395 908 1455 lateant
940 1392 1120 1452 vires.
1160 1407 1279 1452 nec
1308 1393 1400 1452 sis
1426 1393 1489 1452 in
1519 1393 1719 1455 fronte
1742 1394 2029 1456 disertus.

613 1476 918 1554 Effugiant
944 1491 1136 1538 voces
1167 1476 1361 1536 verba
1386 1478 1648 1538 molesta
1671 1483 1835 1540 tuae.

405 1574 501 1626 ⁴¹55
529 1566 706 1638 Quis,
747 1563 866 1622 nisi
893 1561 1113 1621 mentis
1142 1560 1355 1635 inops,
1398 1568 1645 1622 tenerae
1673 1560 2297 1624 declamatamicae?

613 1646 814 1722 Saepe
841 1647 1057 1706 valens
1088 1644 1214 1704 odii
1242 1643 1442 1704 littera
1472 1659 1662 1705 causa
1689 1645 1819 1706 fuit.

533 1738 617 1790 5st
645 1730 750 1790 tibi
781 1728 1093 1790 credibilis
1122 1743 1327 1790 sermo
1358 1735 1780 1804 consuetaque
1808 1729 2018 1804 verba,

609 1815 842 1874 Blanda
873 1821 1105 1887 tamen,
1151 1827 1449 1888 praesens
1478 1817 1546 1873 ut
1564 1812 1826 1874 videare
1847 1814 2039 1887 loqui.

533 1902 593 1958 Si
625 1915 746 1960 non
779 1896 1042 1974 accipiet
1069 1897 1393 1971 scriptum,
1434 1896 1846 1972 inlectumque
1871 1898 2152 1973 remittet,

405 1994 501 2046 41⁴]
609 1986 926 2043 Lecturam
954 1995 1167 2056 spera,
1215 1980 1730 2056 propositumque
1757 1989 1923 2044 tener

529 2070 824 2142 Tempore
854 2064 1138 2125 difficiles
1170 2062 1423 2124 veniunt
1449 2064 1529 2125 ad
1560 2071 1762 2128 aratra
1789 2064 2051 2138 iuvenci,

609 2154 906 2225 Tempore
934 2150 1097 2209 lenta
1123 2146 1253 2224 pati
1282 2147 1456 2209 frena
1490 2147 1788 2210 docentur
1815 2150 1988 2224 equi:

533 2238 783 2294 Ferreus
810 2232 1074 2295 adsiduo
1105 2232 1482 2294 consumitur
1508 2234 1726 2294 anukts
1754 2248 1893 2306 usu,

609 2318 813 2378 Interit
838 2317 1100 2378 adsidua
1127 2331 1345 2376 vomer
1368 2316 1650 2379 aduncus
1675 2316 1883 2379 hume.

401 2410 501 2462 we
529 2402 682 2474 Quid
711 2401 909 2477 magis
933 2408 1032 2460 est
1059 2416 1213 2461 saxo
1245 2401 1493 2475 durum,
1536 2401 1683 2477 quid
1712 2401 1957 2463 mollius
1986 2402 2194 2463 unda?

613 2490 774 2546 Dura
800 2491 1002 2546 tamen
1030 2484 1197 2544 molli
1225 2500 1383 2544 saxa
1412 2490 1708 2547 cavantur
1737 2501 1917 2560 atqua..

533 2571 872 2646 Penelopen
900 2572 1130 2646 ipsam,
1173 2575 1385 2644 persta
1416 2569 1636 2644 modo,
1680 2575 1956 2645 tempore
1984 2568 2219 2631 vinces.

613 2654 801 2728 Capta
827 2655 1006 2715 vides
1037 2668 1179 2713 sero
1209 2651 1536 2728 Pergama,
1582 2658 1763 2728 capta
1788 2660 2009 2714 tamen.

533 2737 789 2811 [eger-it,
836 2745 898 2798 et
924 2737 1077 2798 nolit
1100 2736 1486 2797 rescribere?
1534 2752 1759 2812 eogere
1790 2737 1945 2797 noli=

405 2834 501 2882 μω
609 2822 695 2883 Tu
727 2821 911 2882 modo
938 2820 1266 2881 blanditias
1295 2821 1393 2881 fac
1421 2822 1583 2896 legat
1608 2837 1815 2897 usque
1840 2828 1994 2883 tuae.

529 2906 692 2978 Quae
723 2903 915 2967 voluit
941 2905 1199 2980 legisse,
1247 2907 1417 2966 volet
1441 2905 1783 2966 rescribere
1815 2905 2017 2966 lectis:

609 2990 721 3048 Per
750 3004 1038 3049 numeros
1069 2989 1314 3049 venient
1338 2989 1457 3049 ista
1482 2990 1839 3065 gradusque
1869 3005 2037 3050 suos.

529 3071 800 3134 Forsitan
831 3079 891 3132 et
919 3073 1115 3148 primo
1149 3074 1351 3134 veniet
1378 3073 1484 3150 tibi
1512 3074 1709 3134 littera
1736 3072 1947 3145 tristis,

613 3158 902 3232 Quaeque
930 3164 1134 3232 roget,
1177 3172 1258 3216 ne
1287 3172 1358 3218 se
1387 3157 1716 3218 sollicitare
1748 3157 1919 3218 velis.

401 3254 501 3302 fle-5
529 3241 696 3310 1)qu
723 3247 899 3316 rogat
919 3240 1050 3315 illa,
1080 3240 1266 3301 timet.
1317 3235 1482 3316 quod
1505 3256 1629 3301 non
1649 3248 1844 3316 rogat,
1876 3247 2061 3317 optat,
2090 3248 2155 3301 ut
2174 3242 2389 3306 instes

613 3326 969 3400 insequere,
1015 3332 1078 3385 et
1107 3325 1233 3385 voti
1262 3325 1594 3400 postmodo
1625 3341 1884 3401 compos
1914 3325 2056 3385 eris.

537 3418 759 3470 *nterea
789 3407 921 3469 sive
951 3409 1055 3468 illa
1086 3416 1221 3469 toro
1251 3409 1544 3485 resupina
1573 3411 1816 3484 feretur,

613 3493 909 3551 Lecticam
942 3491 1226 3553 dominae
1257 3490 1712 3554 dissimulanter
1746 3494 1877 3553 adi:
