2467 4042
467 250 524 320 xl,
543 254 701 306 cn-me.
804 268 922 316 omos:
1025 251 1089 318 235

162 417 244 479 Voce
267 434 322 477 sua
345 416 504 495 specieque
526 416 582 477 riri
604 413 723 477 turbata
748 432 887 495 soporem

151 505 308 567 Excutit:
332 513 362 565 ot
384 505 503 585 primo,
526 505 553 565 si
575 505 636 585 sit,
659 506 863 585 circumspicit
884 505 962 588 illic,

163 594 225 665 Qui
247 593 336 654 modo
358 595 441 654 visus
464 600 549 654 erat.
577 609 646 654 nam
668 595 743 655 moti
764 610 836 654 roco
859 595 989 655 ministri

91 694 147 746 680
162 682 333 743 Intulerant
354 680 477 743 lumen.
503 687 663 760 postquam
685 699 746 742 non
768 683 881 744 invenit
903 700 1045 764 usquam,

163 771 304 832 Percutit
325 787 378 831 ora
400 787 512 850 manu,
534 769 682 849 laniatque
706 787 723 830 a
745 778 867 850 pectore
889 778 1006 853 vestes,

162 858 352 938 Pectoraque
374 860 439 938 ipsa
461 859 551 919 ierit.
580 866 637 919 ned
660 860 759 919 crines
781 857 896 920 solvere
919 866 1021 940 curat3

164 947 284 1008 Scindit
295 995 305 1029 ,
329 954 359 1008 et
381 946 499 1028 altrici,
523 964 598 1025 quae
621 946 721 1009 luctus
743 963 854 1029 causa,
876 949 994 1026 roganti

59 1078 65 1087 ·
163 1032 265 1096 ‘Nulla
288 1042 334 1096 est
356 1034 507 1115 Alcyone,
530 1033 610 1096 nulla
633 1030 713 1096 est?
736 1037 778 1096 ait
800 1029 922 1099 ‘occidit
943 1053 1002 1096 una

90 1135 147 1187 esa
164 1124 243 1185 Cum
266 1122 360 1203 Ceyce
384 1140 461 1185 suo.
489 1122 614 1184 solantia
637 1121 731 1184 tollito
753 1120 864 1184 verbal

161 1212 334 1291 Naufragus
354 1213 490 1273 interiit.
517 1211 578 1272 ridi
600 1213 787 1292 agnovique,
809 1228 974 1291 manusque

163 1301 209 1361 Ad
233 1299 458 1381 discedentem,
481 1301 605 1379 cupiens
628 1302 782 1382 retinere,
803 1299 935 1363 tetendi.
966 1345 968 1350 .

162 1387 277 1450 Umbra
299 1388 376 1451 fuit.
404 1388 458 1450 sed
481 1395 511 1449 et
533 1386 641 1449 umbra
662 1396 762 1449 tamen
784 1389 940 1450 manifesta
962 1389 1077 1467 virique

162 1476 242 1538 Vera
265 1478 344 1537 mei.
371 1493 432 1537 non
454 1475 504 1537 ille
528 1476 672 1558 quidem,
693 1478 719 1538 si
741 1478 883 1558 quaeris,
904 1474 1032 1538 babebat

89 1578 149 1629 ceo
163 1565 314 1626 Adsuetos
335 1564 458 1651 vultus,
480 1582 536 1626 nec
558 1582 618 1646 quo
640 1566 748 1647 prius,
770 1582 823 1625 ore
845 1563 974 1626 nitebat.

162 1653 328 1715 Pallentem
351 1652 525 1733 nudumque
548 1660 579 1715 et
601 1653 698 1715 adbuc
720 1660 842 1715 umente
865 1653 968 1734 capillo

163 1741 272 1803 lnielix
292 1741 375 1804 vidi.
402 1744 487 1804 stetit
507 1741 565 1803 boo
587 1740 764 1804 miserabilis
786 1743 852 1822 ipso

162 1830 244 1892 Eece
267 1825 345 1891 loco’
369 1862 411 1874 -—
436 1838 467 1892 et
489 1832 624 1911 quaerit,
646 1832 770 1909 vestigia
792 1830 877 1909 siqua
899 1833 1066 1917 supersint.

164 1915 242 1995 ‘qu
265 1926 330 1980 erat
342 1965 352 1999 ,
374 1918 454 2000 hoc,
476 1920 573 1980 animo
597 1919 677 2000 quod
700 1918 849 1980 divinante
872 1919 1029 1998 timebam,

90 2017 149 2071 ceo
164 2007 205 2068 Et
226 2024 288 2088 ns,
310 2024 358 2068 me
381 2007 520 2089 lugiens,
542 2014 647 2068 ventos
669 2025 853 2089 sequerere,
875 2007 1032 2088 rogabam.

164 2095 205 2156 At
227 2103 309 2156 certe
331 2095 437 2157 rebem
449 2143 459 2177 ,
482 2097 622 2174 quoniam
643 2097 798 2174 periturus
821 2094 940 2177 abibas,

164 2183 213 2244 Me
236 2201 355 2263 quoque
378 2183 535 2245 duxisses..
562 2183 691 2245 multum
713 2184 771 2246 luit
792 2183 866 2245 utile
888 2192 989 2246 tecum
1073 2257 1077 2260 ⁴

72 2280 82 2295 ·
164 2272 213 2332 lre
236 2272 331 2333 mibi.
358 2289 456 2351 neque
479 2274 559 2333 enim
581 2272 618 2333 de
642 2274 717 2334 vitae
740 2280 875 2352 tempore
899 2274 1057 2351 quicquam
1179 2347 1181 2351 y

165 2360 233 2420 Non
255 2359 344 2421 simul
366 2362 515 2443 egissem,
538 2377 595 2421 nec
617 2377 699 2422 mors
722 2359 851 2422 decreta
872 2361 997 2421 fuisset.

90 2448 253 2512 '100Nunc
276 2448 383 2509 absens
405 2451 504 2528 perii,
526 2450 621 2510 iactor
644 2465 763 2527 quoque
785 2447 925 2510 ductibus
948 2447 1072 2531 absens,

164 2535 206 2597 Et
228 2537 292 2597 sine
314 2544 345 2598 te
368 2554 415 2598 me
438 2543 548 2617 pontus
570 2535 682 2598 habet.
710 2537 860 2599 crudelior
882 2538 948 2616 ipso
1053 2566 1057 2575 ·

166 2623 214 2684 Sit
236 2623 308 2685 mibi
330 2641 415 2686 mens
437 2624 564 2707 pelago,
587 2626 725 2686 civitam
747 2624 858 2687 ducere
880 2627 959 2687 nitar

165 2711 320 2793 Longius,
343 2719 374 2774 et
395 2719 478 2773 tanto
500 2731 632 2793 pugnem
654 2731 812 2794 superesse
835 2712 947 2775 dolori.

166 2799 227 2861 Sed
250 2818 348 2880 neque
367 2800 527 2882 pugnabo,
549 2820 605 2863 nec
628 2809 677 2883 te,
699 2802 885 2884 miserande,
907 2802 1089 2882 relinquam,

90 2901 148 2952 705
163 2887 205 2949 Et
227 2887 281 2950 tibi
303 2907 384 2951 nunc
406 2887 511 2951 saltem
532 2891 648 2952 veniam
669 2908 792 2953 comes.
817 2892 909 2971 inque
932 2889 1090 2971 sepulchro

165 2975 283 3038 Sinon
304 2995 402 3060 urna,
424 2985 524 3039 mmen
546 2980 650 3057 iunget
671 2995 727 3041 nos
748 2978 870 3041 littera:
892 2980 1002 3040 sinon

165 3064 292 3127 Ossibus
314 3084 382 3136 ossa
403 3067 500 3148 meis,
522 3074 553 3128 at
574 3084 684 3128 nomen
707 3060 996 3146 nominetangarn?

163 3151 255 3214 Plura
278 3153 362 3215 dolor
383 3153 523 3235 probibet
534 3201 544 3236 ,
565 3153 717 3234 verboque
740 3157 900 3217 intervenit
922 3155 1004 3215 omni

163 3240 292 3322 Plangor
304 3290 314 3324 ,
337 3250 369 3304 et
390 3244 515 3304 attonito
537 3245 665 3323 meritus
688 3262 705 3304 e
729 3244 819 3305 corde
841 3242 1018 3303 trabuntur.

93 3342 150 3393 rto
164 3329 251 3391 blane
274 3338 360 3392 erat.
388 3331 540 3411 egreditur
561 3334 650 3393 tectis
672 3331 710 3392 ad
731 3331 804 3393 litus
815 3377 826 3412 ,
848 3329 984 3399 stillum

165 3417 276 3480 blaesta
297 3417 397 3480 locum
419 3422 551 3501 repetit,
574 3419 611 3481 de
635 3437 694 3499 quo
718 3424 866 3500 spectarat
889 3427 1027 3480 euntem.

166 3504 317 3586 [Dumque
336 3514 471 3568 moratur
488 3507 548 3588 ibi,
570 3506 702 3586 dumque
726 3503 787 3568 ‘hie
804 3506 968 3568 retinacula
986 3505 1089 3587 solvit,

164 3593 229 3655 Hoc
252 3594 324 3657 mibi
346 3595 504 3658 discedens
527 3595 610 3658 dedit
631 3595 733 3658 oscula
755 3589 854 3657 litore’
877 3594 951 3656 dixit
958 3592 982 3677 ,]
