2467 4042
182 245 227 310 98
333 263 492 301 recensente
599 243 761 300 METAMM
770 283 779 302 .

271 410 343 473 inde
366 411 468 472 tremit
490 408 578 471 telius
602 418 633 470 et
655 428 708 471 rex
730 419 817 490 paret
839 412 904 491 ipse
927 411 1096 494 silentum,

271 498 316 560 Ne
337 506 437 579 pateat
458 497 577 577 latoque
600 497 697 559 solum
719 506 872 579 retegatur
894 498 993 580 hiatu,

271 586 475 666 lnmissusque
497 585 561 647 dies
583 584 766 666 trepidantes
788 593 902 649 terreat
923 585 1064 650 umbras.

271 675 354 737 Hane
376 682 513 737 metuens
536 673 649 736 cladem
671 673 830 736 tenebrosa
852 675 923 738 sede
945 683 1096 755 tyrannus

205 775 258 825 300
271 763 391 825 Exierat
403 810 413 844 ,
436 779 586 841 curruque
609 769 744 824 atrorem]
766 770 870 826 rectus
893 780 1040 843 equorum

271 850 407 912 imbibat
430 849 546 911 Siculae
570 857 675 912 cautus
698 849 869 915 fundamina
890 858 1007 913 terrae.

270 940 432 1018 Postquam
454 937 640 1019 exploratum
663 940 735 1000 satis
758 947 805 1000 est
817 986 827 1019 ,
849 938 914 1000 loca
936 939 1017 1001 nulia
1040 938 1172 1025 labare,

270 1028 462 1108 depositique
484 1035 605 1107 metus,
628 1025 709 1088 videt
729 1026 810 1088 hunc
832 1026 960 1107 Erycina
982 1038 1145 1106 regentem

271 1115 371 1177 Monte
394 1133 448 1176 suo
471 1114 629 1197 residens,
652 1122 813 1193 natumque
836 1116 967 1195 amplexa
991 1116 1152 1180 volucrem

205 1214 257 1265 303
273 1199 398 1265 “‘Arma
410 1219 574 1282 manusque
588 1219 694 1284 meae,
716 1220 804 1286 mea,
826 1211 917 1286 nats,
938 1206 1073 1284 potentia
1088 1201 1112 1287 ,'
1128 1207 1206 1269 dixit

272 1289 357 1374 iiia,
379 1291 488 1371 quibus
510 1308 634 1372 superas
657 1307 782 1368 omncs,
805 1307 877 1371 cape
899 1291 958 1354 tela
970 1339 980 1374 ,
1003 1291 1144 1377 Cupido,

270 1381 364 1460 loque
387 1380 435 1441 dei
456 1386 562 1459 pectus
586 1378 701 1442 celeres
723 1378 827 1440 molire
851 1382 990 1462 sagittas,

271 1468 327 1530 Cui
348 1467 474 1548 triplicis
497 1468 587 1529 cessit
609 1467 729 1529 fortuna
751 1469 910 1529 novissima
931 1470 1034 1548 regni.

271 1556 317 1618 Tu
340 1574 464 1636 superos
486 1557 644 1636 ipsumque
669 1553 768 1617 iorem
780 1603 790 1637 ,
811 1562 846 1616 tu
868 1558 990 1618 numina
1011 1560 1099 1637 ponti

204 1656 257 1707 310
271 1643 354 1706 Victa
376 1643 478 1705 domos
500 1645 659 1723 ipsumque
671 1691 681 1726 ,
703 1645 781 1721 regit
804 1644 858 1722 qui
880 1646 1002 1708 3333133
1023 1649 1131 1725 ponti.

271 1733 394 1794 Tartara
416 1731 488 1811 quiid
511 1726 659 1793 cessant?
682 1748 737 1793 cur
760 1749 820 1792 non
843 1734 1006 1812 matrisque
1029 1743 1178 1815 tuumque

270 1822 431 1901 imperium
453 1815 601 1901 profers?
624 1821 722 1898 egitur
744 1836 814 1899 pars
836 1822 924 1881 tertia
946 1820 1069 1884 mundi.

270 1908 309 1970 Et
331 1919 430 1970 tamen
452 1911 484 1970 in
507 1907 610 1989 eaelo,
634 1925 710 1985 quae
732 1910 791 1968 iam
813 1909 954 1987 patientia
976 1918 1081 1972 nostra
1104 1919 1168 1992 est,

272 1997 448 2077 spernimur
471 2014 505 2058 ac
528 2012 646 2057 mecum
668 1997 747 2057 vires
769 1997 946 2058 minuuntur
968 1997 1104 2063 Amoris.

205 2096 256 2149 sto
270 2085 388 2148 Pallada
409 2103 508 2146 nonne
531 2083 613 2146 vides
636 2082 896 2164 iaculatricemque
919 2082 1042 2147 Dianam

270 2173 458 2236 discessisse
481 2169 584 2235 mihi?
606 2171 725 2233 Cereris
749 2188 867 2251 quoque
890 2171 949 2235 iilia
971 2175 1075 2255 virgo,

271 2262 305 2323 Si
326 2264 497 2342 patiemur,
519 2262 599 2323 erit:
622 2277 691 2322 nam
714 2278 782 2340 spes
805 2261 922 2322 aiiectat
945 2262 1081 2324 easdem.

271 2351 309 2411 it
330 2359 363 2412 tu
386 2368 441 2430 pro
466 2351 570 2431 socio,
592 2350 678 2427 siqua
702 2356 748 2409 est
771 2366 805 2409 33
827 2350 920 2427 gratia
932 2397 942 2430 ,
965 2349 1059 2429 regno

270 2438 362 2518 lunge
386 2438 471 2499 deam
492 2431 654 2518 patruo.'''
681 2436 757 2498 dixit
779 2435 900 2499 Venus.
927 2435 976 2498 ille
998 2437 1167 2517 pharetram

206 2539 259 2590 330
273 2526 367 2588 Solvit
389 2535 420 2588 et
442 2524 564 2587 arbitrio
587 2526 690 2586 matris
712 2523 749 2585 de
772 2523 851 2588 mille
873 2527 989 2605 sagittis

271 2613 365 2676 Unam
389 2616 543 2696 seposuit,
566 2612 618 2675 sed
642 2630 700 2692 qua
723 2630 779 2675 nec
801 2615 915 2675 acutior
937 2612 997 2675 ulla

269 2702 332 2765 Nee
354 2705 453 2765 minus
476 2704 590 2765 incerte
612 2709 681 2782 est,
702 2719 759 2762 nec
777 2718 852 2781 quae
866 2703 959 2782 magis
973 2701 1074 2765 audiat
1088 2721 1186 2785 neus,

271 2791 473 2872 Oppositoque
496 2809 574 2870 genu
597 2792 730 2852 curvavit
750 2789 848 2852 flexile
871 2808 996 2853 cornum

271 2880 364 2959 inquo
388 2898 440 2941 cor
462 2880 578 2941 13333313
599 2879 750 2958 percussit
771 2877 937 2941 harundine
959 2878 1076 2942 Ditem.

67 2984 94 3031 r„
108 3020 120 3045 ,
136 3008 155 3041 »Ν
176 3009 182 3027 ,
204 2982 257 3033 sao
315 2968 401 3029 iiaud
422 2968 529 3049 procul
550 2965 699 3029 Hennaeis
716 2966 798 3029 lacus
821 2976 868 3029 331
889 2985 906 3028 3
928 2967 1086 3031 moenibus
1100 2968 1183 3050 altae,

29 3108 46 3121 ,3
107 3078 108 3081 ’
187 3042 245 3139 f'
269 3057 395 3120 Nomine
417 3056 553 3138 Pergus,
576 3073 690 3134 aquae.
717 3072 779 3121 non
799 3055 850 3118 iilo
871 3055 957 3136 plura
980 3055 1118 3135 Caystros

27 3180 35 3197 f-
101 3106 173 3205 nse?
203 3116 261 3217 pff
271 3146 407 3208 Carmina
429 3163 591 3225 cycnorum
612 3142 780 3206 labentibus
804 3143 886 3207 audit
907 3145 938 3205 in
961 3143 1067 3205 undis.

21 3234 497 3386 13111133113311111
516 3235 759 3384 risisti
778 3231 1128 3401 mitid&

204 3424 257 3475 330
270 3410 394 3492 Frigora
415 3411 487 3473 dant
499 3411 596 3492 rami,
614 3409 720 3490 Tyrios
742 3408 851 3472 humus
873 3407 972 3472 umida
994 3407 1103 3473 dorest

270 3498 452 3579 Perpetuam
474 3515 527 3561 ver
550 3505 617 3560 est.
645 3515 705 3577 quo
728 3496 799 3559 dum
820 3495 999 3577 Proserpina
1019 3496 1090 3561 luco

271 3586 382 3670 Ludit,
405 3594 436 3648 et
457 3593 508 3650 aut
530 3585 621 3649 violas
645 3592 695 3649 aut
719 3584 841 3649 candida
863 3585 922 3648 ldie
945 3588 1059 3669 carpit,
