2467 4042
239 235 305 302 300
401 252 556 292 manmena
651 231 830 288 afflatam,

327 399 390 461 Hos
413 417 532 480 quoque
553 397 757 460 Vertumnus.
784 415 882 477 neque
906 407 971 459 erat
993 397 1108 460 felicior
1131 397 1182 459 illis

328 487 353 550 0
376 490 515 567 quotiens
538 485 641 548 habitu
663 486 732 549 duri
753 488 897 549 messoris
919 488 1024 548 aristas

329 575 425 638 Garbe
447 574 539 657 tulit,
560 577 684 654 verique
706 574 767 636 fuit
785 575 928 637 messoris
950 573 1064 654 imagol

262 675 314 727 ssa
328 664 475 744 Tempora
497 680 586 743 saepe
608 679 717 743 gerens
739 662 826 724 faeno
848 662 973 741 religate
995 664 1113 724 recenti

327 752 487 814 Desectam
508 759 626 831 poterat
648 768 769 830 gramen
792 768 927 812 versasse
950 750 1061 813 rideri.

329 841 423 920 Saepe
446 857 537 902 manu
559 839 696 901 stimulos
717 838 811 917 rigida
832 838 994 920 portabat,
1015 849 1051 901 ut
1074 839 1156 901 illan

327 930 446 990 lunares
469 928 566 990 fessos
588 927 677 989 modo
700 927 877 988 disiunxisse
900 929 1063 989 iuuencos.

327 1016 414 1078 Falce
438 1016 504 1078 data
527 1015 681 1077 frondator
704 1023 768 1077 erat
789 1017 918 1094 vitisque
940 1023 1084 1095 putator:

263 1117 316 1168 656
329 1106 470 1167 Induerat
491 1104 607 1185 scalas,
629 1104 777 1167 lecturum
799 1121 887 1184 poma
908 1112 1049 1183 putares.

328 1194 500 1255 ltilcs-erat
522 1192 641 1274 gladio,
663 1194 794 1273 piscator
815 1191 982 1253 harundine
1006 1201 1145 1272 sumpta.

328 1281 463 1361 Denique
486 1298 540 1361 per
562 1279 671 1342 multas
694 1279 805 1342 aditum
828 1272 886 1341 61111
908 1298 996 1359 saepe
1020 1282 1133 1360 figuras

328 1369 494 1451 Repperit,
516 1377 550 1430 ut
573 1376 694 1448 caperet
715 1375 864 1448 spectans
886 1368 993 1447 gaudia
1015 1370 1149 1431 formae.

329 1458 382 1520 lile
405 1459 494 1518 etiam
516 1459 597 1535 picta
618 1456 775 1517 redimitam
798 1464 932 1535 tempora
954 1459 1065 1540 mina,

264 1558 315 1608 655
328 1546 462 1608 Innitens
484 1544 613 1626 beardo,
635 1546 741 1624 positis
763 1543 799 1604 ad
822 1552 957 1624 tempora
979 1548 1085 1627 canis,

329 1632 518 1696 AssimuIavit
535 1650 648 1715 anum,
671 1631 826 1711 cultosqam
845 1634 966 1693 intrarit
983 1634 1015 1694 in
1034 1633 1155 1713 hortos3
1174 1643 1228 1686 t·-

329 1722 479 1803 Pomaque
502 1723 607 1783 mnata
625 1728 693 1782 est.
721 1714 827 1782 ‘anso'
846 1738 903 1800 que
923 1715 1090 1800 ‘potentior
1104 1717 1123 1783 1’
1139 1721 1230 1798 inquit,

329 1810 478 1889 Pluraque
501 1809 636 1872 laudatae
659 1826 694 1870 ac
716 1807 799 1869 dedit
820 1807 944 1889 oscula,
965 1808 1067 1888 qualia
1095 1824 1230 1888 nunquan

331 1897 407 1960 Vera
429 1897 562 1960 dedisset
584 1915 681 1961 anas:
704 1895 866 1977 glaebaque
888 1898 1012 1958 incurva
1034 1897 1163 1977 resedit,

265 2000 316 2049 666
331 1987 503 2066 Suspicione
524 1985 639 2066 pandos
661 1986 797 2047 autumni
818 1982 950 2064 pondere
972 1982 1093 2048 ramos.

330 2074 433 2137 Ulmus
455 2081 520 2136 erat
542 2082 647 2136 contra
668 2075 802 2153 speciosa
823 2072 988 2135 nitentibus
1010 2076 1097 2135 avis:

332 2162 427 2234 Quam
449 2170 567 2243 compta
588 2168 746 2242 postquam
768 2163 880 2241 pariter
902 2163 1013 2223 virtute
1036 2161 1183 2243 probarit,

332 2248 380 2311 ‘At
403 2252 430 2313 si
452 2245 556 2312 steret'
580 2252 621 2311 ait
644 2245 773 2311 ‘caelebs
795 2251 860 2310 sine
881 2249 1002 2330 palmite
1025 2261 1165 2329 truncus,

330 2339 379 2400 Nil
399 2346 520 2419 praeter
543 2338 687 2419 frondes,
709 2356 801 2417 quare
823 2345 1000 2419 peteretur,
1022 2337 1161 2400 haberet.

265 2427 411 2489 66511666
433 2444 575 2509 qnoque,
599 2443 675 2505 qaae
697 2428 799 2487 lancta
820 2427 888 2487 vitis
915 2428 1081 2505 requiescit
1102 2429 1133 2488 ia
1151 2422 1228 2497 utne,

332 2516 364 2577 Si
386 2532 446 2577 aon
469 2523 562 2595 nupta
584 2516 663 2576 ieret
675 2561 685 2595 ‚
706 2523 804 2576 terrae
828 2513 969 2576 acclinata
990 2515 1122 2576 iaceret.

330 2605 376 2666 Tu
399 2611 498 2665 tamen
521 2603 655 2681 exemplo
678 2620 739 2664 non
763 2604 894 2681 tangeris
918 2601 1035 2663 arboris
1058 2603 1160 2681 huius,

331 2691 572 2770 Concubitusque
596 2692 675 2769 iugis
687 2736 697 2770 ,
720 2708 776 2751 aee
798 2698 829 2751 te
851 2692 1036 2770 comangere
1060 2707 1159 2753 curas.

331 2784 427 2859 Atque
450 2781 563 2841 utinam
585 2777 698 2840 velles!
721 2777 834 2839 Helene
856 2795 916 2839 non
938 2778 1077 2857 pluribus
1099 2784 1170 2838 esset

265 2880 318 2931 676
333 2869 494 2931 sollicitata
516 2870 639 2948 procis,
661 2884 717 2928 nec
741 2884 815 2945 quae
838 2864 990 2946 Lapitheia
1012 2869 1105 2929 movit

330 2957 469 3038 Proelia,
492 2973 548 3017 nec
571 2957 702 3016 coniunx
725 2954 842 3036 timidi,
863 2963 915 3016 aut
937 2953 1058 3016 audacis
1081 2954 1179 3015 1111116,

331 3046 419 3108 Nunc
442 3062 584 3125 quoque,
607 3062 676 3105 cum
699 3044 794 3122 sagias
816 3044 1022 3122 averserisque
1045 3050 1183 3124 pennas,

330 3133 408 3196 111116
431 3135 488 3194 viri
510 3134 636 3211 cupiunt
658 3139 690 3193 65
711 3130 892 3211 semideique
915 3131 1024 3210 deique

330 3222 369 3285 Et
392 3226 596 3303 quaecumque
620 3228 724 3282 tenent
745 3218 872 3280 Albanos
895 3222 1018 3281 numina
1040 3230 1163 3281 montes.

265 3322 317 3373 655
332 3310 391 3372 Sed
414 3318 448 3372 ta
470 3312 497 3370 si
519 3311 639 3389 sapies,
661 3310 688 3370 si
709 3314 740 3370 te
762 3307 838 3369 bene
861 3309 985 3387 iungere
1008 3310 1150 3386 mumque

331 3398 413 3462 lianc
436 3396 540 3459 audire
563 3396 668 3478 voles,
691 3413 766 3475 qaae
789 3404 819 3457 te
842 3394 909 3475 plus
931 3395 1073 3459 omnibus
1094 3395 1144 3456 11116
1151 3437 1159 3471 ‚

329 3487 401 3548 Plus
424 3503 513 3565 66616
536 3485 657 3564 credis,
679 3502 745 3545 amo
757 3530 767 3564 ‚
789 3483 925 3563 vaignes
948 3490 1029 3545 reice
1053 3483 1159 3558 taedas,

330 3573 585 3653 Vertumnumque
608 3573 668 3634 tori
690 3574 805 3634 6661656
827 3571 882 3639 5111
905 3572 1016 3651 selige.
1044 3591 1098 3655 pro
1119 3583 1168 3649 qao
1225 3578 1226 3581 ’
