2467 4042
157 254 200 318 22
314 274 453 310 msunuou
568 257 731 312 METAMM
740 298 749 315 .

245 420 314 482 Sole
337 429 455 482 satum.
483 423 510 484 si
531 422 599 483 ficta
622 422 751 505 loquor,
773 433 862 504 neget
884 428 948 507 ipse
971 427 1160 490 videndum

244 510 284 571 Se
306 508 379 571 mihi
391 556 401 590 ‚
424 511 521 589 sitque
544 511 639 572 oculis
661 511 713 573 lux
735 515 792 574 ista
814 516 973 576 novissima
994 519 1149 578 nostris.

243 598 305 658 Nec
327 598 433 676 longus
455 600 567 678 patrios
589 598 673 662 labor
696 600 819 662 esttibi
841 619 929 663 nosse
951 612 1112 683 penates.

242 685 327 747 Unde
350 688 446 747 oritur
458 733 468 767 ,
490 686 596 749 domus
618 697 666 749 est
694 696 792 750 terrae
820 694 1004 752 contermina
1026 702 1190 756 nostrae.

179 787 229 836 its
244 774 276 835 Si
299 774 386 835 modo
408 774 621 857 sensuimus,
643 777 790 859 gradere,
813 786 843 839 et
857 778 1003 841 scitabere
1016 779 1061 841 ab
1077 784 1159 863 ipso
1169 778 1191 844 .'

242 862 357 924 ilminat
379 863 526 941 extemplo
549 863 644 926 laetus
666 874 735 944 post
756 865 826 926 talia
847 870 951 928 matris

242 951 326 1012 Dicta
348 968 419 1011 suae
437 949 590 1013 Phaethon
612 961 644 1014 et
666 956 798 1033 concipit
815 954 935 1015 aethera
956 966 1086 1040 mente,

242 1039 461 1118 Aethiopasque
484 1058 555 1101 suos
576 1043 751 1121 positosque
774 1041 830 1104 sub
852 1042 971 1122 ignibus
993 1043 1096 1108 lndos

242 1127 374 1189 Sidereis
396 1129 504 1188 transit
520 1131 695 1208 patriosque
716 1129 779 1191 adit
800 1132 927 1211 impiger
949 1142 1056 1195 onus.

551 1336 765 1348 ——n—

443 1509 583 1593 cibun
609 1510 874 1596 SECUNDUS.

240 1658 331 1739 Regia
355 1658 431 1722 Solis
455 1667 520 1721 erat
541 1657 719 1721 sublimibus
741 1660 799 1722 alta
816 1660 980 1744 columnis,

241 1747 474 1809 Clara-micante
497 1766 571 1808 auro
592 1747 785 1828 flammasque
807 1751 941 1811 imitante
963 1767 1104 1832 pyrop03

241 1835 333 1898 Cuius
356 1835 432 1899 ebur
454 1836 581 1898 nitidum
602 1835 720 1915 fastigia
743 1854 857 1898 summa
879 1837 1015 1917 tegebat,

240 1926 364 2003 Argenti
384 1923 497 1985 bifores
519 1922 673 1986 radiabant
694 1924 806 1986 lumine
828 1925 944 1987 valvae.

209 2012 392 2074 allateriam
414 2012 573 2092 superabat
594 2030 692 2092 opus.
719 2030 788 2074 nam
810 2013 955 2074 llarlciber
976 2013 1038 2075 illic

239 2102 376 2180 Aequora
398 2100 525 2162 caelarat
547 2100 659 2162 medias
682 2102 830 2180 cingentia
851 2110 948 2163 terras

239 2190 459 2269 Terrarumque
483 2188 585 2250 orbem
608 2188 805 2270 caelumque,
827 2189 906 2268 quod
919 2192 1055 2251 imminet
1079 2192 1155 2253 orbi

241 2276 399 2339 Caeruleos
421 2276 511 2339 babet
532 2277 612 2339 unda
635 2277 730 2359 deos,
752 2276 875 2338 Tritona
898 2295 1058 2361 canorum,

238 2366 406 2446 Proteaque
428 2364 623 2447 ambiguum,
644 2364 905 2445 ballaenarnmque
926 2377 1119 2446 prementem

193 2469 226 2519 ιο
239 2456 392 2534 Aegaeona
415 2456 478 2515 suis
500 2457 638 2516 immania
660 2462 744 2532 terga
765 2453 903 2536 lacertis,

239 2542 406 2623 Doridaque
430 2552 460 2604 et
481 2552 588 2624 namo,
611 2559 738 2621 quarum
758 2561 829 2621 pars
851 2560 923 2603 nare
945 2541 1080 2623 videtur,

238 2631 312 2692 Pars
333 2633 365 2692 in
388 2630 465 2691 mole
489 2631 597 2693 sedens
620 2630 730 2691 virides
753 2632 866 2692 siccare
888 2629 1027 2711 capillos,

239 2719 325 2781 Pisce
348 2718 415 2780 vehi
438 2719 604 2798 quaedam.
631 2720 723 2779 iacies
746 2736 806 2779 non
829 2717 968 2779 omnibns
988 2736 1067 2800 una,

239 2807 301 2868 Nec
323 2808 439 2870 diversa
460 2817 582 2888 tamen3
605 2805 722 2885 qualem
745 2806 832 2868 decet
854 2825 921 2867 esse
943 2824 1101 2868 sororum.

193 2911 224 2960 ts
239 2896 333 2957 Terra
354 2898 433 2957 viros
456 2895 607 2975 urbesque
629 2897 707 2974 gerit
729 2894 875 2974 silvasque
897 2896 1036 2974 ferasque

239 2984 433 3063 Fluminaque
455 2992 487 3045 et
508 2982 652 3064 nymphas
675 2990 706 3044 et
728 2992 829 3044 cetera
845 2985 968 3044 numina
988 2985 1088 3044 ruris.

238 3073 318 3134 llaec
340 3091 432 3152 super
454 3074 582 3153 inposita
605 3080 653 3132 est
675 3070 749 3132 caeli
770 3071 911 3150 fulgentis
933 3073 1048 3152 imago,

239 3161 388 3241 Signaque
411 3178 464 3222 sex
487 3159 601 3221 loribus
624 3159 760 3241 dextris,
781 3160 964 3238 totidemque
987 3161 1139 3222 sinistris.

239 3250 305 3322 Quo
329 3248 417 3310 simul
439 3248 549 3309 acclivo
573 3246 742 3327 Clymeneia
763 3247 858 3308 limite
881 3246 981 3326 proles

190 3352 225 3401 20
238 3337 326 3400 Venit
349 3346 380 3398 et
400 3338 522 3398 intravit
545 3335 674 3398 dubitati
690 3343 769 3397 tecta
791 3337 942 3417 parentis,

237 3427 379 3489 Protinus
401 3425 439 3486 ad
461 3426 574 3505 patrios
597 3442 652 3486 sua
674 3424 733 3485 lert
755 3426 877 3504 vestigia
899 3423 999 3485 vultus

240 3514 441 3591 Consistitquc
464 3511 592 3592 procul:
615 3530 713 3591 neque
737 3515 816 3573 enim
837 3514 978 3592 propiora
1001 3511 1114 3574 ferebat

237 3602 384 3662 Lumina.
415 3618 567 3680 purpurea
589 3598 702 3661 velatus
725 3609 807 3661 veste
830 3600 951 3663 sedebat
