2467 4042
403 272 474 347 ill,
493 269 608 332 437-
621 269 694 335 512.

44 433 103 488 475
116 423 186 485 Sed
202 439 304 501 neque
319 430 350 484 te
363 424 485 484 facilem
500 424 602 486 iuveni
617 426 760 499 promitte
774 427 902 503 meanti

164 509 230 568 Nec
243 515 345 569 umen
360 508 459 569 educo
476 507 560 582 quod
576 506 664 585 petit,
688 525 741 572 ore
755 525 844 585 nege

117 592 183 652 Fac
198 593 304 652 timent
318 600 486 667 speretque
500 592 605 666 simul,
617 594 832 669 quotiensque
846 596 990 668 remittes,

164 675 312 751 Spesque
326 676 426 751 magis
442 675 545 738 veniat
557 683 642 736 certe
655 677 817 753 minorque
831 686 939 740 melus.

117 759 255 833 Munda,
276 760 333 820 sed
351 776 369 820 e
386 760 488 822 medio
504 768 715 836 consuetaque
729 762 840 835 verba,
863 763 993 838 puellae,

48 853 107 907 480
163 842 306 905 Scribite.
327 843 481 904 sermonis
496 844 621 919 publica
634 845 734 905 forme
748 846 858 920 placet„

116 930 165 988 Al
190 928 334 1003 quotiens
349 928 463 989 dubius
478 927 600 1003 scriptis
617 929 733 989 exarsit
745 936 872 1001 ametor,

160 1012 200 1071 Et
216 1012 322 1073 nocuit
333 1012 452 1072 iormee
464 1010 597 1071 barbare
609 1012 714 1087 lingue
728 1013 843 1074 bonae!

119 1094 186 1156 Sed
203 1096 364 1171 quonium,
389 1095 529 1170 quemvis
545 1095 638 1156 vittue
652 1097 782 1157 careatis
797 1097 925 1168 honore,

160 1178 221 1239 Est
233 1177 326 1239 vobis
340 1185 464 1239 vestros
479 1179 584 1238 saliere
600 1193 674 1242 eure
688 1181 783 1251 viros,

48 1272 102 1326 485
113 1262 260 1323 Ancillae
273 1263 425 1337 puerique
438 1278 531 1324 manu
546 1270 688 1337 perarate
699 1264 841 1325 ‘tabellas

160 1346 296 1421 Pignora
310 1362 369 1407 nec
382 1362 479 1421 puero
495 1347 611 1407 credita
627 1353 730 1408 vestre
743 1350 827 1409 volo.

116 1430 195 1490 Vidi
213 1445 272 1504 ego
289 1430 432 1505 pallentis
447 1430 506 1490 isto
523 1437 639 1490 terrore
655 1431 775 1506 puellus

161 1511 329 1574 Servitium
342 1514 473 1575 miserus
489 1521 611 1588 tempus
626 1515 657 1574 in
672 1530 764 1576 omne
778 1516 850 1590 pati.

116 1597 262 1658 Perfidus
276 1597 328 1658 ille
341 1597 482 1673 quidem,
505 1598 557 1672 qui
571 1597 644 1659 teliu
660 1599 790 1674 pignora
805 1606 918 1670 servet,

47 1690 105 1744 49⁰
160 1680 226 1741 Sed
240 1688 342 1742 temen
353 1679 486 1741 Aetnaei
500 1681 636 1741 fulminis
651 1682 749 1741 instar
761 1681 862 1743 habet.

117 1764 227 1826 Iudice
239 1779 290 1824 me
304 1765 389 1824 fraus
405 1770 452 1824 est
466 1779 618 1824 concesse
632 1766 782 1840 repellere
795 1765 943 1839 fraudem,

160 1850 319 1923 Armaque
336 1847 366 1907 iu
381 1855 515 1908 armatos
530 1864 653 1909 sumere
666 1849 734 1909 iura
748 1850 859 1911 sinunt.

117 1933 240 1992 Ducere
254 1937 440 1992 consuescet
453 1932 563 1992 multos
578 1949 689 1993 munus
703 1949 766 1993 une
779 1932 905 2007 figuras.

161 2019 206 2074 At
229 2022 372 2090 pereant,
394 2031 451 2090 per
465 2032 545 2089 quos
559 2016 620 2076 ista
633 2017 788 2076 mouenda
800 2016 883 2076 mihi.

51 2107 107 2163 495
117 2098 182 2159 Nec
197 2099 258 2159 nisi
273 2099 382 2160 deletis
400 2105 496 2160 tulum
510 2099 682 2162 rescribere
696 2100 786 2160 ceris.

161 2182 207 2242 Ne
222 2190 325 2243 teneut
337 2183 475 2257 gemines
493 2200 555 2244 une
568 2183 681 2244 tabella
695 2200 813 2245 manus.

117 2265 246 2327 Femina
258 2266 379 2327 dicatur
393 2266 538 2327 scribenti
553 2283 678 2343 semper
693 2275 824 2328 ametor:

161 2350 217 2410 illc
232 2350 318 2411 sitin
333 2350 459 2424 vestris,
483 2350 536 2426 qui
549 2352 606 2412 luit
621 2352 686 2426 ille,
707 2353 800 2418 notis.

118 2433 183 2494 Sed
199 2434 272 2494 libet
286 2450 305 2495 e
321 2434 425 2510 parvis
441 2434 573 2495 animum
587 2436 630 2495 nd
643 2435 761 2496 mulcro
773 2435 897 2508 referre,

54 2527 108 2580 500
160 2516 315 2592 Plenaque
330 2525 456 2578 curvato
471 2518 609 2592 pendere
625 2521 696 2578 vela
709 2518 789 2579 sinu.

118 2599 253 2662 Pertinet
267 2602 308 2662 ed
322 2602 431 2662 faciem
444 2600 569 2663 rabidos
586 2618 786 2677 compescere
801 2617 916 2663 mores:

163 2685 301 2745 candidu
316 2702 379 2762 pax
394 2685 550 2759 homines,
572 2692 643 2746 trux
656 2687 746 2747 decet
759 2688 805 2748 ira
818 2687 910 2747 feras.

119 2766 180 2829 Om
192 2776 311 2830 tument
322 2771 378 2830 ire.
400 2770 579 2845 nigrescunt
591 2770 742 2844 sanguine
757 2786 871 2830 venum

160 2854 290 2914 Lumina
305 2853 469 2928 Gorgoneo
485 2854 609 2915 saevius
624 2855 696 2929 igne
709 2856 831 2920 micant

57 2945 107 2998 505
118 2938 142 2996 ‘l
158 2938 269 3011 procul
283 2937 382 3011 hinc,’
405 2937 483 2998 dixit
498 2941 572 2999 ‘non
589 2939 727 3014 semini,
749 2938 839 3010 tibia,
861 2940 959 3015 tunti’,

159 3021 201 3081 Ul
216 3020 292 3081 vidit
305 3023 409 3083 vultus
422 3021 523 3082 Palles
538 3022 568 3080 iu
582 3038 673 3084 amne
687 3038 774 3084 suec.

117 3106 184 3165 Vos
201 3120 328 3181 quoque
341 3106 368 3165 si
383 3106 485 3166 medie
500 3109 660 3180 speculum
673 3107 819 3183 spectetis
833 3104 865 3167 in
879 3107 933 3180 ire,

161 3188 337 3262 Cognoscat
352 3190 462 3250 faeiem
477 3190 531 3249 vix
545 3192 620 3251 satis
635 3191 697 3252 ulle
711 3208 811 3253 suem.

117 3271 178 3332 Nec
193 3272 296 3333 minus
311 3272 342 3336 in
356 3274 442 3335 vultu
457 3273 608 3336 damnose
623 3275 768 3350 superbla
781 3281 895 3336 vestro.

58 3365 107 3417 ⁶10
158 3356 306 3419 Comibus
320 3363 369 3417 est
382 3357 482 3418 oeulis
495 3358 674 3420 alliciendus
690 3376 786 3421 emor.

120 3438 251 3502 Odimus
262 3439 468 3503 inmodicos...
483 3449 612 3518 experto
627 3443 777 3506 creditet..
801 3444 915 3504 fastusr

159 3523 263 3600 Saepe
277 3531 384 3587 tacens
400 3526 461 3588 odii
477 3524 596 3590 semine
610 3528 712 3588 vultus
726 3527 828 3589 hebet
