2467 4042
624 410 720 487 VIII.

257 553 280 616 ll
304 552 359 617 tibi
382 551 491 616 dilecto
514 554 635 616 missam
657 552 773 615 Nasone
798 553 922 616 salutem

300 642 431 723 Accipe,
454 659 524 722 pars
547 644 661 704 enimse
684 660 788 723 magna
800 689 810 723 ,
834 642 964 722 Serere,
987 661 1096 707 meae.

255 730 336 793 Nare
359 748 450 812 roga,
474 731 545 811 quid
564 748 664 810 egem.
702 733 728 792 si
751 748 914 810 persequar
932 734 1053 814 omnia,
1080 733 1183 796 llebis:

301 818 422 882 Summe
445 821 517 900 satis
540 821 636 881 nostri
659 820 685 880 si
708 819 762 880 tibi
785 829 855 882 nota
878 820 963 881 mali.

226 907 388 971 nvivimus
411 906 538 970 assiduis
561 913 700 988 expertes
723 910 804 988 pacis
827 911 858 969 in
881 909 988 991 armis,

299 996 381 1058 bura
403 995 573 1077 pharetrato
596 995 673 1058 bella
696 1004 833 1059 movente
856 994 945 1059 Geta.

256 1084 358 1167 Deque
382 1092 427 1147 tot
449 1085 582 1166 expulsis
604 1103 671 1147 sum
694 1085 779 1146 miles
802 1087 835 1146 in
858 1084 943 1146 exule
967 1082 1071 1148 solus:

301 1174 400 1257 Tuta,
423 1191 521 1253 neque
543 1175 683 1255 invideo,
707 1180 807 1235 cetera
831 1169 919 1235 turba
940 1174 1031 1236 latet.

257 1262 381 1343 Quoque
406 1265 499 1342 magis
522 1271 640 1325 nostros
663 1264 749 1324 reaia
772 1262 894 1342 dignere
916 1260 1049 1343 libellos,

209 1361 243 1414 10
300 1351 380 1413 llaec
403 1351 435 1413 in
458 1353 615 1431 procinctu
639 1352 770 1413 carmina
793 1351 869 1412 iacta
891 1349 989 1430 leges.

257 1438 322 1502 Stat
344 1447 430 1501 retus
453 1439 548 1522 urbs,
571 1441 654 1518 ripae
677 1440 772 1500 vicina
794 1438 954 1500 binominis
976 1437 1094 1521 Histri,

300 1528 455 1590 Moenibus
479 1535 509 1590 et
530 1530 632 1608 positu
654 1530 702 1590 vix
725 1528 858 1589 adeunda
882 1528 955 1588 loci.

258 1616 380 1696 Caspios
403 1616 549 1698 Aegisos,
573 1616 609 1677 de
633 1634 665 1678 se
689 1617 716 1677 si
734 1616 883 1677 credimus
906 1617 995 1696 ipsis,

301 1703 460 1787 Condidit,
484 1714 515 1767 et
537 1707 659 1785 proprio
683 1705 801 1766 nomine
825 1704 898 1765 dixit
921 1721 1013 1783 opus.

210 1804 242 1855 15
257 1793 339 1855 Hanc
361 1794 445 1855 ierus
457 1841 466 1875 ,
490 1793 624 1873 Odrysiis
648 1795 768 1873 inopino
791 1792 884 1853 Marte
908 1793 1093 1875 peremptis,

301 1880 408 1962 Cepit,
432 1891 463 1944 et
484 1884 515 1943 in
537 1900 640 1960 regern
663 1881 786 1943 sustulit
808 1898 888 1941 arma
911 1879 1018 1941 Getes.

256 1970 307 2032 llle
331 1987 445 2031 memor
468 1972 566 2050 magni
588 1971 729 2051 generis,
752 1971 860 2030 virtute
885 1966 965 2048 quod
987 1977 1098 2052 auget,

301 2058 443 2120 Protinus
466 2061 624 2121 innumero
649 2057 741 2120 milite
765 2060 881 2119 cinctus
905 2056 1004 2117 adest.

256 2147 318 2209 Nec
340 2150 426 2227 prius
449 2147 614 2228 abscessit,
643 2149 749 2208 merita
772 2163 860 2225 quam
884 2146 973 2207 caede
995 2155 1170 2216 nocentum

208 2247 243 2298 20

257 2325 295 2386 At
318 2322 395 2405 tibi,
418 2341 472 2386 rex
494 2341 588 2405 aevo,
611 2323 721 2399 detur,
745 2323 905 2383 fortissime
929 2328 1049 2402 nostro,
1146 2339 1193 2390 (so)

303 2412 427 2492 Semper
448 2413 592 2474 honorata
616 2419 733 2492 sceptra
756 2418 859 2472 tenere
884 2427 989 2472 manu.

257 2500 377 2583 Teque,
397 2501 476 2581 quod
495 2508 526 2563 et
543 2507 663 2581 praesto
683 2507 729 2561 ost
747 2531 782 2543 -
800 2498 871 2578 quid
891 2500 970 2560 enim
989 2496 1043 2559 tibi
1063 2497 1194 2579 plenius

807 2584 933 2667 optem?
955 2618 991 2630 -

302 2677 406 2739 Martia
429 2694 497 2740 cum
521 2693 627 2757 magno
650 2675 775 2738 Caesare
799 2675 892 2736 liorna
914 2674 1037 2755 probet.

209 2777 243 2829 25
259 2765 316 2828 Sed
340 2784 454 2840 memor
477 2765 555 2828 unde
579 2764 639 2826 abii
651 2813 660 2846 ,
684 2781 815 2846 queror,
839 2782 857 2824 o
880 2763 1007 2825 iocunde
1032 2763 1173 2850 sodalis,

303 2854 453 2917 Accedant
475 2855 586 2915 nostris
609 2870 695 2915 saera
719 2853 797 2933 quod
821 2870 903 2913 arma
924 2850 1026 2912 malis.

257 2942 297 3005 Ut
319 2960 405 3006 carco
428 2940 512 3003 vobis
524 2989 533 3023 ,
558 2941 710 3021 Scythicas
734 2941 874 3002 detrusus
896 2943 928 3002 in
951 2957 1036 3022 oras,

303 3031 451 3102 Quattuor
474 3038 633 3092 autumnos
655 3029 752 3091 Pleias
775 3037 839 3091 orta
862 3030 949 3091 iacit.

258 3119 320 3182 Nec
343 3129 376 3182 tu
400 3118 564 3181 credideris
587 3117 718 3180 urbanae
742 3118 895 3179 commoda
917 3119 993 3178 vitae

210 3220 245 3272 80
304 3209 454 3281 Quaerere
478 3206 644 3270 Nasonem:
667 3209 785 3286 quaerit
808 3214 838 3267 et
860 3205 909 3267 illa
932 3213 1048 3267 tamen.

257 3296 332 3358 Nam
355 3297 442 3358 modo
465 3313 518 3358 ros
541 3299 638 3357 animo
662 3294 765 3357 dulces
787 3296 964 3355 reminiscor
986 3295 1099 3377 amici,

303 3384 390 3447 Nunc
414 3384 486 3446 mibi
509 3402 577 3446 oum
601 3401 670 3445 cara
693 3386 819 3463 coniuge
842 3394 910 3444 nata
934 3381 1031 3443 subit:

259 3471 343 3551 Aque
367 3472 455 3533 domo
478 3490 585 3535 rursus
607 3471 750 3553 pulchrae
774 3471 839 3533 loca
861 3478 961 3533 vertor
984 3470 1020 3532 nd
1046 3470 1169 3557 Urbis,

304 3558 477 3638 Cunctaque
501 3579 586 3622 mens
609 3559 705 3622 oculis
727 3559 863 3641 pervidet
884 3577 939 3622 usa
959 3561 1043 3621 suis.
