2467 4042
444 188 501 257 ΙΙΙ,
520 192 678 244 bot—oso.
789 207 924 245 rsurssos
1030 189 1071 254 61

145 355 292 435 illiusque
315 356 453 436 animos,
476 356 527 435 qui
548 352 659 415 multos
681 352 812 434 perdidit
832 371 930 437 unus,

73 456 132 506 645
151 443 269 506 Sumite
293 440 465 523 serpentisl
487 461 543 524 pro
566 441 700 504 fontibus
722 441 771 504 ille
793 442 920 523 lacuque

147 533 291 594 Interiit:
314 539 345 591 at
367 549 419 592 vos
440 532 587 611 55515555
608 532 718 593 vincho
741 529 856 592 vestra!

147 620 202 683 llle
226 618 310 681 dedit
332 618 392 681 leto
415 620 530 702 fortes,
553 637 606 682 uos
627 618 729 700 pellite
751 618 873 700 molles,

147 708 189 770 Iit
210 710 344 789 patrium
367 710 494 770 retinete
516 707 631 771 decus.
659 709 686 769 si
707 709 766 769 lata
788 707 926 771 vetabant

149 797 239 859 Stare
262 796 315 858 diu
339 794 478 879 Thebas,
500 798 614 859 utinam
636 803 784 858 tormenta
806 797 935 876 virique·

77 898 134 950 550
148 885 270 947 Moenia
292 884 470 967 diruerent,
493 886 667 964 ferrumque
688 886 825 965 ignisque
848 884 1006 947 sonarentl

147 974 296 1037 Essemus
318 975 422 1035 miseri
445 974 508 1036 sine
532 975 680 1053 crimine;
703 989 829 1052 sorsque
852 974 1019 1055 querenda,

147 1062 218 1125 Non
242 1060 365 1123 celanda
388 1063 466 1123 ioret
477 1109 487 1143 ,
508 1061 708 1140 lacrimaeque
730 1060 845 1141 pudore
868 1071 1019 1125 carerent.

148 1152 189 1213 At
211 1168 295 1215 nuno
317 1169 334 1211 5
357 1168 451 1230 puero
474 1148 592 1211 Thebae
616 1152 772 1230 capientur
793 1151 918 1232 inermi,

150 1239 250 1311 Quem
262 1256 362 1318 neque
376 1237 452 1300 bella
465 1240 585 1320 iuvant,
598 1256 654 1300 nec
668 1238 744 1320 tela,
757 1255 813 1300 neo
827 1256 900 1301 usus
914 1257 1077 1323 equorum

81 1340 135 1392 665
153 1327 214 1390 Sed
238 1326 350 1389 madidi
372 1344 474 1389 murra
497 1330 596 1389 crines
618 1326 782 1406 mollesque
806 1344 932 1389 coronae

150 1416 353 1496 Purpuraque
378 1424 408 1477 et
428 1418 518 1496 pictis
541 1418 689 1478 intextum
711 1414 844 1478 vestibus
866 1433 988 1479 aurum.

150 1505 249 1577 Quem
263 1502 386 1584 quidem
398 1522 453 1584 ego
468 1511 620 1586 actutum,
637 1502 726 1565 modo
739 1521 792 1564 ros
806 1502 957 1586 absistite,
975 1523 1077 1586 cogam

150 1595 405 1673 Assumptumque
427 1601 544 1673 patrem
567 1599 793 1672 commentaque
815 1609 899 1656 sacra
921 1594 1025 1656 lateri.

151 1682 197 1743 An
220 1682 294 1743 satis
316 1682 432 1743 Acrisio
455 1689 502 1743 est
523 1682 636 1762 animi,
658 1688 851 1743 contemnere
873 1699 981 1743 vanum

83 1783 137 1834 555
151 1769 270 1832 Numen
295 1777 326 1831 et
347 1768 498 1849 Argolicas
520 1771 652 1831 venienti
674 1768 812 1831 claudere
834 1778 954 1852 portas,

151 1858 287 1921 Penthea
309 1856 436 1919 terrebit
458 1875 528 1920 cum
550 1860 623 1920 totis
645 1857 756 1920 advena
778 1855 915 1920 Thebis?

152 1947 197 2008 lte
221 1948 272 2008 citi
285 1940 307 2027 ,⁹
327 1978 369 1989 —
384 1945 501 2008 famulis
524 1945 582 2009 boc
598 1947 727 2028 imporat
749 1979 792 1990 —
815 1942 890 2028 ite,
912 1947 1078 2027 ducemque

153 2033 300 2098 Attrahite
324 2034 384 2096 hue
406 2032 561 2096 vinctumi
583 2036 673 2097 iussis
696 2052 779 2096 mora
802 2037 900 2113 segnis
924 2034 1026 2099 abesto
1035 2031 1055 2097 .'

152 2122 241 2185 lluno
255 2140 328 2184 avus
340 2170 350 2203 ,
372 2121 453 2185 hunc
466 2122 628 2204 Athamas,
646 2122 727 2185 hunc
741 2130 841 2184 cetera
855 2122 942 2186 turba
955 2142 1078 2187 suorum

87 2224 140 2275 556
154 2211 331 2291 Corripiunt
353 2209 440 2273 dietis
464 2211 635 2292 frustraque
656 2210 793 2273 inhibere
816 2210 967 2275 laborant.

153 2301 261 2361 Acrior
284 2299 437 2362 admonitu
461 2308 530 2383 est,
550 2301 746 2379 inritaturque
769 2309 885 2363 retenta

152 2388 194 2450 Et
217 2390 327 2450 crescit
349 2386 447 2451 rabies
459 2434 469 2471 ‚
491 2390 748 2467 remoraminaque
770 2390 834 2468 ipsa
857 2387 1019 2451 nocebant.

155 2477 208 2538 Sic
230 2494 285 2557 ego
309 2483 475 2538 torrentem
497 2494 556 2557 qua
577 2476 620 2540 nil
642 2475 778 2539 obstabat
801 2480 902 2560 eunti,

117 2607 127 2620 .
154 2563 267 2627 Lenius
290 2574 321 2626 et
344 2564 460 2627 modico
484 2566 613 2647 strepitu
636 2563 798 2630 decurrere
821 2564 898 2627 ridi:

89 2666 141 2717 tto
154 2653 194 2714 At
216 2670 402 2734 quacumque
425 2653 525 2716 trabes
548 2653 762 2733 obstructaque
784 2671 854 2715 saxa
876 2653 1034 2736 tenebant,

156 2741 305 2822 Spumeus
328 2750 360 2804 et
381 2744 500 2804 fervens
523 2751 555 2804 et
576 2741 612 2804 ab
636 2740 721 2804 obice
744 2745 859 2805 saevior
881 2741 959 2804 ibat.

154 2829 234 2892 Ecce
257 2832 405 2892 cruentati
427 2829 556 2893 redeunt
578 2839 630 2912 et,
653 2830 787 2893 Bacchus
800 2829 861 2894 ubi
884 2840 981 2912 esset,

155 2918 319 2989 Quaerenti
340 2918 460 2981 domino
482 2919 633 2981 Bacchum
655 2919 763 2982 vidisse
786 2927 950 3000 negarunt,

155 3001 266 3068 ‘Hunc'
289 3006 391 3070 dixere
406 3003 517 3070 ‘tamen
540 3009 679 3070 comitem
702 3007 903 3087 tandemque
926 3024 1079 3069 sacrorum

90 3104 140 3156 tta
155 3087 308 3175 Cepimus’
331 3104 363 3157 et
384 3096 507 3158 tradunt
529 3094 667 3158 manibus
688 3104 758 3177 post
779 3105 862 3176 terga
885 3096 997 3175 ligatis.

155 3178 261 3259 [Sacra
285 3179 333 3241 dei
356 3182 504 3260 quendam
527 3183 680 3263 Tyrrhena
703 3193 791 3264 gente
815 3182 975 3261 secutum]

199 3269 312 3348 Aspicit
334 3267 415 3330 hunc
429 3266 580 3330 Pentheus
603 3268 720 3351 oculis,
743 3288 819 3349 quos
841 3272 886 3331 ira
908 3271 1079 3333 tremendos

154 3356 301 3438 Fecerat3
324 3366 355 3418 et
377 3373 555 3437 quamquam
577 3375 690 3438 poenae
713 3360 761 3420 vix
784 3367 918 3439 tempora
940 3360 1056 3441 differt,

156 3442 193 3506 ‘0
214 3447 351 3525 periture
374 3453 484 3525 tuaque
508 3444 572 3507 aliis
594 3445 773 3508 documenta
795 3445 899 3508 dature

93 3544 142 3596 650
155 3533 250 3595 blorte
264 3528 285 3617 ,³
308 3534 350 3596 ait
372 3528 438 3595 ‘ede
461 3542 547 3596 tuum
569 3552 679 3596 nomen
701 3552 869 3616 nomenque
892 3543 1048 3615 parentum
