2467 4042
361 249 472 314 [88
1074 251 1354 311 ARTIS
1399 249 1677 310 AMAT.

393 412 492 466 755
517 403 822 463 Finiturus
857 417 1041 462 eram.
1116 403 1240 464 Sed
1278 411 1421 464 sunt
1449 404 1698 464 diversa
1725 405 1946 479 puellis

602 477 873 547 Pectora.
919 487 1081 546 mille
1110 488 1351 549 animos
1381 488 1602 564 excipe
1634 488 1796 548 mille
1826 488 2049 551 modis.

520 572 643 631 Nec
671 571 850 631 tellus
883 572 1098 631 eadem
1129 573 1288 647 parit
1317 573 1539 632 omnia.
1586 572 1809 632 vitibus
1842 573 1946 632 illa

604 654 915 714 Convenit.
962 655 1117 715 haec
1148 657 1322 716 oleis.
1367 656 1484 717 hac
1508 657 1669 717 bene
1700 657 1862 716 farra
1887 657 2109 719 virent.

519 737 872 798 Pectoribus
900 755 1103 799 mores
1132 746 1221 800 tot
1251 747 1419 815 sunt,
1469 748 1618 816 quot
1645 741 1705 800 in
1738 726 1888 814 orlde
1917 741 2187 816 figurae.

392 832 496 887 760
603 822 712 896 Qui
746 823 938 897 sapit,
978 823 1312 884 innumeris
1342 824 1617 885 moribus
1646 841 1682 884 a
1793 841 1825 884 s
1856 826 1983 899 erit,

516 907 717 981 thue
747 906 918 968 leves
947 907 1202 969 Proteus
1232 909 1419 969 modo
1452 925 1523 969 se
1553 909 1823 969 tenuabit
1851 909 1911 968 in
1937 911 2171 986 undaS,

598 992 771 1051 Nunc
800 991 930 1067 leo,
971 1009 1133 1052 nunc
1165 993 1377 1068 arbor,
1422 1009 1581 1053 nunc
1612 994 1725 1054 erit
1752 993 1945 1052 hirtus
1976 1009 2155 1070 aper.

516 1075 629 1136 Hic
656 1075 856 1135 iaculo
889 1077 1125 1152 pisceS,
1173 1079 1276 1137 illa
1307 1078 1627 1152 capiuntur
1654 1078 1733 1138 ab
1758 1076 1989 1137 humisa

599 1149 711 1218 Hi’c
744 1175 898 1220 cava
928 1168 1211 1222 contento
1240 1162 1396 1221 retia
1427 1162 1571 1222 fune
1598 1162 1860 1221 trahunt.

394 1251 491 1307 765
515 1244 638 1303 Nec
668 1243 772 1304 tibi
804 1245 1129 1305 conveniet
1158 1253 1411 1307 cunctos
1442 1247 1662 1307 modus
1692 1261 1852 1306 unus
1882 1244 1963 1306 ad
1993 1261 2225 1307 annos.

600 1328 870 1402 Longius
899 1329 1155 1390 insidias
1188 1346 1374 1390 cerva
1403 1329 1637 1390 videbit
1662 1345 1837 1390 anuS.

516 1412 582 1472 Si
615 1411 834 1472 doctus
869 1413 1118 1472 videare
1149 1414 1316 1488 rudi,
1358 1416 1722 1490 petulansve
1751 1412 2024 1489 pudenti,

601 1495 850 1557 Diffidet
877 1495 1142 1556 miserae
1173 1498 1455 1572 protinus
1485 1499 1588 1558 illa
1616 1498 1755 1559 sibi.

516 1581 666 1640 Inde
692 1579 789 1655 fit,
831 1587 900 1640 ut
928 1597 1089 1655 quae
1118 1597 1189 1641 se
1219 1581 1414 1642 timuit
1442 1584 1816 1643 committere
1842 1582 2128 1654 honesto,

394 1670 491 1727 770
594 1665 752 1725 Vilis
784 1664 863 1724 ad
893 1667 1216 1740 amplexus
1247 1667 1553 1727 inferioris
1583 1674 1699 1728 eat.

514 1747 660 1808 Pars
691 1755 941 1825 superat
970 1752 1200 1825 coepti,
1248 1766 1395 1825 pars
1426 1758 1522 1811 est
1548 1751 1851 1812 exhausta
1881 1750 2139 1812 laboris.

600 1833 712 1893 Hic
742 1841 944 1893 teneat
970 1841 1212 1896 nostras
1244 1850 1471 1896 ancora
1499 1836 1658 1896 iacta
1688 1841 1873 1895 rates.

548 2183 626 2275 Ρ.
673 2181 912 2277 ovim
963 2183 1315 2279 NASONIS
1367 2183 1621 2278 Alu'ls
1674 2182 2191 2280 mmm}

936 2369 1219 2435 tumn
1274 2368 1796 2437 snounnUS.

514 2634 718 2730 Dicite
746 2670 831 2730 ‘io
860 2669 1058 2730 Paean
1077 2673 1118 2728 ε’
1162 2679 1223 2732 et
1252 2672 1364 2732 ‘io’
1398 2671 1494 2731 bis
1525 2669 1709 2731 dicite
1739 2670 1962 2731 ‘Paean
1980 2673 2018 2712 '³

590 2754 831 2815 Decidit
857 2754 914 2812 in
948 2770 1163 2815 casses
1196 2755 1426 2831 praeda
1459 2754 1643 2831 petita
1671 2771 1867 2817 meos.

509 2838 730 2898 Laetus
761 2853 974 2899 amans
1004 2839 1194 2900 donat
1223 2840 1404 2900 viridi
1434 2855 1574 2900 mea
1596 2838 1867 2900 carmina
1893 2839 2113 2915 palma,

590 2923 866 2982 Praelata
891 2924 1171 2985 Ascraeo
1196 2924 1608 3000 Maeonioque
1636 2924 1791 2984 seni.

453 3018 481 3066 ἡ
509 3005 666 3068 Talis
698 3007 774 3067 ab
804 3007 1104 3068 armiferis
1131 3007 1465 3070 Priameius
1495 3008 1729 3084 hospes
1760 3007 2036 3086 Amyclis

594 3091 866 3151 Candida
897 3108 1034 3152 cum
1062 3100 1236 3168 rapta
1268 3092 1531 3168 coniuge
1562 3093 1701 3152 vela
1728 3090 1915 3154 dedit.

509 3174 666 3236 Talis
697 3183 829 3237 erat
858 3176 961 3251 qui
991 3184 1052 3236 te
1080 3193 1263 3238 curru
1288 3177 1522 3237 victore
1557 3177 1807 3250 serebat,

590 3261 787 3320 Vecta
820 3262 1158 3337 peregrinis
1189 3261 1603 3337 Hippodamia
1630 3263 1801 3321 rotis.

509 3344 659 3420 Quid
689 3360 1019 3421 properaS‚
1065 3347 1347 3406 iuvenis?
1387 3344 1605 3405 mediis
1634 3352 1737 3405 tua
1765 3343 1945 3420 pinus
1976 3346 2034 3404 in
2064 3342 2255 3405 undis

437 3446 493 3490 :n
593 3430 867 3504 Navigat.
913 3437 974 3490 et
1004 3432 1183 3505 longe
1214 3446 1396 3506 quem
1427 3437 1597 3505 peto,
1641 3437 1856 3505 portus
1885 3428 2079 3489 abest.

509 3513 634 3573 Non
668 3516 818 3573 satis
850 3522 946 3574 est
972 3515 1222 3574 venisse
1250 3515 1356 3574 tibi
1386 3531 1482 3575 me
1514 3521 1653 3573 vate
1681 3514 1979 3587 puellam:
