2467 4042
172 213 217 278 82
589 213 761 265 murima

213 389 248 440 so
262 377 337 439 Cum
358 375 469 438 Priami
490 374 622 437 lacrimis
644 376 777 438 offensus
800 393 861 438 nou
884 378 924 438 sit
944 378 1099 464 Achilles,

261 465 308 527 Tu
329 463 419 526 botos
439 462 579 544 imbibas,
602 464 705 524 durim
728 463 836 546 boste,
858 463 967 527 meos?

261 553 337 615 Cum
359 553 471 613 iaceret
492 550 607 613 Nioben
629 551 733 613 orbam
754 551 877 614 Latonia
898 554 1016 637 proies,

261 641 327 703 Noa
350 649 448 702 tamen
470 647 502 701 et
524 642 619 700 siccas
641 640 728 701 iussit
750 638 861 702 babere
883 659 989 721 genas.

261 729 316 791 Est
337 727 470 808 aliquid,
493 727 579 789 fatale
601 726 712 788 maium
734 746 789 807 per
811 728 901 789 verba
923 729 1039 793 levare:

214 831 249 881 so
262 817 326 879 Hoc
347 815 504 897 querulam
525 815 662 876 Procnen
685 814 895 896 Alcyoneuque
917 818 1004 879 iacit.

262 905 325 967 Hoc
348 912 434 984 erat,
455 906 488 964 in
509 902 606 983 gelido
629 921 721 983 quare
743 904 903 967 Poeantius
926 914 1011 967 antro

261 992 340 1055 Voce
362 993 500 1071 fatigaret
521 991 642 1052 lemnia
665 1009 735 1053 saxa
756 1010 827 1055 sua.

263 1079 435 1160 strangulat
455 1079 590 1141 inclusus
611 1079 698 1141 dolor
720 1088 808 1160 atque
833 1089 987 1143 exaestuat
1008 1084 1117 1166 intus,

263 1170 386 1250 Cogitur
407 1176 440 1229 et
460 1170 540 1229 vires
562 1166 758 1247 multiplicare
781 1184 868 1231 suas.

215 1270 250 1322 oo
263 1258 306 1321 [ta
327 1259 444 1318 reniam
464 1257 587 1337 patim,
609 1255 656 1316 rel
678 1264 757 1317 totos
780 1255 850 1317 tolle
872 1256 1005 1340 libellos,

264 1345 297 1408 Si
319 1344 392 1406 mibi
412 1343 493 1424 quod
516 1342 661 1425 prodest,
682 1343 740 1405 boo
761 1343 838 1425 tibi,
862 1344 977 1426 lector,
1000 1345 1113 1409 obest.

264 1433 323 1496 Sed
346 1449 444 1512 neque
466 1431 573 1493 obesse
595 1439 717 1513 potest,
739 1431 792 1494 ulli
814 1451 870 1494 oec
893 1435 1003 1513 scripta
1027 1435 1161 1499 inerunt

264 1522 372 1584 Nostra
394 1522 452 1581 nisi
474 1521 590 1582 auctori
612 1522 780 1600 peruiciosa
801 1539 874 1582 suo.
991 1584 994 1591 ,

264 1607 314 1672 ‘at
334 1604 528 1671 malaeum?
560 1609 671 1670 fateor.
704 1610 772 1688 quis
795 1617 824 1670 te
844 1608 918 1671 mala
936 1627 1057 1672 sumere
1082 1611 1189 1696 cogit?

218 1711 252 1762 ro
265 1700 325 1761 bot
346 1698 413 1777 quis
436 1696 594 1776 deceptum
616 1713 729 1776 ponere
752 1704 869 1777 sumpta
890 1694 995 1759 vetat?

264 1787 331 1868 Ipso
359 1784 500 1847 bocboc
526 1783 656 1866 maod03
678 1784 754 1867 sed,
785 1793 819 1847 ut
846 1785 894 1846 hic
921 1785 1068 1869 deducta,
1097 1788 1144 1851 le·

812 1881 936 1953 gantur:

265 1962 330 2024 Non
354 1970 425 2025 sunt
445 1960 495 2023 iila
518 1979 573 2023 suo
595 1959 768 2022 barbariora
789 1960 872 2022 loco.

264 2051 326 2113 Noc
349 2067 396 2113 me
419 2049 512 2111 Roma
535 2051 597 2111 suis
620 2047 710 2110 debet
732 2050 869 2111 conterre
891 2052 1006 2129 poetis:

265 2139 346 2201 luter
369 2138 558 2200 Sauromatas
581 2138 754 2217 ingeniosus
777 2154 875 2198 eram.

219 2227 401 2306 robertique
424 2225 504 2287 nulla
527 2224 599 2288 mibi
622 2231 756 2305 captatur
779 2224 872 2304 gloria
894 2242 1028 2305 quaeque

265 2315 387 2394 Ingenio
411 2314 545 2376 stimulos
567 2312 696 2375 subdere
719 2314 794 2375 fama
817 2314 909 2376 solet.

266 2402 410 2465 Nolumus
433 2402 560 2464 assiduis
582 2403 713 2464 animum
737 2400 890 2463 tabescere
912 2404 1011 2483 curis,

267 2491 348 2563 Quae
371 2499 470 2552 tamen
492 2493 669 2570 inrumpunt
691 2507 809 2569 quoque
832 2498 969 2552 vetantur
991 2497 1084 2554 eunt.

267 2579 327 2641 Gor
355 2578 505 2660 scribam,
532 2578 642 2658 docui,
665 2594 720 2639 our
742 2580 880 2659 mittam,
907 2579 1074 2660 quaeritis,
1103 2580 1191 2645 isto?

218 2680 253 2729 80
266 2666 426 2729 Vobiscum
448 2669 537 2747 cupio
559 2665 692 2747 quolibet
715 2683 781 2727 esse
804 2667 910 2728 modo.
1046 2665 1050 2682 ⁸

659 2859 704 2933 Π.

267 3019 405 3100 Ecquid,
427 3017 480 3081 ubi
502 3036 518 3080 e
541 3018 637 3080 Ponto
659 3037 734 3080 nova
756 3021 837 3080 venit
859 3018 1004 3101 epistula,
1026 3017 1139 3102 palles,

268 3107 307 3170 Et
328 3107 383 3169 tibi
405 3107 530 3169 sollicita
553 3107 679 3169 solvitur
699 3106 749 3169 ilia
770 3104 886 3169 manu?

267 3196 349 3258 Pone
371 3205 502 3278 metum,
526 3196 625 3276 raleo;
649 3213 834 3276 corpusque,
857 3195 936 3275 quod
959 3202 1026 3256 aute
1049 3194 1188 3260 laborum

268 3283 419 3364 lapatiens
442 3285 529 3346 nobis
551 3283 771 3363 invalidumque
794 3285 868 3365 iuit,

239 3372 390 3433 aSuiiioit
402 3419 411 3452 ,
433 3381 521 3453 atque
544 3376 609 3453 ipso
633 3381 769 3433 vexatum
791 3373 926 3433 induruit
947 3390 1022 3433 usu.

269 3460 314 3520 bn
336 3462 429 3538 magis
452 3463 569 3522 infirmo
592 3478 652 3520 non
674 3468 758 3521 vacat
781 3478 847 3521 esse
870 3456 967 3520 mibi?

268 3544 352 3605 Meos
367 3553 465 3607 tamen
479 3565 566 3626 aegra
584 3550 678 3628 iacet,
697 3565 752 3608 nec
767 3555 900 3627 tompore
918 3547 1025 3608 robora
1043 3553 1187 3633 sumpsit,
