2467 4042
162 192 205 256 16
576 189 748 242 TRISTIUM

250 353 304 415 llis
326 352 431 416 saltem
452 361 552 414 vestra
574 352 663 414 detur
684 353 716 414 in
739 351 819 415 Urbe
842 352 944 418 locust

250 442 376 521 Quoque
398 443 492 521 magis
515 441 636 522 laneas,
657 439 730 502 baec
752 458 814 502 non
837 451 908 504 sunt
925 441 1005 505 edita
1027 443 1065 505 ab
1087 449 1180 532 ipso,

250 530 309 592 Sed
332 531 417 611 quasi
439 528 476 591 de
499 528 611 590 domini
632 529 738 590 funere
759 537 846 609 rapta
868 533 923 592 sui.

251 618 398 697 Quicquid
421 619 453 679 in
475 616 522 679 bis
544 618 636 696 igitur
658 618 722 678 vitii
748 617 823 679 rude
846 634 967 683 carmen
988 619 1128 706 babebit,

201 719 236 769 ao
250 705 492 789 Emendatnrns,
514 707 541 768 si
561 704 719 788 licuisset,
742 701 843 772 eram'

611 896 709 971 VIII.

225 1043 283 1121 ¹'ln
307 1066 397 1139 caput
418 1056 476 1120 elta
498 1074 587 1119 snum
609 1055 747 1119 labentur
769 1055 806 1120 ab
828 1075 958 1138 aequore
982 1070 1063 1124 retro

250 1146 386 1209 Flumina
398 1194 408 1228 ‚
432 1147 585 1208 conversis
609 1144 719 1225 Solque
741 1155 879 1209 recurret
902 1151 1005 1231 equis,

249 1236 343 1297 Terra
364 1236 443 1297 leret
464 1233 586 1314 stellas,
609 1233 724 1295 caelum
746 1235 876 1298 findetur
898 1246 1014 1320 aratro,

249 1324 334 1385 Unda
357 1322 438 1385 dabit
460 1321 592 1383 flammas
614 1330 646 1383 et
668 1321 749 1384 dabit
771 1325 849 1402 ignis
872 1341 982 1408 aquas,

219 1411 355 1475 50mnia
377 1418 500 1472 naturae
523 1417 715 1490 praepostera
737 1408 852 1491 legibus
874 1412 979 1496 ibum,

250 1500 383 1580 Parsque
407 1517 494 1561 suurn
517 1499 621 1561 mundi
643 1497 723 1560 nulla
745 1498 860 1561 tenebit
881 1503 957 1580 iter,

250 1588 355 1651 Omnia
377 1590 435 1650 lam
458 1588 530 1649 fient
542 1634 552 1669 ‚
579 1588 644 1648 fieri
667 1605 743 1667 quae
765 1605 854 1669 posse
877 1589 1036 1672 negabam,

248 1677 288 1737 Et
310 1676 385 1738 nibil
409 1684 455 1737 est
467 1723 477 1755 ,
499 1675 536 1737 de
560 1693 618 1756 qno
642 1692 702 1737 non
725 1677 764 1738 sit
786 1674 920 1738 habenda
943 1678 1036 1741 tides.

249 1764 328 1827 llaec
352 1783 407 1845 ego
431 1765 596 1843 vaticinor,
620 1765 689 1842 qnia
712 1781 778 1825 sum
801 1763 944 1844 deceptus
967 1765 1095 1848 abillo,

201 1867 234 1917 10
249 1853 392 1915 laturum
415 1854 525 1914 misero
548 1870 637 1932 quem
660 1851 733 1913 mibi
754 1852 843 1913 rebar
865 1870 970 1933 opem.

248 1942 380 2004 Tantane
404 1948 434 2003 te
446 1987 456 2021 ‚
479 1939 587 2022 fallax,
610 1958 718 2019 cepere
741 1939 847 2003 oblivia
871 1944 966 2004 nostri
978 1990 988 2024 ,

250 2030 459 2109 Alllictumque
482 2029 540 2091 luit
562 2036 663 2090 tantus
687 2028 768 2090 adire
790 2031 900 2111 timor,

248 2118 287 2180 Ut
309 2136 406 2198 neque
429 2119 596 2197 respiceres
618 2135 675 2179 nec
698 2116 828 2178 solarere
850 2119 1013 2202 iacentem,

248 2207 350 2289 Dure,
373 2224 429 2268 nec
452 2208 593 2286 exequias
615 2223 832 2285 prosequerere
856 2203 965 2268 meos?

203 2310 234 2358 to
250 2294 324 2357 lllud
348 2296 494 2357 amicitiae
517 2301 653 2356 sanctum
676 2303 707 2355 et
729 2293 897 2356 venerabile
921 2312 1029 2357 nomen

248 2383 292 2445 lle
315 2383 369 2446 tibi
392 2401 447 2463 pro
470 2383 521 2444 vili
543 2381 599 2445 sub
622 2381 808 2462 pedibusque
830 2379 933 2445 iacet?

249 2472 327 2544 Quid
350 2472 429 2553 tuit,
451 2472 565 2550 ingenti
587 2478 769 2550 prostratum
792 2469 869 2533 mole
893 2471 1023 2534 sodalem
1072 2497 1075 2502 ⁴

248 2559 351 2622 Visere
374 2568 404 2622 et
426 2558 572 2639 adloquiis
595 2567 681 2637 parte
703 2559 802 2622 levare
824 2561 902 2641 tuis,

249 2647 342 2728 Inque
365 2665 448 2710 meos
471 2650 497 2708 si
519 2664 580 2709 non
602 2646 753 2709 lacrimam
776 2647 934 2711 demittere
957 2667 1061 2731 casus,

200 2751 235 2800 20
248 2737 346 2798 Pauca
369 2746 468 2798 tamen
491 2736 560 2796 licto
583 2734 673 2797 rerba
695 2735 797 2798 dolore
820 2739 899 2818 pati,

249 2824 363 2906 quue,
387 2824 466 2904 quod
488 2825 583 2902 ignoti
606 2824 742 2905 faciunt,
764 2823 811 2886 vel
833 2825 933 2886 (licere
957 2825 1060 2888 saltem
1070 2873 1081 2907 ,

247 2912 286 2974 Et
309 2930 410 2987 vocem
433 2911 535 2992 populi
558 2911 734 2992 publIcaque
757 2931 809 2974 ora
832 2915 936 2993 sequi,

248 3001 382 3082 Denique
405 3000 546 3080 lugubres
569 3001 669 3062 vultus
692 3019 914 3081 numquamque
939 3001 1082 3065 videndos

249 3090 378 3151 Cernere
401 3107 541 3170 supremo
564 3089 635 3151 (lum
657 3088 800 3169 licuitque
823 3090 891 3172 die,

200 3191 233 3243 tt
248 3178 471 3258 Dicendumqne
495 3177 587 3239 semel
609 3184 673 3238 toto
696 3195 756 3239 non
779 3178 905 3259 amplius
927 3196 999 3241 aevo

250 3268 417 3348 Accipere,
440 3275 470 3328 et
492 3265 578 3347 parili
600 3265 727 3327 reddere
751 3284 846 3349 voce,
868 3262 957 3328 vole?

248 3355 286 3416 tlt
309 3355 408 3417 iecere
430 3354 480 3416 alii
502 3352 584 3416 nullo
607 3353 680 3415 mihi
703 3354 822 3417 loedere
845 3357 958 3438 iuncti,

248 3443 287 3503 lit
309 3442 445 3504 lacrimas
468 3443 559 3503 anImi
582 3443 665 3521 signa
689 3442 799 3505 dedere
823 3445 878 3505 sui.

249 3529 349 3612 Quid,
371 3532 430 3593 nisi
453 3531 591 3592 convictu
614 3533 772 3612 causisque
795 3531 960 3599 valentibus
984 3550 1083 3595 essem
