2467 4042
278 200 370 258 VIIII.
392 198 628 260 DEIANIRA
649 197 827 263 37-112.
1009 201 1069 265 103

81 365 115 419 ta
127 355 196 415 Non
213 354 311 427 rugis,
331 351 458 427 Alcide,
479 352 636 413 victricem
649 352 731 413 mille
745 353 884 412 laborum

166 437 329 500 Rasilibus
345 435 474 496 calathis
489 436 668 511 inposuisse
683 452 814 511 manum,

125 523 305 597 Crassaque
319 519 449 582 robusto
465 520 593 580 deducis
612 521 723 596 pollice
737 521 798 595 fila,

169 609 349 681 Aequaque
365 605 522 664 formosae
537 620 639 680 pensa
651 605 797 681 rependis
814 613 906 665 erae?

126 691 170 751 A!
195 690 356 764 quotiens,
382 688 485 764 digitis
500 688 573 748 dum
587 695 714 765 torques
730 688 861 751 stamina
875 690 969 764 duris,

85 785 119 838 80
171 772 377 834 Praevalidae
392 773 480 833 lusos
496 773 703 834 comminuere
718 789 837 853 manus.

86 859 271 920 -Creden‘s
285 856 398 930 inseite
410 861 541 919 scoticae
555 858 747 932 tremefactus
760 857 882 920 habenis

168 945 251 1001 Ante
265 941 366 1016 pedes
383 941 527 1001 dominae
541 941 737 1016 pertimuisse
752 941 861 1001 minas.
1028 974 1065 987 -

85 1028 257 1087 —Ir’cr‘nrir's
264 1028 388 1101 pompis
395 1029 564 1102 praeconio
577 1042 693 1087 mma
709 1026 855 1102 triumphi

166 1111 328 1184 Factaque
343 1108 492 1170 narrabas
508 1108 731 1170 dissimulanda
744 1109 812 1170 libis

84 1205 117 1261 us
129 1195 256 1255 Scilicet
271 1193 411 1254 inmanes
427 1194 522 1253 elisos
538 1193 678 1254 faucibus
695 1192 815 1273 hydros

166 1278 321 1337 Infantem
338 1277 445 1336 caudis
463 1277 637 1337 involuisse
652 1293 790 1338 manum:

123 1362 165 1423 Ut
175 1360 347 1436 Tegeaeus
353 1376 429 1435 aper
443 1361 653 1436 cupressifero
667 1360 856 1438 Erymantho

167 1443 313 1515 incubat,
337 1451 368 1505 et
383 1451 471 1505 vasto
486 1445 626 1520 pondere
641 1445 735 1506 laedit
747 1445 880 1507 humum.

125 1531 193 1590 Non
208 1528 264 1589 tibi
277 1525 426 1588 ThreIciis
442 1529 547 1590 adfixa
562 1528 724 1604 penatibus
741 1545 805 1605 ora,

85 1624 118 1677 tu
169 1614 239 1674 Non
253 1612 414 1672 hominum
427 1613 566 1688 pingues
575 1613 672 1673 caede
685 1618 824 1678 tacentur
839 1630 951 1690 equae=

125 1696 368 1772 Prodigiumque
382 1696 507 1772 triplex,
530 1695 659 1757 armenti
673 1697 761 1758 dives
777 1697 880 1758 Hiberi

169 1782 350 1859 Geryones,
375 1781 516 1855 quamvis
532 1780 562 1840 in
578 1779 675 1841 tribus
691 1797 770 1841 unus
786 1789 865 1842 erat:

124 1866 223 1942 Inque
238 1879 335 1924 canes
349 1863 477 1926 totidem
491 1870 598 1925 trunco
614 1864 753 1939 digestus
769 1864 807 1924 ab
822 1882 884 1926 uno

168 1948 324 2009 Cerberos
338 1946 492 2023 implicitis
506 1964 606 2023 angue
621 1948 754 2009 minante
769 1950 881 2010 comis=

87 2043 119 2097 ab
130 2033 279 2109 Quaeque
293 2030 488 2092 redundabat
502 2032 636 2093 fecundo
651 2034 779 2093 vulnere
793 2048 924 2109 serpens

167 2117 290 2178 Fertilis
307 2123 338 2176 et
352 2115 472 2177 damnis
488 2115 576 2176 dives
591 2114 630 2175 ab
645 2116 715 2191 ipsa
730 2117 805 2193 suis,

126 2201 247 2277 Quique
261 2201 341 2260 inter
353 2199 538 2276 laevumque
553 2200 633 2260 latus
649 2201 831 2276 laevumque
845 2202 991 2265 lacertum

167 2285 342 2361 Praegrave
357 2299 529 2360 conpressa
543 2285 632 2344 lauce
647 2285 795 2361 pependit
810 2300 905 2345 onus:

125 2370 163 2430 Et
176 2369 257 2430 male
272 2368 425 2429 confisum
440 2367 571 2443 pedibus
588 2368 749 2445 formaque
762 2368 922 2429 bimembri

70 2465 115 2517 roc
165 2453 293 2514 Pulsum
306 2450 493 2513 Thessalicis
509 2468 620 2527 agmen
636 2459 779 2528 equestre
793 2452 883 2529 iugis.

125 2539 210 2598 Haec
223 2543 258 2597 tu
272 2535 402 2597 Sidonio
417 2544 507 2611 potes
521 2535 685 2611 insignitus
701 2537 813 2597 amictu

166 2621 301 2681 Diceret
325 2637 387 2682 non
403 2620 484 2680 cultu
498 2620 603 2695 lingua
615 2626 733 2682 retenta
748 2621 837 2681 sllett

125 2705 168 2766 Se
183 2720 312 2781 quoque
326 2704 463 2782 nympha
477 2705 536 2765 tuis
552 2705 672 2765 ornavit
685 2704 823 2775 Iardanis
839 2704 941 2778 armis,

166 2788 206 2850 Et
219 2788 288 2851 tulit
302 2804 320 2849 e
335 2796 424 2864 capto
441 2795 514 2849 uota
527 2794 657 2864 tropaea
671 2787 747 2848 viro.

70 2874 137 2936 mol
151 2889 250 2948 nanc,
274 2873 347 2934 tolle
361 2872 481 2935 animos
497 2880 527 2934 et
541 2873 632 2933 tortia
645 2878 733 2948 gesta
747 2888 884 2933 recense.

168 2957 259 3032 Quod
273 2963 307 3017 tu
320 2972 381 3017 non
399 2972 488 3018 esses
504 2955 585 3030 iure,
608 2955 657 3016 vir
671 2957 723 3017 illa
737 2957 802 3017 luit.
910 2970 913 2975 ⁴

124 3040 192 3116 Qua
206 3048 290 3102 tanto
305 3041 468 3115 minores,
493 3047 607 3117 quanto
622 3047 666 3116 te,
687 3041 819 3101 maxime
833 3056 945 3115 rerum,

168 3125 265 3199 Quam
282 3142 362 3199 quos
378 3125 493 3199 vicisti,
517 3126 639 3184 vincere
653 3124 752 3185 maius
767 3131 841 3187 erat.

123 3210 171 3268 llli
185 3209 328 3285 procedit
341 3225 442 3270 rerum
460 3224 605 3269 mensura
622 3215 755 3269 tuarum=

70 3302 115 3357 tto
167 3292 250 3353 Cede
263 3291 367 3352 bonis.
389 3292 481 3355 heres
497 3293 596 3353 laudis
611 3292 710 3353 amica
724 3299 803 3353 tune.

127 3375 151 3438 0
166 3377 283 3453 pudor!
305 3375 414 3438 hirsuti
431 3384 534 3437 costas
550 3383 641 3436 exuta
655 3376 754 3437 leonis

169 3462 291 3537 Aspera
304 3465 445 3522 texerunt
458 3461 573 3522 vellera
587 3460 678 3521 molle
694 3461 783 3522 latus.
