2467 4042
417 240 462 292 ιι
481 241 631 294 rte-tae
965 234 1028 301 297

13 416 99 466 aaa
119 405 251 465 Attonita
273 411 320 465 est
341 402 483 483 plangore
504 400 674 483 Ceres,-
697 401 784 462 mode
808 411 928 463 venerat

659 488 794 550 Heraeam
817 522 851 533 —

13 636 14 657 ,
157 580 218 642 Nee
241 597 324 640 mora
336 626 346 661 ,
370 574 433 640 me
457 577 616 640 miseram!
640 574 732 659 hiia,'
756 577 830 638 dixit
852 574 920 639 uhi
943 574 1030 640 est?'

13 668 14 763 ,
112 667 221 730 Mentis
243 669 333 747 inops.
352 670 488 749 rapitur,
512 666 615 745 quales
637 666 739 727 audire
763 665 892 728 solemus

158 755 310 817 Threicias
333 756 410 817 susis
431 755 587 816 maenadas
609 757 654 815 ire
677 750 786 815 nemis.

13 546 15 583 i

113 845 152 906 Ut
174 844 265 905 vitulo
288 846 383 923 mugit
405 861 460 906 sua
481 852 576 904 mater
598 842 635 903 ah
658 841 752 903 uhere
773 851 876 923 rapto,

42 946 98 995 460
157 932 195 993 Et
218 934 336 1012 quaerit
358 932 436 994 irtus
458 949 513 1012 per
535 949 645 992 nemus
664 948 752 991 omne
774 948 864 991 suess

13 1030 14 1033 ’
114 1020 163 1083 Sia
186 1021 240 1087 dea
263 1038 319 1082 nee
341 1022 452 1081 retinet
473 1022 623 1101 gemitus,
646 1027 678 1081 et
699 1020 819 1080 concita·
838 1035 930 1080 eursu

157 1108 287 1191 Fertur,
310 1117 341 1170 et
364 1127 380 1170 e
403 1110 515 1188 eampis
538 1110 665 1189 incipit,
687 1106 813 1189 Henna,
835 1109 912 1168 tuis

111 1198 184 1259 Inde
207 1197 347 1278 puellaris
370 1205 456 1259 nanta
479 1205 525 1258 est
548 1197 670 1276 vestigia
693 1196 826 1276 plautae,

156 1284 195 1345 Et
217 1303 351 1364 pressam
374 1294 448 1346 noto
467 1285 599 1364 pendere
623 1284 695 1345 vidit
716 1285 858 1364 humum3

13 1352 98 1434 465
113 1373 250 1433 Forsitan
271 1372 324 1434 itta
342 1372 423 1433 dies
430 1374 541 1433 erroris
565 1390 680 1433 summa
702 1372 822 1452 suisset,

158 1459 189 1521 Si
213 1478 273 1521 non
295 1459 467 1521 turbassent
488 1460 572 1538 signa
594 1469 712 1538 reperta
736 1476 822 1520 sues.

112 1548 232 1628 Iamque
254 1547 415 1608 Leontinos
437 1548 645 1625 Amenanaque
668 1547 790 1607 flumina
811 1565 902 1611 eursu

156 1635 305 1698 Praeterit
327 1643 358 1697 et
379 1638 481 1715 ripas,
504 1634 637 1696 herhiier
659 1634 713 1696 hei
725 1683 734 1715 ,
757 1644 838 1696 tuas:

113 1724 260 1786 Praeterit
283 1732 315 1785 et
335 1723 453 1803 Cyanen
477 1732 507 1784 et
530 1724 627 1784 fontes
650 1722 726 1783 lenis
748 1724 843 1802 hnapi

42 1826 98 1876 470
157 1812 195 1874 Et
218 1821 270 1894 te,
292 1811 454 1875 vertieihus
476 1829 537 1873 non
559 1810 694 1873 adeunde
716 1811 805 1872 Gela.

113 1901 254 1982 Liquerat
277 1900 417 1980 Ortygien
440 1899 634 1980 Megareaque
658 1899 894 1979 Pantagienque,

157 1990 280 2069 Quaque
304 1988 493 2068 Symaetheas
516 1991 624 2068 accipit
646 2006 758 2067 aequor
780 2005 889 2067 aquas,

113 2080 262 2157 Antraque
286 2076 446 2157 Cyelopum
470 2079 574 2156 positis
597 2085 701 2138 exusta
725 2078 865 2155 caminis,

157 2168 274 2246 Quique
298 2166 382 2228 loeus
406 2184 513 2226 curvae
535 2167 655 2225 nomina
677 2164 759 2225 ialeis
781 2162 888 2225 habete

42 2267 98 2318 4⁷5
113 2255 292 2335 Himeraque
311 2262 341 2315 et
359 2253 501 2333 Didymen
515 2255 736 2332 Acragantaque
750 2252 1026 2333 Pauromenenque,

158 2343 376 2422 Sacrarumque
398 2341 493 2405 udan
515 2359 625 2420 pascua
647 2340 723 2402 laeta
745 2340 853 2402 houm.
986 2372 1031 2384 -

113 2431 190 2493 Hine
209 2430 384 2492 Camerinan
403 2429 484 2505 adit,
503 2430 700 2509 Thapsonque
720 2437 750 2490 et
768 2428 885 2489 Heloria
904 2429 1030 2510 Tempe,

157 2519 282 2599 Quaque
302 2526 384 2599 patet
406 2518 533 2598 zephyro
557 2536 675 2597 semper
697 2526 818 2597 apertus
841 2517 937 2597 Eryr.

113 2608 232 2687 lamque
255 2605 430 2669 Peloriadem
452 2605 669 2686 Lilybaeaque,
691 2608 810 2686 iamque
832 2605 990 2685 Pachynon

42 2710 99 2760 480
157 2695 333 2777 Lustrarat,
355 2704 453 2756 terrae
476 2712 587 2757 cornum
610 2696 687 2756 trina
711 2712 799 2756 suae.

113 2783 304 2864 Quacumque
327 2783 517 2864 ingreditur,
540 2785 657 2845 miseris
679 2783 743 2844 iona
762 2792 869 2845 cuneta
889 2781 1030 2863 querellis

155 2873 283 2954 Implet,
306 2881 341 2936 ut
362 2875 503 2934 amissum
527 2890 595 2934 eum
617 2869 709 2952 gemit
730 2871 791 2933 aies
814 2873 896 2950 ltyn

112 2961 227 3042 Perque
250 2964 330 3023 vires
353 2962 442 3023 modo
464 2956 707 3041 Persephoaei'
731 2960 819 3021 modo
841 2953 954 3019 hhat'

659 3048 782 3128 damet,

157 3135 269 3199 Clamat
281 3185 291 3218 ,
314 3146 344 3198 et
366 3137 489 3199 alternis
511 3155 619 3198 nomeu
643 3145 805 3214 utrumque
827 3137 903 3214 ciet,

43 3238 97 3291 485
114 3224 172 3287 Sed
195 3243 293 3306 neque
315 3225 505 3306 Persephone
528 3225 692 3304 Cererem,
713 3242 769 3284 nee
792 3223 851 3284 iiiia
873 3230 997 3284 matrem

155 3313 267 3395 hedit,
290 3321 321 3375 et
342 3313 463 3375 alternis
486 3331 595 3376 nomen
617 3321 778 3391 utrumque
801 3313 896 3393 perit3

111 3402 256 3484 Unaque,
279 3410 429 3482 pastorem
451 3404 573 3464 vidisset
596 3420 633 3462 an
656 3419 724 3462 arva
747 3400 911 3479 colentem,

154 3489 217 3553 Vox
239 3498 303 3553 erat
326 3485 399 3552 ‘hae
419 3509 542 3572 gressus
563 3508 658 3569 ecqua
679 3487 777 3569 puelia
800 3483 908 3550 tuiit?'

109 3578 169 3642 lam
193 3579 274 3643 color
297 3597 377 3642 unus
399 3581 479 3643 inest
500 3578 591 3641 rehus
603 3576 828 3660 ,tenebrisque
851 3585 992 3657 teguntur
