2467 4042
72 261 133 322 ΧΠ.
155 258 251 318 ΜΕΙ).
272 257 337 320 189
350 292 388 302 -
401 254 474 317 212.
507 257 584 317 xlll.
604 256 814 316 LAODAMIA
834 255 851 315 l
866 286 903 297 -
917 254 968 318 la.
996 253 1057 319 tlt

109 413 230 473 Ventus
246 415 314 469 erat
328 409 430 470 nautis
446 416 551 486 aptus,
570 424 633 469 non
647 416 738 484 aptus
753 411 881 472 amanus

153 496 268 557 Solvor
282 494 323 554 ab
338 495 500 569 amplexu,
521 494 703 568 Protesilae,
722 502 786 569 tuo,

110 581 294 656 Linguaque
310 579 486 639 mandantis
500 578 597 639 verba
609 579 789 654 imperfecta
801 580 939 657 reliquit·

152 667 217 726 Vix
231 664 308 724 illud
323 663 411 739 potui
426 664 532 725 dicere
545 663 633 723 triste
647 663 726 722 vale.

73 761 104 813 ld
114 747 257 810 Incubuit
272 748 406 820 boreas,
429 747 620 824 abreptaque
636 749 708 807 vela
721 746 863 809 tetendite

152 835 284 910 lamque
298 849 388 893 meus
403 833 496 908 longe
510 833 698 893 Protesilaus
714 839 788 893 erat

110 921 190 980 Dum
206 918 292 995 potui
305 925 450 993 spectare
465 918 578 993 virum,
601 923 745 993 spectare
758 917 895 980 iuvabatz

154 1003 296 1079 Sumque
311 1010 383 1063 tuos
396 1003 506 1063 caelos
523 1018 624 1077 usque
638 1007 745 1062 secuta
758 1002 846 1063 meis.

109 1089 150 1150 Ut
164 1096 197 1148 te
210 1103 274 1150 non
289 1094 445 1164 poteram,
466 1093 606 1163 poteram
620 1094 674 1146 tua
690 1085 760 1147 vela
773 1086 891 1162 videre,

71 1183 104 1235 tu
155 1172 238 1233 Vela
252 1171 307 1232 diu
322 1172 424 1232 emtus
439 1171 598 1233 detinuere
611 1186 709 1232 meos.

108 1259 151 1318 At
166 1262 336 1332 postquam
351 1272 410 1316 nec
424 1262 470 1331 te,
494 1271 551 1315 nec
566 1257 636 1316 vela
650 1255 772 1331 fugacia
786 1255 858 1329 vidi,

151 1341 193 1400 Et
207 1341 294 1415 quod
310 1347 498 1415 spectarem,
520 1339 563 1399 nil
577 1340 638 1401 nisi
656 1347 769 1415 pontus
785 1348 859 1411 erat

109 1426 180 1485 Lux
195 1439 325 1501 quoque
335 1430 438 1484 tecum
451 1423 541 1498 abiit,
562 1424 761 1500 tenebrisque
774 1427 926 1501 exangues
941 1428 1057 1489 ebonis

155 1507 314 1569 Succiduo
327 1507 417 1569 dicor
430 1508 637 1584 procubuisse
650 1524 741 1584 genu.

73 1603 104 1655 25
113 1593 177 1653 Vix
191 1608 284 1654 socer
297 1591 450 1668 Iphiclus,
472 1593 526 1653 vix
539 1608 592 1653 me
605 1592 803 1670 grandaevus
818 1594 961 1668 Acastus,

152 1678 216 1737 Vix
231 1685 331 1737 mater
344 1677 448 1751 gelida
462 1685 582 1738 maesta
597 1678 707 1739 reiecit
720 1694 811 1754 aqua.

113 1760 254 1822 Officium
269 1762 374 1821 iecere
389 1761 486 1837 pium,
507 1763 565 1822 sed
580 1763 687 1824 inutile
700 1760 802 1825 nobie

154 1847 305 1922 indignor
316 1845 449 1906 miserae
462 1861 525 1907 non
540 1846 668 1908 licuisse
680 1847 771 1907 muri.

111 1930 151 1992 Ut
163 1930 254 1991 rediit
268 1929 406 2002 animus,
429 1930 544 2006 pariter
557 1931 680 1992 rediere
696 1932 830 1993 dolores.

74 2022 105 2075 tu
155 2013 285 2075 Pectora
300 2013 453 2089 legitimus
467 2021 554 2075 casta
568 2014 735 2077 momordit
749 2028 845 2076 amur.

112 2098 175 2158 Nec
188 2098 262 2159 mihi
278 2098 451 2174 pectendos
469 2114 543 2159 eura
557 2107 606 2160 est
621 2100 770 2176 praebere
785 2098 926 2177 capillos,

150 2183 214 2244 Nee
229 2181 305 2243 libet
319 2190 426 2243 aurata
440 2198 574 2259 corpora
589 2190 677 2245 veste
690 2185 762 2260 tegi.

112 2266 151 2328 Ut
165 2284 244 2343 quas
259 2267 427 2343 pampinea
440 2268 579 2344 tetigisse
591 2269 773 2344 Bicorniger
787 2269 876 2329 hasta

154 2350 309 2423 Creditur,
332 2351 395 2412 hue
409 2351 494 2426 illuc,
518 2369 581 2429 qua
597 2353 683 2415 iuror
695 2351 775 2433 egit,
796 2369 845 2414 eo.

77 2441 107 2495 at
117 2434 309 2496 conveniunt
323 2443 437 2497 matres
452 2435 672 2515 Phylaceides,
694 2437 812 2498 etmihi
830 2439 961 2499 clamant

154 2520 264 2581 ‘Indue
277 2520 417 2596 regales,
439 2520 622 2597 Laodamia,
645 2522 761 2584 sinusl’

115 2600 234 2665 Scilicet
247 2604 321 2681 ipsa
334 2618 439 2679 geram
454 2612 607 2666 saturatas
623 2607 739 2667 murice
753 2608 851 2680 lanas,

154 2687 240 2749 Bella
256 2687 317 2749 sub
332 2684 434 2749 Iliacis
447 2691 609 2751 moenibus
626 2691 676 2750 ille
690 2698 797 2766 gerolt

115 2770 184 2846 lpsa
197 2788 306 2834 comas
322 2780 443 2849 pectar,
466 2775 556 2850 galea
570 2781 663 2851 caput
677 2774 729 2835 ille
744 2782 915 2851 plumatum

77 2863 110 2915 to
155 2856 226 2932 Ipsa
239 2873 344 2918 novas
359 2866 479 2934 vestes,
501 2859 579 2919 dura
594 2859 642 2919 vir
655 2875 740 2920 mma
755 2860 854 2922 ieratt

115 2938 176 3014 Qua
190 2957 337 3018 possum,
358 2944 504 3018 squalore
518 2952 589 3005 tuos
607 2944 723 3005 imitata
736 2944 859 3006 labores

154 3024 257 3102 Dicar,
280 3025 402 3087 ethaeo
418 3026 491 3088 belli
505 3035 646 3105 tempora
660 3028 755 3090 tristis
770 3043 869 3104 agam.

115 3106 243 3186 Dyspari
259 3109 427 3185 Priamide,
449 3113 563 3175 damno
578 3115 716 3174 lormose
729 3121 857 3189 tuorum,

152 3193 222 3254 Pam
236 3195 284 3256 sis
299 3195 400 3256 hostis
417 3196 515 3270 iners,
539 3215 631 3274 quam
649 3200 747 3258 malus
762 3198 880 3273 hospes
895 3212 973 3259 eras.

79 3275 176 3339 ledat
186 3282 217 3339 t'e
229 3278 399 3341 Taenariae
415 3282 525 3342 faeiem
544 3284 690 3358 culpasse
704 3281 840 3357 mentae,

154 3362 212 3423 llut
227 3363 272 3424 illi
287 3366 398 3425 vellem
414 3366 613 3442 displicuisse
627 3373 721 3428 tuam.

114 3442 169 3517 lia,
188 3448 238 3523 qui
254 3464 311 3525 pro
325 3456 415 3525 rapta
429 3450 570 3526 nimium,
593 3451 748 3527 Menelae,
770 3450 903 3523 laboras,

154 3528 187 3591 Ei
201 3530 276 3593 milri
312 3550 406 3605 auam
419 3536 521 3596 mtdtis
536 3534 649 3596 flebilis
663 3537 744 3596 ultor
759 3538 836 3597 erist
