2467 4042
174 208 241 274 340
580 206 777 257 russosnu

307 370 455 450 Laetaque
476 386 628 449 purpurea
650 368 718 429 luce
739 367 859 430 refulsit
879 368 1017 431 liumus.

264 459 330 521 Non
354 458 491 538 equidem
509 457 570 518 vidi
586 490 624 501 —
641 455 757 516 valeam
774 457 930 518 mendacia
953 467 1063 520 vatum
1080 492 1122 503 -
1144 473 1184 521 t*

308 547 351 608 Te
363 595 374 628 ,
395 545 474 627 (lea3
495 563 551 606 nec
574 545 675 606 fueras
696 544 868 623 aspicienda
891 547 976 607 viro.

199 647 250 699 2⁶5
265 635 324 698 Sed
348 653 423 715 quae
445 636 610 694 nescieram
623 650 843 712 ,quorumque
866 651 973 694 errore
1002 634 1150 715 tenebm,

310 723 433 802 Cognita
456 730 527 783 sunt
548 720 629 782 nullu
651 722 852 801 praecipiente
876 721 968 781 milri.

265 813 346 875 liene
369 820 474 891 quater
496 818 663 870 memorant
684 808 824 870 habuisse
845 807 956 869 Parilia
980 809 1134 890 Rumam,

310 899 384 962 Cum
407 898 541 959 flammae
564 906 665 958 custus
688 896 760 958 aede
783 905 903 975 recepta
926 897 985 958 dea
1012 907 1081 960 est.

266 988 357 1068 Regis
379 1004 455 1066 opus
477 986 606 1065 placidi,
630 1003 690 1065 quc
712 1002 772 1045 non
796 987 982 1046 metuentius
1009 987 1110 1048 ullum

202 1088 254 1140 rto
313 1074 449 1137 Numinis
472 1075 624 1154 ingenium
647 1082 727 1134 terra
750 1070 858 1133 Sabina
880 1072 967 1134 tulit.

268 1163 349 1235 Quae
373 1180 453 1225 nunc
475 1180 545 1223 aere
567 1161 651 1222 rides
663 1207 673 1240 ,
696 1160 804 1240 stipula
826 1169 891 1222 tum
912 1169 1000 1222 tecta
1023 1162 1158 1241 videres,

313 1251 353 1313 Et
375 1253 473 1330 paries
495 1249 576 1311 lente
599 1251 707 1310 vimine
729 1257 830 1310 textus
852 1257 933 1310 erat.

270 1339 325 1401 llic
347 1340 432 1401 locus
455 1340 602 1419 exiguus,
625 1339 678 1416 qui
701 1338 829 1398 sustinet
852 1337 935 1397 Atria
958 1335 1093 1418 Vestae,

313 1427 398 1490 'lunc
421 1436 485 1488 erat
507 1426 619 1487 intonsi
641 1426 723 1503 regia
745 1442 849 1504 magna
872 1423 1009 1487 Numae.

204 1528 256 1581 scs
271 1517 377 1578 Forma
400 1524 498 1577 tamen
521 1513 625 1592 templi
651 1530 727 1591 quae
754 1530 834 1573 nunc
857 1520 980 1593 manet,
1012 1520 1086 1575 ante
1107 1515 1184 1575 tuisse

316 1605 454 1684 Dicitur3
477 1610 507 1663 et
530 1603 642 1662 turmae
665 1618 753 1662 causa
776 1600 927 1678 probanda
951 1601 1080 1663 subest.

270 1692 358 1754 Vesta
377 1691 497 1771 eadem,
517 1707 593 1771 quae
610 1697 712 1750 terra.
749 1687 854 1749 subest
871 1687 941 1767 vigil
958 1690 1044 1767 ignis
1062 1691 1189 1770 utrique:

318 1780 490 1859 Significant
512 1778 614 1839 sedem
637 1783 717 1837 terra
740 1776 884 1856 locusque
907 1793 1014 1838 suam,

273 1868 365 1930 Terra
388 1867 464 1947 pilse
488 1865 614 1944 similis,
637 1864 718 1925 nullu
741 1863 892 1925 fulcimine
915 1866 1004 1940 nixa,

208 1970 261 2022 rto
319 1958 395 2019 Aere
418 1954 552 2016 subiecto
576 1962 637 2013 tam
659 1968 747 2031 grave
769 1951 880 2031 pendet
902 1969 999 2013 onus.

275 2045 354 2126 [lpsa
377 2042 543 2105 volubilitas
566 2040 707 2102 libratum
729 2042 858 2102 sustinet
880 2038 1004 2120 orbem,

319 2133 436 2212 Quique
459 2136 575 2212 premat
596 2138 718 2209 partes,
741 2127 867 2207 angulus
889 2129 985 2189 omnis
1012 2128 1116 2192 abest.

274 2223 407 2301 Cumque
430 2221 523 2280 sitin
546 2217 642 2278 media
665 2233 766 2277 rerum
788 2218 911 2295 regione
932 2215 1052 2297 locata,

318 2309 358 2370 Et
379 2316 480 2386 tangat
502 2305 616 2368 nullum
639 2303 743 2384 plusve
766 2305 900 2365 minusve
922 2303 1022 2386 latus,

210 2411 262 2462 ern
276 2398 313 2460 Ni
336 2414 466 2458 convexa
489 2395 567 2455 leret
579 2439 588 2474 ,
610 2396 689 2473 parti
710 2393 835 2453 vicinior
857 2401 954 2472 esset,

319 2485 380 2546 Nec
403 2483 533 2546 medium
556 2489 666 2543 terram
689 2479 818 2541 mundus
842 2478 965 2542 haberet
986 2480 1100 2560 enus]

277 2576 349 2636 Arte
372 2572 526 2651 Syracosia
550 2585 714 2649 suspensus
735 2570 767 2629 ln
790 2573 859 2629 aere
881 2561 982 2630 clause

322 2661 387 2723 Stat
409 2659 537 2740 globus,
559 2659 697 2719 immensi
719 2674 808 2735 parva
831 2656 925 2735 ligura
947 2655 1029 2738 pnli,

278 2749 315 2813 Et
339 2755 483 2830 quantum
505 2766 522 2808 a
545 2747 691 2826 summis,
713 2752 828 2806 tautum
851 2747 976 2806 secessit
997 2743 1038 2805 al)
1059 2746 1131 2808 imis

216 2851 268 2903 280
326 2837 441 2917 'lerra3
465 2834 543 2916 quud
567 2841 602 2895 ut
623 2834 675 2894 flat
686 2879 695 2913 ,
718 2833 812 2893 torma
835 2832 963 2893 rotunda
985 2833 1075 2894 lacit:

278 2926 336 2989 Par
358 2927 448 2987 facies
471 2921 596 3004 templi;
619 2921 718 2983 nullus
741 2922 893 3000 procurrit
913 2922 944 2982 in
967 2919 1021 2981 illo
1145 2936 1196 2985 (eur

322 3012 478 3094 ungulus,
501 3029 518 3072 a
540 3010 640 3090 pluvio
663 3008 791 3070 vindicat
812 3006 908 3069 imbre
932 3007 1053 3072 tholus.

279 3104 340 3166 Cur
363 3104 402 3165 sit
423 3101 586 3181 virgineis,
610 3100 750 3178 quaeris,
773 3096 828 3157 dea
850 3095 929 3159 culta
951 3096 1128 3160 ministris?

324 3192 475 3253 lnveniam
497 3205 601 3249 causas
624 3185 680 3246 bac
702 3201 821 3265 queque
843 3192 929 3264 parte
952 3202 1040 3246 suas.

214 3291 266 3343 nun
280 3278 325 3340 lix
349 3278 412 3359 Ope
435 3278 578 3338 lunonem
601 3281 766 3335 memorant
788 3270 988 3352 Cereremque
1011 3281 1132 3336 creatas

326 3367 445 3428 Semina
470 3364 611 3445 Saturni3
634 3363 722 3424 tertia
745 3359 832 3422 Vesta
855 3361 929 3422 luit.

281 3454 412 3533 Utraque
436 3461 603 3532 nupserunt
615 3497 625 3531 ‚
648 3448 749 3512 ambae
772 3450 925 3529 peperisse
948 3450 1107 3530 leruntnr3

327 3540 369 3600 lie
393 3539 489 3600 tribus
512 3540 669 3617 impatiens
692 3538 802 3598 restitit
824 3554 884 3598 una
906 3538 980 3598 riri.
