2467 4042
488 207 557 279 XV,
577 212 734 263 iil-818.
806 225 869 262 mv.
887 224 976 262 rumne
1053 206 1116 271 327

198 374 293 438 Caede
317 372 480 437 sacerdotis
502 372 635 436 flammas
659 373 824 452 extinguite
846 370 953 434 Vestae
961 366 983 434 .'

241 462 321 524 Talia
345 465 525 544 nequiquam
547 470 611 524 toto
635 459 734 523 Venus
757 463 843 522 anxia
866 460 946 523 caelo

132 565 183 616 teu
196 551 292 614 Verba
314 552 406 634 lacit3
428 568 613 632 superosque
636 557 756 612 meret.
784 551 836 630 qui
857 567 998 629 rumpere

942 655 1117 718 quamquam

197 729 306 790 Ferrea
329 745 395 801 nun,
410 736 538 809 possunt
559 734 695 789 veterum
718 726 840 790 decreta
862 744 1018 809 sororum,

199 817 288 898 Signa
310 825 409 879 tamen
432 816 530 879 luctus
553 816 625 877 dant
646 815 725 877 band
748 818 862 878 incerta
884 815 995 877 laturi.

198 907 287 966 Arma
309 906 410 967 ierunt
431 906 512 967 inter
534 907 635 985 nigras
658 905 834 984 crepitantia
856 902 952 965 nubes

197 993 419 1073 Terribilesque
442 990 529 1055 tubas
552 992 711 1072 auditaque
735 1010 848 1055 cornua
870 991 951 1053 caelu

133 1093 184 1145 tua
198 1081 425 1144 Praemonuisse
448 1081 553 1143 neias.
582 1080 654 1143 subs
676 1098 795 1161 quaque
818 1082 913 1144 tristis
935 1082 1031 1160 imago

198 1170 307 1232 Lurida
330 1169 464 1231 sollicitis
486 1168 648 1250 praebebat
669 1169 782 1231 lumina
803 1170 910 1231 terris.

199 1258 293 1338 Saepe
316 1259 396 1320 laces
417 1261 497 1319 visae
520 1258 626 1320 mediis
649 1258 754 1320 ardere
778 1256 833 1319 sub
856 1259 962 1320 astris:

200 1346 294 1427 Saepe
318 1348 397 1408 inter
420 1346 537 1408 nimbus
559 1352 661 1427 guttae
685 1345 821 1408 cecidere
845 1340 1005 1408 cruentae:

199 1434 341 1497 Caerulus
365 1443 395 1497 et
417 1434 532 1497 vultum
554 1436 707 1514 ferrugine
730 1433 850 1496 Lucifer
872 1441 936 1495 atra

134 1536 185 1587 teo
200 1524 326 1604 Sparsus
351 1531 437 1605 erat,
459 1524 555 1602 sparsi
577 1522 711 1585 Lunares
734 1524 878 1602 sanguine
901 1540 1027 1585 currus:

199 1612 308 1674 Tristia
330 1610 411 1672 mille
433 1610 507 1672 lecis
531 1609 652 1691 Stygius
675 1610 757 1672 dedit
780 1611 878 1671 omina
900 1606 997 1673 bubo:

199 1700 276 1762 Mille
298 1700 373 1760 lucis
395 1699 558 1761 lacrimavit
581 1698 657 1760 ebur
669 1745 679 1781 ‚
702 1705 867 1777 cantusque
885 1698 1025 1761 seruntur

200 1788 300 1850 Auditi
322 1790 433 1849 sanctis
456 1795 487 1849 et
509 1784 598 1848 verba
621 1788 763 1849 minantia
784 1786 877 1848 lucis.

201 1876 323 1938 Victima
345 1875 426 1937 nulla
447 1875 513 1937 litat
525 1923 534 1958 ‚
557 1892 739 1955 magnosque
762 1877 873 1937 instare
896 1875 1042 1938 tumultus

135 1977 186 2029 teu
201 1964 288 2025 Fibra
310 1972 412 2026 menet
423 2011 433 2046 ,
457 1981 636 2044 caesumque
659 1972 748 2044 caput
770 1966 920 2043 reperitur
942 1967 974 2025 in
997 1966 1090 2026 extis.

200 2053 293 2133 inque
316 2052 381 2114 lore
406 2054 578 2133 circumque
602 2053 706 2113 domus
730 2060 760 2117 et
782 2052 891 2132 templa
914 2053 1038 2115 dearum

199 2141 368 2203 Nocturnos
391 2140 521 2203 ululasse
546 2158 635 2203 canes
657 2139 837 2220 umbrasque
862 2140 1002 2203 silentum

200 2230 351 2292 Erravisse
375 2230 477 2291 ierunt
488 2276 497 2311 ,
521 2238 689 2310 motamque
713 2228 893 2291 tremoribus
916 2228 1038 2292 urbem.

200 2318 266 2379 Nun
288 2327 388 2380 tamen
410 2318 533 2379 insidias
555 2325 739 2398 venturaque
762 2319 881 2380 vincere
905 2319 964 2380 lata

135 2418 187 2470 800
201 2406 406 2469 Praemonitus
429 2414 554 2487 patuere
578 2406 690 2469 deum:
713 2407 869 2485 strictique
893 2406 1034 2469 seruntur

201 2494 234 2556 ln
259 2494 401 2575 templum
424 2495 535 2577 gladii3
557 2512 655 2574 neque
679 2496 759 2557 enim
781 2494 865 2557 locus
891 2495 970 2557 ullus
993 2498 1025 2557 in
1044 2494 1121 2558 Urbe

200 2583 244 2644 nd
267 2584 382 2645 lacinus
405 2583 557 2664 diramque
580 2582 678 2664 placet
690 2632 699 2666 ,
722 2585 780 2645 nisi
803 2585 886 2646 cruia
898 2631 908 2667 ‚
932 2584 1069 2647 caedem.

200 2671 277 2734 Tum
300 2689 370 2734 veru
394 2670 539 2752 Cytherea
561 2690 652 2734 manu
669 2674 820 2753 percussit
841 2681 968 2752 utraque

200 2760 333 2842 Pectus,
350 2767 381 2821 et
402 2759 560 2822 Aeneaden
582 2761 704 2823 molitur
728 2761 855 2824 condere
879 2760 977 2842 nube,

134 2860 186 2911 tou
202 2848 265 2920 Qua
287 2850 371 2928 prius
393 2849 503 2910 infesto
525 2848 610 2912 Paris
634 2857 680 2911 est
702 2857 825 2930 ereptus
846 2849 985 2932 Atridae,

200 2936 239 2999 Et
261 2936 436 2999 Diomedeos
458 2936 572 3000 Aeneas
596 2938 713 3019 fugerat
735 2956 839 3001 enses.

200 3024 321 3087 Talibus
343 3024 419 3086 hanc
442 3027 580 3106 genitur:
604 3022 678 3087 ‘sola
700 3027 900 3108 insuperabile
923 3027 1033 3108 latum,

200 3113 295 3197 Nata,
317 3131 437 3176 movere
459 3110 578 3194 paras?
598 3117 694 3177 intres
716 3115 787 3177 licet
809 3117 874 3197 ipsa
897 3133 1034 3177 sororum

199 3201 291 3264 Tecta
313 3200 426 3264 triuml
450 3220 555 3265 cernes
577 3203 638 3265 illic
661 3204 812 3266 molimine
836 3210 918 3266 vaste

133 3301 186 3352 810
199 3289 244 3351 Ex
266 3308 334 3354 aere
358 3298 390 3352 et
411 3291 505 3353 solido
528 3310 631 3355 rerum
654 3292 797 3358 tabrduia
820 3292 918 3375 serre,

200 3377 280 3449 Quae
303 3398 402 3459 neque
425 3398 603 3443 concussum
627 3382 700 3445 caeli
722 3398 819 3462 neque
843 3380 974 3443 fadreinis
997 3382 1071 3442 iram

199 3466 261 3528 Nec
284 3475 421 3530 metuunt
443 3468 517 3531 ullas
540 3477 604 3532 tuta
627 3479 715 3550 atque
739 3478 859 3532 aeterna
882 3470 1001 3531 ruinas.
1117 3473 1119 3477 ’

199 3554 333 3619 invenIes
356 3556 416 3619 illic
439 3560 539 3620 incisa
555 3559 708 3621 adamante
731 3561 857 3639 perenni
