2467 4042
75 197 81 207 ’
167 225 212 290 34
588 226 759 278 parsurum

258 390 377 452 Detexit
398 391 488 452 variis
511 391 563 468 qul
586 407 640 452 sua
663 389 742 450 iurta
765 388 877 450 modis.

258 478 334 550 Quid
349 479 478 541 reseram
491 477 627 559 Ticidae,
642 478 712 557 quid
726 476 845 538 blemmi
859 494 978 539 carmen
986 526 994 559 ,
1011 480 1096 558 apud
1114 500 1200 561 quos

257 566 358 629 Rebus
381 565 464 628 adest
487 583 595 627 nomen
619 565 848 645 nominibusque
871 563 994 646 pudor?

190 668 243 717 435
258 653 351 716 Cinna
364 672 482 734 quoquc
492 654 538 715 his
553 671 653 716 comes
667 663 728 733 est,
739 654 890 734 Cinnaque
904 658 1059 734 procacior
1069 656 1197 740 Anser,

257 743 296 804 Et
318 743 382 804 lere
405 741 543 804 Cornifici
566 760 679 822 parque
703 742 822 804 Catonis
845 759 938 823 opus.

246 830 310 908 '[Et
333 849 461 909 quorum
483 830 568 892 libris
590 831 678 892 modo
701 829 884 892 dissimulata
905 830 1029 893 Perillae

257 919 406 1001 Nomine,
428 937 508 980 nunc
531 918 640 998 legitur
662 918 762 1000 diota,
785 918 924 999 Metelle,
947 916 1021 998 tuo]

256 1006 286 1068 ls
309 1025 451 1090 quoque,
472 1006 628 1067 Phasiacas
651 1008 751 1086 Argon
774 1009 826 1087 qui
849 1007 934 1069 duxit
955 1009 986 1068 in
1009 1008 1133 1091 undas,

191 1094 324 1157 44οΝοο
345 1097 444 1175 potuit
466 1094 590 1156 Veneris
613 1096 691 1156 furta
716 1095 820 1180 tacere*
838 1112 909 1156 suae
923 1093 950 1156 .'
1023 1119 1027 1124 ·

258 1182 320 1244 Nec
343 1185 441 1244 minus
463 1182 628 1262 Hortensi,
650 1201 706 1244 nec
729 1193 800 1244 sunt
818 1185 916 1244 minus
939 1183 1074 1263 improba
1097 1185 1193 1249 Servi

259 1271 415 1333 Carmine.
453 1273 521 1350 quis
544 1271 660 1333 dubitet
682 1273 802 1332 uomina
824 1280 905 1333 tanta
928 1269 1039 1352 sequi?

259 1358 353 1420 Vertit
375 1359 535 1421 Aristidem
559 1359 706 1437 Sisenna,
730 1378 786 1421 nec
809 1359 905 1421 obluit
926 1360 969 1421 illi

259 1446 407 1508 Historiae
430 1443 531 1526 turpis
556 1449 720 1509 inseruisse
743 1450 842 1509 iocos.

193 1547 245 1596 445
259 1535 325 1596 Non
348 1536 404 1596 luit
427 1534 586 1615 opprobrio
609 1534 776 1597 celebrasse
799 1534 942 1616 Lycorida
965 1534 1066 1617 Gallo,

116 1693 121 1703 ,
259 1623 318 1685 Sed
341 1623 470 1702 linguam
493 1625 585 1685 nimio
609 1641 670 1684 non
693 1626 824 1685 tenuisse
848 1641 947 1685 mero.

72 1688 163 1781 M-
215 1694 241 1800 ᾗ
259 1712 388 1773 Credere
411 1714 522 1773 iuranti
544 1711 653 1773 durum
676 1718 762 1792 putat
784 1730 849 1773 esse
872 1711 1026 1793 Tibullus,

25 1797 117 1899 “pm
260 1800 309 1861 Sic
332 1802 422 1862 etiam
444 1800 480 1862 de
504 1817 536 1860 se
560 1800 640 1879 quod
663 1809 752 1879 neget
773 1799 822 1860 illa
844 1802 925 1862 viro.

119 1858 204 1947 Ἣ·
259 1887 372 1948 Fallere
396 1888 549 1949 custodem
572 1888 721 1949 dominam
744 1888 880 1949 docuisse
904 1889 1030 1968 latetur,

193 1988 245 2036 400
261 1976 358 2055 Seque
382 1994 436 2038 sua
458 1977 600 2037 miserum
624 1994 704 2038 nunc
727 1978 768 2037 ait
790 1986 853 2037 arte
875 1979 989 2057 premi,

260 2064 377 2144 Saepe,
406 2064 485 2125 velut
511 2081 657 2143 gemmam
684 2059 820 2125 dominae
844 2067 996 2144 signumve
1019 2064 1193 2152 probaret,

258 2153 317 2213 Per
340 2170 458 2215 causam
481 2154 616 2213 meminit
639 2170 671 2213 se
694 2154 827 2232 tetigisse
851 2171 987 2233 manum3

259 2240 356 2320 thue
378 2241 493 2320 relert,
516 2240 615 2319 digitis
639 2258 726 2320 saepe
749 2248 796 2303 est
818 2249 952 2320 nutuque
975 2240 1117 2325 locutus,

258 2328 297 2389 Et
320 2331 436 2391 tacitam
461 2346 580 2390 mensae
603 2328 688 2389 duxit
703 2332 740 2408 ,in
762 2329 836 2390 orbe
859 2338 978 2410 notam3

192 2428 244 2477 455
258 2416 296 2478 Et
320 2416 428 2497 quibus
452 2436 468 2478 e
492 2419 573 2478 sucis
594 2416 681 2478 obeat
704 2417 740 2479 de
764 2435 888 2497 corpore
911 2418 1003 2500 livor,

259 2505 406 2585 lmpresso
429 2506 495 2567 ficri
518 2507 569 2584 qui
593 2505 668 2567 solet
691 2523 742 2566 ore
756 2506 894 2587 ,docetz

259 2594 392 2673 Denique
415 2592 452 2654 ab
475 2597 594 2655 incauto
617 2595 742 2655 nimium
765 2596 841 2673 petit
861 2594 910 2655 ille
934 2596 1038 2656 marito
1049 2642 1059 2675 ,

259 2681 298 2742 Se
322 2699 441 2762 quoque
464 2683 509 2743 uti
533 2689 652 2763 servet,
675 2689 780 2763 peccet
802 2690 836 2743 ut
856 2682 906 2743 illa
928 2685 1033 2744 minus.

260 2769 345 2851 Scit,
369 2772 418 2830 cui
439 2768 588 2850 latretur,
612 2788 681 2832 eum
705 2770 785 2831 solus
809 2770 978 2832 obambulet
1000 2773 1084 2852 ipsc,

191 2869 245 2919 400
260 2856 320 2920 Cur
343 2859 452 2919 totiens
476 2859 590 2920 clausas
614 2860 734 2920 excreet
757 2866 824 2920 ante
848 2860 945 2940 iores,

257 2945 408 3026 Multaque
431 2946 481 3009 dat
504 2948 577 3008 lurti
601 2946 667 3008 talis
690 2956 848 3028 praecepta
871 2948 1034 3028 docetque,

258 3035 322 3106 Qua
346 3045 454 3116 nuptae
477 3037 593 3116 possint
615 3035 716 3097 tallere
740 3035 776 3097 ab
800 3043 863 3096 arte
885 3038 981 3096 viros.

257 3121 323 3185 Non
347 3124 404 3185 fuit
425 3123 482 3185 boo
504 3123 547 3185 illi
571 3124 689 3204 fraudi,
713 3123 881 3204 legiturque
905 3122 1039 3184 Tibullus

257 3210 295 3273 Et
317 3211 435 3291 placet,
459 3222 490 3275 et
511 3215 570 3274 iam
593 3221 624 3274 te
646 3214 780 3292 principe
803 3221 892 3273 notus
915 3218 994 3273 erat.

190 3310 242 3360 455
257 3299 392 3362 Invenies
416 3301 519 3362 eadem
542 3300 641 3362 blandi
663 3308 821 3380 praecepta
843 3300 998 3379 Properti:

257 3387 423 3450 Destrictus
445 3392 567 3451 minima
590 3406 645 3449 nec
669 3395 767 3450 tamen
789 3388 838 3449 ille
862 3397 932 3449 nota
954 3396 1017 3449 est.

259 3475 311 3536 His
330 3495 385 3555 ego
409 3479 563 3558 successi,
587 3478 726 3556 quoniam
749 3481 929 3556 praestantia
951 3476 1062 3538 candor

256 3563 382 3625 Nomina
405 3567 538 3626 vivorum
562 3565 747 3646 dissimulare
771 3565 871 3627 iubet.
