2467 4042
8 450 12 489 =
98 441 255 501 credibile
269 450 316 503 331
330 451 360 505 31
375 450 404 503 13
420 444 560 504 sensisse
577 443 736 519 Cupidinis
755 460 856 505 arcus.

138 526 174 583 In
190 542 242 586 ure
256 527 377 587 militiae
392 529 481 603 signa
495 535 581 589 tuere
595 535 675 588 tuae.

98 609 129 669 Si
146 617 294 686 quaeret,
317 611 392 687 quid
407 628 511 687 agam,
535 626 592 687 spe
608 611 708 672 noctis
723 613 829 672 vivere
843 613 941 674 tlioes.

139 693 252 753 Cetera
268 695 324 756 lert
336 695 450 756 blanda
468 711 540 755 cera
554 701 658 756 notata
673 710 775 758 manu.

58 785 86 839 lt
95 776 178 838 Dum
193 777 321 854 loquor,
344 779 421 839 hora
436 781 520 854 ltrgit.
550 794 668 840 vacuae
681 779 761 839 bene
777 781 874 840 redde
887 781 1021 842 tabellas.

137 862 260 923 Verum
275 864 419 924 contiuuo
437 865 602 924 laetamen
618 864 669 921 1113
684 865 773 938 legat.

94 945 245 1020 Aspicies
263 948 371 1008 oculos
389 947 502 1009 mando
518 948 711 1021 frontemque
728 948 866 1023 legentis.

135 1029 162 1088 E
177 1030 273 1092 133113
287 1032 375 1093 vultu
389 1032 470 1091 scire
485 1032 586 1092 lutura
600 1032 680 1094 lieet.

92 1111 157 1172 Nec
173 1130 276 1190 mora,
299 1116 443 1191 perlectis
459 1116 610 1176 rescribat
625 1116 733 1190 multa,
755 1113 874 1175 iubeto:

54 1202 88 1258 13
140 1196 216 1272 Odi,
240 1214 310 1260 oum
326 1201 388 1261 late
402 1199 567 1276 splendide
582 1215 654 1260 cera
671 1205 768 1258 vacat.

94 1279 283 1358 comprimat
296 1284 457 1345 ordinibus
470 1300 596 1359 versus,
620 1285 794 1358 oculosque
808 1288 942 1344 moretur

136 1365 277 1442 Margine
291 1368 322 1428 in
339 1374 476 1431 extremo
491 1369 590 1429 littera
603 1384 677 1428 1333
690 1383 808 1427 13333...

94 1447 177 1521 Quid
193 1451 305 1526 digitos
324 1468 407 1527 opus
421 1460 469 1513 est
482 1452 615 1529 graphio
633 1453 751 1512 lassare
766 1451 921 1511 tenendot

137 1534 207 1594 Hoc
221 1534 335 1597 habeat
349 1535 498 1618 scriptum
513 1543 578 1599 tota
591 1536 720 1610 tabella,
743 1536 832 1594 ‘veni
841 1539 866 1592 t’

54 1616 165 1680 1311311
182 1620 399 1693 333113111333
415 1621 501 1682 lauro
516 1620 661 1682 redimire
678 1619 817 1693 tabellas,

135 1703 201 1762 Neo
214 1703 348 1765 Veneris
364 1705 467 1766 media
482 1716 600 1781 ponere
614 1706 645 1764 in
661 1705 739 1764 aede
754 1718 864 1763 morer.

95 1783 294 1848 Subscribam
314 1791 449 1849 ‘Veneri
463 1789 544 1850 lidae
560 1790 618 1850 sibi
634 1789 716 1849 Naso
731 1787 885 1848 ministras

135 1870 287 1934 Dedicat?
318 1875 361 1934 At
374 1888 473 1949 nuper
486 1874 548 1934 vile
563 1873 664 1935 fuistis
679 1887 760 1933 3331.

9 252 19 391 j
361 264 637 366 11333-11,
656 290 703 351 13.
847 388 854 395 ⁴
1000 288 1034 358 1t

8 406 16 447 1

26 1999 72 2094 ¹2
96 2001 189 2099 Flete
203 2055 291 2100 meos
309 2044 418 2099 casust
440 2037 543 2099 tristes
560 2039 682 2099 rediere
697 2037 837 2098 tabellae.

134 2123 246 2184 Inlelix
259 2122 357 2183 hodie
371 2122 470 2183 littera
484 2138 582 2199 posse
597 2129 698 2198 negat.

95 2206 202 2268 Onuna
217 2216 290 2268 sunt
304 2205 431 2282 aliquid.
454 2206 547 2268 modo
564 2221 633 2267 oum
650 2205 811 2267 discedere
826 2205 928 2279 vellet,

135 2292 188 2350 Ad
201 2293 294 2352 113133
310 2289 424 2365 digitos
438 2291 548 2351 restitit
562 2291 623 2351 1313
636 2291 733 2366 Nape.
747 2342 750 2347 .

67 2374 191 2436 tllissa
205 2377 291 2436 13133
306 2375 416 2435 iterum
430 2373 523 2435 limen
536 2377 669 2435 transire
682 2381 834 2433 memento

1 2527 2 2544 ἢ
135 2459 279 2533 Cautius,
302 2465 397 2534 atque
411 2459 470 2519 alte
486 2458 590 2519 sobria
605 2460 685 2518 13113
699 2458 820 2534 pedem.

1 2547 2 2550 ’
92 2543 136 2603 113
151 2543 237 2618 hinc,
260 2543 420 2617 dilliciles,
441 2542 583 2604 funebria
597 2543 693 2618 ligna,
715 2539 855 2614 tabellae,

133 2627 244 2702 Tuque
258 2626 417 2703 negaturis
432 2642 503 2687 cera
517 2628 631 2686 1313113
645 2627 736 2698 notis,

89 2712 206 2787 Quam,
228 2719 321 2788 puto,
345 2710 385 2771 de
399 2713 511 2787 longae
525 2712 684 2772 collectam
699 2708 777 2771 ilore
793 2707 909 2767 cicutae

55 2804 83 2857 tt
136 2794 230 2855 Melle
245 2796 304 2856 sub
318 2795 425 2856 infami
440 2795 565 2856 0313133
578 2793 662 2856 misit
676 2795 754 2870 apis.

1 2913 2 2960 p
89 2881 132 2940 At
147 2886 322 2956 tamquam,
344 2879 438 2941 minio
454 2879 575 2955 penitus
590 2879 757 2950 medicata,
781 2873 922 2937 rubebas.

133 2964 190 3024 llle
204 2965 291 3025 color
304 2979 380 3024 vere
393 2964 647 3040 sanguinulentus
662 2969 736 3023 erat.

88 3047 249 3109 Proiectae
264 3049 362 3110 triviis
377 3047 519 3124 iaceatis,
539 3048 645 3108 inutile
658 3046 782 3122 lignum,

131 3133 266 3207 Vosque
280 3141 367 3194 rotae
382 3134 502 3208 frangat
515 3131 739 3209 praetereuntis
755 3145 843 3192 onus.

54 3222 81 3279 u
92 3217 185 3277 Illum
200 3217 305 3294 etiam,
330 3216 383 3294 qui
397 3233 455 3277 vos
471 3233 511 3277 ex
526 3215 638 3276 arbore
651 3215 741 3275 vertit
755 3215 785 3273 in
800 3232 898 3290 usum,

1 3279 2 3374 1
135 3300 325 3364 convincam
341 3317 434 3377 puras
449 3317 512 3362 non
527 3300 675 3361 babuisse
690 3315 808 3361 manus.

87 3383 233 3445 Praebuit
246 3387 299 3447 illa
315 3385 408 3446 arbor
421 3385 533 3446 misero
549 3384 720 3462 suspendia
735 3383 815 3444 collo

133 3468 276 3554 Carnifici
294 3471 378 3532 diras
394 3471 534 3545 praebuit
549 3468 602 3531 illa
617 3484 741 3531 cruces=
830 3492 834 3499 ·

1 3563 2 3616 1
90 3551 147 3613 illa
155 3553 246 3696 {ledit
260 3561 364 3632 turpes
380 3555 482 3616 raucis
497 3553 673 3617 bubonibus
690 3553 830 3614 umbras=

50 3647 131 3696 avus.
849 3647 866 3697 1
