<?xml version="1.0" encoding="UTF-8"?>
<!DOCTYPE html PUBLIC "-//W3C//DTD XHTML 1.0 Transitional//EN"
    "http://www.w3.org/TR/xhtml1/DTD/xhtml1-transitional.dtd">
<html xmlns="http://www.w3.org/1999/xhtml" xml:lang="en" lang="en">
 <head>
  <title>
</title>
<meta http-equiv="Content-Type" content="text/html;charset=utf-8" />
  <meta name='ocr-system' content='tesseract 3.04.00' />
  <meta name='ocr-capabilities' content='ocr_page ocr_carea ocr_par ocr_line ocrx_word'/>
</head>
<body>
  <div class='ocr_page' id='page_1' title='image "./povidiusnaso00ehwagoog_1244.png"; bbox 0 0 2467 4042; ppageno 0'>
   <div class='ocr_carea' id='block_1_1' title="bbox 606 237 800 292">
    <p class='ocr_par' dir='ltr' id='par_1_1' title="bbox 606 237 800 292">
     <span class='ocr_line' id='line_1_1' title="bbox 606 237 800 292; baseline 0.015 -3"><span class='ocrx_word' id='word_1_1' title='bbox 606 237 800 292; x_wconf 72' lang='lat' dir='ltr'><strong>utauolauut</strong></span> 
     </span>
    </p>
   </div>
   <div class='ocr_carea' id='block_1_2' title="bbox 555 433 772 520">
    <p class='ocr_par' dir='ltr' id='par_1_2' title="bbox 555 433 772 520">
     <span class='ocr_line' id='line_1_2' title="bbox 555 433 772 520; baseline -0.009 -5"><span class='ocrx_word' id='word_1_2' title='bbox 555 433 565 453; x_wconf 79' lang='grc'><em>”</em></span> <span class='ocrx_word' id='word_1_3' title='bbox 630 449 680 520; x_wconf 88' lang='lat'><strong>10.</strong></span> <span class='ocrx_word' id='word_1_4' title='bbox 704 448 772 514; x_wconf 84' lang='lat' dir='ltr'><strong>An</strong></span> 
     </span>
    </p>
   </div>
   <div class='ocr_carea' id='block_1_3' title="bbox 222 573 1173 919">
    <p class='ocr_par' dir='ltr' id='par_1_3' title="bbox 289 573 1008 659">
     <span class='ocr_line' id='line_1_3' title="bbox 289 573 1008 659; baseline 0.003 -23"><span class='ocrx_word' id='word_1_5' title='bbox 289 574 327 636; x_wconf 81' lang='lat' dir='ltr'><strong>tt</strong></span> <span class='ocrx_word' id='word_1_6' title='bbox 350 574 437 637; x_wconf 87' lang='lat' dir='ltr'><strong>simul</strong></span> <span class='ocrx_word' id='word_1_7' title='bbox 459 576 564 637; x_wconf 83' lang='lat' dir='ltr'><strong>auritis</strong></span> <span class='ocrx_word' id='word_1_8' title='bbox 586 574 680 636; x_wconf 88' lang='lat' dir='ltr'><strong>uiolae</strong></span> <span class='ocrx_word' id='word_1_9' title='bbox 702 573 862 638; x_wconf 84' lang='lat' dir='ltr'><strong>demuntur</strong></span> <span class='ocrx_word' id='word_1_10' title='bbox 883 575 1008 659; x_wconf 80' lang='lat' dir='ltr'><strong>asellis,</strong></span> 
     </span>
    </p>

    <p class='ocr_par' dir='ltr' id='par_1_4' title="bbox 222 661 1173 834">
     <span class='ocr_line' id='line_1_4' title="bbox 222 661 998 744; baseline 0.001 -20"><span class='ocrx_word' id='word_1_11' title='bbox 222 675 276 726; x_wconf 77' lang='lat' dir='ltr'><strong>tuo</strong></span> <span class='ocrx_word' id='word_1_12' title='bbox 332 661 370 724; x_wconf 84' lang='lat' dir='ltr'><strong>Et</strong></span> <span class='ocrx_word' id='word_1_13' title='bbox 393 663 510 725; x_wconf 84' lang='lat' dir='ltr'><strong>Cereris</strong></span> <span class='ocrx_word' id='word_1_14' title='bbox 532 663 633 742; x_wconf 82' lang='lat' dir='ltr'><strong>lrugea</strong></span> <span class='ocrx_word' id='word_1_15' title='bbox 656 680 759 741; x_wconf 84' lang='lat' dir='ltr'><strong>aspera</strong></span> <span class='ocrx_word' id='word_1_16' title='bbox 781 680 850 724; x_wconf 84' lang='lat' dir='ltr'><strong>saxa</strong></span> <span class='ocrx_word' id='word_1_17' title='bbox 870 672 998 744; x_wconf 82' lang='lat' dir='ltr'><strong>terum,</strong></span> 
     </span>
     <span class='ocr_line' id='line_1_5' title="bbox 287 746 1173 834; baseline 0.003 -23"><span class='ocrx_word' id='word_1_18' title='bbox 287 749 390 812; x_wconf 81' lang='lat' dir='ltr'><strong>Navita</strong></span> <span class='ocrx_word' id='word_1_19' title='bbox 412 768 512 831; x_wconf 90' lang='lat' dir='ltr'><strong>puppe</strong></span> <span class='ocrx_word' id='word_1_20' title='bbox 534 750 642 811; x_wconf 86' lang='lat' dir='ltr'><strong>sedens</strong></span> <span class='ocrx_word' id='word_1_21' title='bbox 664 746 827 831; x_wconf 66' lang='lat' dir='ltr'><strong>‘Delphina</strong></span> <span class='ocrx_word' id='word_1_22' title='bbox 848 750 1025 814; x_wconf 77' lang='lat' dir='ltr'><strong>videbimus</strong></span> <span class='ocrx_word' id='word_1_23' title='bbox 1039 750 1068 834; x_wconf 84' lang='lat'><strong>,&#39;</strong></span> <span class='ocrx_word' id='word_1_24' title='bbox 1093 757 1173 834; x_wconf 89' lang='lat' dir='ltr'><strong>inquit</strong></span> 
     </span>
    </p>

    <p class='ocr_par' dir='ltr' id='par_1_5' title="bbox 333 833 1010 919">
     <span class='ocr_line' id='line_1_6' title="bbox 333 833 1010 919; baseline 0.003 -20"><span class='ocrx_word' id='word_1_25' title='bbox 333 833 451 901; x_wconf 74' lang='lat' dir='ltr'><strong>‘Umida</strong></span> <span class='ocrx_word' id='word_1_26' title='bbox 473 856 541 901; x_wconf 91' lang='lat' dir='ltr'><strong>cum</strong></span> <span class='ocrx_word' id='word_1_27' title='bbox 564 837 651 919; x_wconf 91' lang='lat' dir='ltr'><strong>pulso</strong></span> <span class='ocrx_word' id='word_1_28' title='bbox 673 855 732 899; x_wconf 84' lang='lat' dir='ltr'><strong>nox</strong></span> <span class='ocrx_word' id='word_1_29' title='bbox 755 841 812 900; x_wconf 90' lang='lat' dir='ltr'><strong>erit</strong></span> <span class='ocrx_word' id='word_1_30' title='bbox 834 847 899 900; x_wconf 86' lang='lat' dir='ltr'><strong>orta</strong></span> <span class='ocrx_word' id='word_1_31' title='bbox 921 836 1010 901; x_wconf 88' lang='lat' dir='ltr'><strong>die.&#39;</strong></span> 
     </span>
    </p>
   </div>
   <div class='ocr_carea' id='block_1_4' title="bbox 549 972 857 1040">
    <p class='ocr_par' dir='ltr' id='par_1_6' title="bbox 549 972 857 1040">
     <span class='ocr_line' id='line_1_7' title="bbox 549 972 857 1040; baseline -0.003 0"><span class='ocrx_word' id='word_1_32' title='bbox 549 976 598 1040; x_wconf 89' lang='lat'><strong>11.</strong></span> <span class='ocrx_word' id='word_1_33' title='bbox 621 972 857 1040; x_wconf 71' lang='lat' dir='ltr'><strong>BMAuuuu</strong></span> 
     </span>
    </p>
   </div>
   <div class='ocr_carea' id='block_1_5' title="bbox 222 1099 1180 1356">
    <p class='ocr_par' dir='ltr' id='par_1_7' title="bbox 222 1099 1180 1356">
     <span class='ocr_line' id='line_1_8' title="bbox 287 1099 1180 1185; baseline 0.008 -24"><span class='ocrx_word' id='word_1_34' title='bbox 287 1100 366 1182; x_wconf 89' lang='lat' dir='ltr'><strong>lam,</strong></span> <span class='ocrx_word' id='word_1_35' title='bbox 390 1100 510 1182; x_wconf 75' lang='lat' dir='ltr'><strong>Phryx,</strong></span> <span class='ocrx_word' id='word_1_36' title='bbox 533 1119 549 1161; x_wconf 87' lang='lat' dir='ltr'><strong>a</strong></span> <span class='ocrx_word' id='word_1_37' title='bbox 571 1110 664 1180; x_wconf 88' lang='lat' dir='ltr'><strong>nupta</strong></span> <span class='ocrx_word' id='word_1_38' title='bbox 687 1103 844 1182; x_wconf 80' lang='lat' dir='ltr'><strong>quereris,</strong></span> <span class='ocrx_word' id='word_1_39' title='bbox 865 1099 1024 1184; x_wconf 81' lang='lat' dir='ltr'><strong>lithone,</strong></span> <span class='ocrx_word' id='word_1_40' title='bbox 1051 1104 1180 1185; x_wconf 77' lang='lat' dir='ltr'><strong>relinqui,</strong></span> 
     </span>
     <span class='ocr_line' id='line_1_9' title="bbox 331 1187 879 1268; baseline 0.004 -20"><span class='ocrx_word' id='word_1_41' title='bbox 331 1187 370 1251; x_wconf 86' lang='lat' dir='ltr'><strong>Et</strong></span> <span class='ocrx_word' id='word_1_42' title='bbox 391 1187 460 1268; x_wconf 76' lang='lat' dir='ltr'><strong>vigil</strong></span> <span class='ocrx_word' id='word_1_43' title='bbox 481 1190 544 1249; x_wconf 89' lang='lat' dir='ltr'><strong>eois</strong></span> <span class='ocrx_word' id='word_1_44' title='bbox 565 1188 672 1251; x_wconf 77' lang='lat' dir='ltr'><strong>lucifer</strong></span> <span class='ocrx_word' id='word_1_45' title='bbox 694 1191 755 1249; x_wconf 81' lang='lat' dir='ltr'><strong>exit</strong></span> <span class='ocrx_word' id='word_1_46' title='bbox 776 1191 879 1268; x_wconf 82' lang='lat' dir='ltr'><strong>aquis:</strong></span> 
     </span>
     <span class='ocr_line' id='line_1_10' title="bbox 222 1274 1178 1356; baseline 0.006 -19"><span class='ocrx_word' id='word_1_47' title='bbox 222 1275 352 1356; x_wconf 75' lang='lat' dir='ltr'><strong>stulte,</strong></span> <span class='ocrx_word' id='word_1_48' title='bbox 377 1275 471 1338; x_wconf 88' lang='lat' dir='ltr'><strong>bonae</strong></span> <span class='ocrx_word' id='word_1_49' title='bbox 493 1285 626 1356; x_wconf 86' lang='lat' dir='ltr'><strong>matres,</strong></span> <span class='ocrx_word' id='word_1_50' title='bbox 647 1284 837 1338; x_wconf 89' lang='lat' dir='ltr'><strong>-uestrum</strong></span> <span class='ocrx_word' id='word_1_51' title='bbox 859 1274 993 1337; x_wconf 79' lang='lat' dir='ltr'><strong>Matralia</strong></span> <span class='ocrx_word' id='word_1_52' title='bbox 1020 1279 1132 1342; x_wconf 79' lang='lat' dir='ltr'><strong>festum</strong></span> <span class='ocrx_word' id='word_1_53' title='bbox 1150 1312 1178 1323; x_wconf 93' lang='lat'>-</span> 
     </span>
    </p>
   </div>
   <div class='ocr_carea' id='block_1_6' title="bbox 219 1357 1156 3462">
    <p class='ocr_par' dir='ltr' id='par_1_8' title="bbox 220 1357 1156 2495">
     <span class='ocr_line' id='line_1_11' title="bbox 331 1357 986 1443; baseline 0.005 -20"><span class='ocrx_word' id='word_1_54' title='bbox 331 1363 476 1443; x_wconf 82' lang='lat' dir='ltr'><strong>Flavaque</strong></span> <span class='ocrx_word' id='word_1_55' title='bbox 497 1364 654 1426; x_wconf 74' lang='lat' dir='ltr'><strong>Thebanae</strong></span> <span class='ocrx_word' id='word_1_56' title='bbox 675 1364 790 1425; x_wconf 86' lang='lat' dir='ltr'><strong>reddite</strong></span> <span class='ocrx_word' id='word_1_57' title='bbox 812 1363 871 1424; x_wconf 90' lang='lat' dir='ltr'><strong>liba</strong></span> <span class='ocrx_word' id='word_1_58' title='bbox 893 1357 986 1426; x_wconf 85' lang='lat' dir='ltr'><strong>deae.</strong></span> 
     </span>
     <span class='ocr_line' id='line_1_12' title="bbox 286 1450 1135 1532; baseline 0.004 -19"><span class='ocrx_word' id='word_1_59' title='bbox 286 1451 430 1513; x_wconf 86' lang='lat' dir='ltr'><strong>Pontibus</strong></span> <span class='ocrx_word' id='word_1_60' title='bbox 452 1460 484 1513; x_wconf 89' lang='lat' dir='ltr'><strong>et</strong></span> <span class='ocrx_word' id='word_1_61' title='bbox 505 1469 610 1532; x_wconf 83' lang='lat' dir='ltr'><strong>magno</strong></span> <span class='ocrx_word' id='word_1_62' title='bbox 633 1454 734 1514; x_wconf 83' lang='lat' dir='ltr'><strong>iuncta</strong></span> <span class='ocrx_word' id='word_1_63' title='bbox 756 1460 803 1513; x_wconf 88' lang='lat' dir='ltr'><strong>est</strong></span> <span class='ocrx_word' id='word_1_64' title='bbox 824 1450 1024 1514; x_wconf 86' lang='lat' dir='ltr'><strong>celeberrima</strong></span> <span class='ocrx_word' id='word_1_65' title='bbox 1049 1455 1135 1516; x_wconf 78' lang='lat' dir='ltr'><strong>Circo</strong></span> 
     </span>
     <span class='ocr_line' id='line_1_13' title="bbox 330 1538 1069 1620; baseline 0.007 -21"><span class='ocrx_word' id='word_1_66' title='bbox 330 1538 427 1620; x_wconf 78' lang='lat' dir='ltr'><strong>Area,</strong></span> <span class='ocrx_word' id='word_1_67' title='bbox 450 1556 526 1618; x_wconf 88' lang='lat' dir='ltr'><strong>quae</strong></span> <span class='ocrx_word' id='word_1_68' title='bbox 547 1542 645 1619; x_wconf 90' lang='lat' dir='ltr'><strong>posito</strong></span> <span class='ocrx_word' id='word_1_69' title='bbox 667 1541 705 1601; x_wconf 90' lang='lat' dir='ltr'><strong>de</strong></span> <span class='ocrx_word' id='word_1_70' title='bbox 726 1539 800 1600; x_wconf 86' lang='lat' dir='ltr'><strong>boue</strong></span> <span class='ocrx_word' id='word_1_71' title='bbox 823 1557 931 1600; x_wconf 89' lang='lat' dir='ltr'><strong>nomen</strong></span> <span class='ocrx_word' id='word_1_72' title='bbox 955 1540 1069 1604; x_wconf 83' lang='lat' dir='ltr'><strong>hahet.</strong></span> 
     </span>
     <span class='ocr_line' id='line_1_14' title="bbox 286 1626 1027 1706; baseline 0.004 -20"><span class='ocrx_word' id='word_1_73' title='bbox 286 1626 348 1689; x_wconf 88' lang='lat' dir='ltr'><strong>Hac</strong></span> <span class='ocrx_word' id='word_1_74' title='bbox 370 1626 412 1687; x_wconf 91' lang='lat' dir='ltr'><strong>ibi</strong></span> <span class='ocrx_word' id='word_1_75' title='bbox 435 1627 501 1689; x_wconf 84' lang='lat' dir='ltr'><strong>luae</strong></span> <span class='ocrx_word' id='word_1_76' title='bbox 525 1628 626 1689; x_wconf 86' lang='lat' dir='ltr'><strong>lerunt</strong></span> <span class='ocrx_word' id='word_1_77' title='bbox 647 1627 775 1688; x_wconf 84' lang='lat' dir='ltr'><strong>Matutae</strong></span> <span class='ocrx_word' id='word_1_78' title='bbox 797 1645 881 1688; x_wconf 85' lang='lat' dir='ltr'><strong>secra</strong></span> <span class='ocrx_word' id='word_1_79' title='bbox 902 1631 1027 1706; x_wconf 84' lang='lat' dir='ltr'><strong>parenti</strong></span> 
     </span>
     <span class='ocr_line' id='line_1_15' title="bbox 222 1714 1058 1795; baseline 0 -18"><span class='ocrx_word' id='word_1_80' title='bbox 222 1728 275 1778; x_wconf 79' lang='lat'><strong>480</strong></span> <span class='ocrx_word' id='word_1_81' title='bbox 334 1714 529 1795; x_wconf 74' lang='lat' dir='ltr'><strong>sceptriferas</strong></span> <span class='ocrx_word' id='word_1_82' title='bbox 552 1716 637 1776; x_wconf 87' lang='lat' dir='ltr'><strong>Serui</strong></span> <span class='ocrx_word' id='word_1_83' title='bbox 660 1715 767 1794; x_wconf 91' lang='lat' dir='ltr'><strong>templa</strong></span> <span class='ocrx_word' id='word_1_84' title='bbox 788 1714 905 1775; x_wconf 82' lang='lat' dir='ltr'><strong>dedisse</strong></span> <span class='ocrx_word' id='word_1_85' title='bbox 927 1732 1058 1777; x_wconf 87' lang='lat' dir='ltr'><strong>manus.</strong></span> 
     </span>
     <span class='ocr_line' id='line_1_16' title="bbox 288 1802 1085 1884; baseline 0 -19"><span class='ocrx_word' id='word_1_86' title='bbox 288 1803 369 1875; x_wconf 86' lang='lat' dir='ltr'><strong>Quae</strong></span> <span class='ocrx_word' id='word_1_87' title='bbox 392 1802 447 1864; x_wconf 92' lang='lat' dir='ltr'><strong>dea</strong></span> <span class='ocrx_word' id='word_1_88' title='bbox 470 1805 509 1864; x_wconf 83' lang='lat' dir='ltr'><strong>sit</strong></span> <span class='ocrx_word' id='word_1_89' title='bbox 521 1849 530 1884; x_wconf 89' lang='lat'>,</span> <span class='ocrx_word' id='word_1_90' title='bbox 554 1820 645 1882; x_wconf 88' lang='lat' dir='ltr'><strong>quare</strong></span> <span class='ocrx_word' id='word_1_91' title='bbox 668 1803 790 1864; x_wconf 76' lang='lat' dir='ltr'><strong>lentulus</strong></span> <span class='ocrx_word' id='word_1_92' title='bbox 813 1820 830 1862; x_wconf 87' lang='lat' dir='ltr'><strong>a</strong></span> <span class='ocrx_word' id='word_1_93' title='bbox 851 1802 952 1863; x_wconf 86' lang='lat' dir='ltr'><strong>limine</strong></span> <span class='ocrx_word' id='word_1_94' title='bbox 975 1804 1085 1883; x_wconf 88' lang='lat' dir='ltr'><strong>templi</strong></span> 
     </span>
     <span class='ocr_line' id='line_1_17' title="bbox 330 1890 1156 1971; baseline 0.006 -21"><span class='ocrx_word' id='word_1_95' title='bbox 330 1891 437 1952; x_wconf 81' lang='lat' dir='ltr'><strong>Arceut</strong></span> <span class='ocrx_word' id='word_1_96' title='bbox 448 1936 459 1971; x_wconf 86' lang='lat'><strong><em>,</em></strong></span> <span class='ocrx_word' id='word_1_97' title='bbox 481 1921 516 1935; x_wconf 89' lang='lat'>-</span> <span class='ocrx_word' id='word_1_98' title='bbox 539 1899 622 1953; x_wconf 86' lang='lat' dir='ltr'><strong>arcet</strong></span> <span class='ocrx_word' id='word_1_99' title='bbox 644 1892 723 1952; x_wconf 88' lang='lat' dir='ltr'><strong>onim</strong></span> <span class='ocrx_word' id='word_1_100' title='bbox 745 1923 779 1933; x_wconf 92' lang='lat'>-</span> <span class='ocrx_word' id='word_1_101' title='bbox 801 1890 919 1968; x_wconf 79' lang='lat' dir='ltr'><strong>libaque</strong></span> <span class='ocrx_word' id='word_1_102' title='bbox 940 1898 1022 1952; x_wconf 88' lang='lat' dir='ltr'><strong>tosta</strong></span> <span class='ocrx_word' id='word_1_103' title='bbox 1045 1890 1156 1971; x_wconf 78' lang='lat' dir='ltr'><strong>petat?</strong></span> 
     </span>
     <span class='ocr_line' id='line_1_18' title="bbox 286 1976 1095 2059; baseline 0 -19"><span class='ocrx_word' id='word_1_104' title='bbox 286 1976 422 2059; x_wconf 84' lang='lat' dir='ltr'><strong>Bacche,</strong></span> <span class='ocrx_word' id='word_1_105' title='bbox 444 1979 635 2040; x_wconf 80' lang='lat' dir='ltr'><strong>racemiferos</strong></span> <span class='ocrx_word' id='word_1_106' title='bbox 656 1978 767 2039; x_wconf 81' lang='lat' dir='ltr'><strong>hedera</strong></span> <span class='ocrx_word' id='word_1_107' title='bbox 788 1977 924 2039; x_wconf 85' lang='lat' dir='ltr'><strong>redimite</strong></span> <span class='ocrx_word' id='word_1_108' title='bbox 947 1979 1074 2057; x_wconf 80' lang='lat' dir='ltr'><strong>capillus</strong></span> <span class='ocrx_word' id='word_1_109' title='bbox 1084 2027 1095 2059; x_wconf 91' lang='lat'><em>‚</em></span> 
     </span>
     <span class='ocr_line' id='line_1_19' title="bbox 331 2065 1058 2145; baseline 0.004 -19"><span class='ocrx_word' id='word_1_110' title='bbox 331 2065 364 2127; x_wconf 90' lang='lat' dir='ltr'><strong>Si</strong></span> <span class='ocrx_word' id='word_1_111' title='bbox 386 2066 492 2127; x_wconf 90' lang='lat' dir='ltr'><strong>domus</strong></span> <span class='ocrx_word' id='word_1_112' title='bbox 513 2066 562 2127; x_wconf 92' lang='lat' dir='ltr'><strong>illa</strong></span> <span class='ocrx_word' id='word_1_113' title='bbox 585 2074 636 2127; x_wconf 88' lang='lat' dir='ltr'><strong>tua</strong></span> <span class='ocrx_word' id='word_1_114' title='bbox 658 2077 705 2127; x_wconf 93' lang='lat' dir='ltr'><strong>est</strong></span> <span class='ocrx_word' id='word_1_115' title='bbox 717 2112 725 2145; x_wconf 89' lang='lat'>‚</span> <span class='ocrx_word' id='word_1_116' title='bbox 747 2065 842 2144; x_wconf 84' lang='lat' dir='ltr'><strong>dirige</strong></span> <span class='ocrx_word' id='word_1_117' title='bbox 864 2067 938 2126; x_wconf 87' lang='lat' dir='ltr'><strong>vatis</strong></span> <span class='ocrx_word' id='word_1_118' title='bbox 961 2084 1058 2145; x_wconf 87' lang='lat' dir='ltr'><strong>opus.</strong></span> 
     </span>
     <span class='ocr_line' id='line_1_20' title="bbox 220 2152 1055 2233; baseline -0.002 -16"><span class='ocrx_word' id='word_1_119' title='bbox 220 2164 272 2217; x_wconf 80' lang='lat' dir='ltr'><strong>tat</strong></span> <span class='ocrx_word' id='word_1_120' title='bbox 286 2153 407 2215; x_wconf 71' lang='lat' dir='ltr'><strong>Arserit</strong></span> <span class='ocrx_word' id='word_1_121' title='bbox 428 2153 571 2233; x_wconf 90' lang='lat' dir='ltr'><strong>ohsequio</strong></span> <span class='ocrx_word' id='word_1_122' title='bbox 594 2152 709 2214; x_wconf 88' lang='lat' dir='ltr'><strong>Semele</strong></span> <span class='ocrx_word' id='word_1_123' title='bbox 732 2153 829 2214; x_wconf 84' lang='lat' dir='ltr'><strong>louis.</strong></span> <span class='ocrx_word' id='word_1_124' title='bbox 869 2155 977 2231; x_wconf 83' lang='lat' dir='ltr'><strong>accipit</strong></span> <span class='ocrx_word' id='word_1_125' title='bbox 996 2152 1055 2215; x_wconf 90' lang='lat' dir='ltr'><strong>Ino</strong></span> 
     </span>
     <span class='ocr_line' id='line_1_21' title="bbox 330 2239 1020 2323; baseline 0 -22"><span class='ocrx_word' id='word_1_126' title='bbox 330 2239 372 2302; x_wconf 87' lang='lat' dir='ltr'><strong>Te</strong></span> <span class='ocrx_word' id='word_1_127' title='bbox 394 2260 470 2321; x_wconf 90' lang='lat' dir='ltr'><strong>puer</strong></span> <span class='ocrx_word' id='word_1_128' title='bbox 482 2289 491 2323; x_wconf 91' lang='lat'><em>‚</em></span> <span class='ocrx_word' id='word_1_129' title='bbox 515 2250 545 2302; x_wconf 88' lang='lat' dir='ltr'><strong>et</strong></span> <span class='ocrx_word' id='word_1_130' title='bbox 567 2259 683 2302; x_wconf 89' lang='lat' dir='ltr'><strong>summa</strong></span> <span class='ocrx_word' id='word_1_131' title='bbox 705 2240 806 2301; x_wconf 90' lang='lat' dir='ltr'><strong>sedula</strong></span> <span class='ocrx_word' id='word_1_132' title='bbox 829 2241 923 2301; x_wconf 89' lang='lat' dir='ltr'><strong>nutrit</strong></span> <span class='ocrx_word' id='word_1_133' title='bbox 945 2258 1020 2320; x_wconf 88' lang='lat' dir='ltr'><strong>ope.</strong></span> 
     </span>
     <span class='ocr_line' id='line_1_22' title="bbox 286 2328 1051 2410; baseline -0.001 -20"><span class='ocrx_word' id='word_1_134' title='bbox 286 2329 429 2391; x_wconf 84' lang='lat' dir='ltr'><strong>intumuit</strong></span> <span class='ocrx_word' id='word_1_135' title='bbox 451 2330 547 2410; x_wconf 92' lang='lat' dir='ltr'><strong>luno,</strong></span> <span class='ocrx_word' id='word_1_136' title='bbox 569 2338 687 2409; x_wconf 83' lang='lat' dir='ltr'><strong>raptum</strong></span> <span class='ocrx_word' id='word_1_137' title='bbox 710 2328 789 2407; x_wconf 92' lang='lat' dir='ltr'><strong>quod</strong></span> <span class='ocrx_word' id='word_1_138' title='bbox 810 2328 922 2406; x_wconf 87' lang='lat' dir='ltr'><strong>paelice</strong></span> <span class='ocrx_word' id='word_1_139' title='bbox 944 2335 1051 2390; x_wconf 85' lang='lat' dir='ltr'><strong>natum</strong></span> 
     </span>
     <span class='ocr_line' id='line_1_23' title="bbox 329 2415 987 2495; baseline 0 -18"><span class='ocrx_word' id='word_1_140' title='bbox 329 2415 466 2479; x_wconf 75' lang='lat' dir='ltr'><strong>Educet.</strong></span> <span class='ocrx_word' id='word_1_141' title='bbox 507 2426 537 2479; x_wconf 90' lang='lat' dir='ltr'><strong>at</strong></span> <span class='ocrx_word' id='word_1_142' title='bbox 559 2419 679 2495; x_wconf 76' lang='lat' dir='ltr'><strong>sanquis</strong></span> <span class='ocrx_word' id='word_1_143' title='bbox 701 2416 750 2476; x_wconf 89' lang='lat' dir='ltr'><strong>illo</strong></span> <span class='ocrx_word' id='word_1_144' title='bbox 773 2417 884 2476; x_wconf 88' lang='lat' dir='ltr'><strong>sororis</strong></span> <span class='ocrx_word' id='word_1_145' title='bbox 907 2424 987 2477; x_wconf 85' lang='lat' dir='ltr'><strong>erat.</strong></span> 
     </span>
    </p>

    <p class='ocr_par' dir='ltr' id='par_1_9' title="bbox 219 2503 1095 2845">
     <span class='ocr_line' id='line_1_24' title="bbox 285 2503 1065 2585; baseline 0 -20"><span class='ocrx_word' id='word_1_146' title='bbox 285 2503 361 2566; x_wconf 83' lang='lat' dir='ltr'><strong>Hinc</strong></span> <span class='ocrx_word' id='word_1_147' title='bbox 384 2507 481 2584; x_wconf 74' lang='lat' dir='ltr'><strong>agitur</strong></span> <span class='ocrx_word' id='word_1_148' title='bbox 502 2506 589 2566; x_wconf 84' lang='lat' dir='ltr'><strong>furiis</strong></span> <span class='ocrx_word' id='word_1_149' title='bbox 611 2504 749 2565; x_wconf 75' lang='lat' dir='ltr'><strong>Athamas</strong></span> <span class='ocrx_word' id='word_1_150' title='bbox 772 2512 803 2563; x_wconf 90' lang='lat' dir='ltr'><strong>et</strong></span> <span class='ocrx_word' id='word_1_151' title='bbox 825 2505 951 2582; x_wconf 79' lang='lat' dir='ltr'><strong>imagine</strong></span> <span class='ocrx_word' id='word_1_152' title='bbox 973 2503 1065 2585; x_wconf 83' lang='lat' dir='ltr'><strong>falsa,</strong></span> 
     </span>
     <span class='ocr_line' id='line_1_25' title="bbox 219 2590 1095 2673; baseline 0.001 -20"><span class='ocrx_word' id='word_1_153' title='bbox 219 2604 272 2654; x_wconf 79' lang='lat' dir='ltr'><strong>tao</strong></span> <span class='ocrx_word' id='word_1_154' title='bbox 329 2592 435 2672; x_wconf 83' lang='lat' dir='ltr'><strong>Tuque</strong></span> <span class='ocrx_word' id='word_1_155' title='bbox 458 2592 538 2654; x_wconf 88' lang='lat' dir='ltr'><strong>cadis</strong></span> <span class='ocrx_word' id='word_1_156' title='bbox 560 2595 678 2673; x_wconf 82' lang='lat' dir='ltr'><strong>patria,</strong></span> <span class='ocrx_word' id='word_1_157' title='bbox 699 2609 789 2670; x_wconf 83' lang='lat' dir='ltr'><strong>parre</strong></span> <span class='ocrx_word' id='word_1_158' title='bbox 810 2590 964 2672; x_wconf 87' lang='lat' dir='ltr'><strong>Learche,</strong></span> <span class='ocrx_word' id='word_1_159' title='bbox 985 2609 1095 2654; x_wconf 80' lang='lat' dir='ltr'><strong>manu.</strong></span> 
     </span>
     <span class='ocr_line' id='line_1_26' title="bbox 285 2678 1059 2743; baseline 0 -2"><span class='ocrx_word' id='word_1_160' title='bbox 285 2679 394 2741; x_wconf 83' lang='lat' dir='ltr'><strong>llaosta</strong></span> <span class='ocrx_word' id='word_1_161' title='bbox 416 2679 580 2743; x_wconf 84' lang='lat' dir='ltr'><strong>Learcheas</strong></span> <span class='ocrx_word' id='word_1_162' title='bbox 602 2686 698 2741; x_wconf 88' lang='lat' dir='ltr'><strong>mater</strong></span> <span class='ocrx_word' id='word_1_163' title='bbox 718 2678 914 2740; x_wconf 81' lang='lat' dir='ltr'><strong>tumulaverat</strong></span> <span class='ocrx_word' id='word_1_164' title='bbox 935 2678 1059 2741; x_wconf 80' lang='lat' dir='ltr'><strong>umbras</strong></span> 
     </span>
     <span class='ocr_line' id='line_1_27' title="bbox 329 2767 989 2845; baseline -0.002 -17"><span class='ocrx_word' id='word_1_165' title='bbox 329 2767 367 2830; x_wconf 82' lang='lat' dir='ltr'><strong>Et</strong></span> <span class='ocrx_word' id='word_1_166' title='bbox 389 2768 511 2829; x_wconf 87' lang='lat' dir='ltr'><strong>dederat</strong></span> <span class='ocrx_word' id='word_1_167' title='bbox 532 2770 650 2829; x_wconf 89' lang='lat' dir='ltr'><strong>miseris</strong></span> <span class='ocrx_word' id='word_1_168' title='bbox 672 2768 771 2829; x_wconf 88' lang='lat' dir='ltr'><strong>omnia</strong></span> <span class='ocrx_word' id='word_1_169' title='bbox 791 2769 870 2828; x_wconf 86' lang='lat' dir='ltr'><strong>iusta</strong></span> <span class='ocrx_word' id='word_1_170' title='bbox 890 2767 989 2845; x_wconf 77' lang='lat' dir='ltr'><strong>rogis.</strong></span> 
     </span>
    </p>

    <p class='ocr_par' dir='ltr' id='par_1_10' title="bbox 220 2854 1120 3462">
     <span class='ocr_line' id='line_1_28' title="bbox 285 2854 1120 2937; baseline -0.004 -21"><span class='ocrx_word' id='word_1_171' title='bbox 285 2854 364 2917; x_wconf 86' lang='lat' dir='ltr'><strong>flacc</strong></span> <span class='ocrx_word' id='word_1_172' title='bbox 386 2873 505 2936; x_wconf 89' lang='lat' dir='ltr'><strong>quoque</strong></span> <span class='ocrx_word' id='word_1_173' title='bbox 517 2901 526 2936; x_wconf 91' lang='lat'>,</span> <span class='ocrx_word' id='word_1_174' title='bbox 549 2856 683 2918; x_wconf 80' lang='lat' dir='ltr'><strong>funestos</strong></span> <span class='ocrx_word' id='word_1_175' title='bbox 705 2862 741 2916; x_wconf 84' lang='lat' dir='ltr'><strong>ut</strong></span> <span class='ocrx_word' id='word_1_176' title='bbox 759 2864 826 2916; x_wconf 83' lang='lat' dir='ltr'><strong>erat</strong></span> <span class='ocrx_word' id='word_1_177' title='bbox 847 2854 955 2915; x_wconf 82' lang='lat' dir='ltr'><strong>laniata</strong></span> <span class='ocrx_word' id='word_1_178' title='bbox 977 2854 1120 2937; x_wconf 82' lang='lat' dir='ltr'><strong>capillos,</strong></span> 
     </span>
     <span class='ocr_line' id='line_1_29' title="bbox 328 2941 1018 3025; baseline -0.001 -21"><span class='ocrx_word' id='word_1_179' title='bbox 328 2943 471 3025; x_wconf 87' lang='lat' dir='ltr'><strong>Prosilit,</strong></span> <span class='ocrx_word' id='word_1_180' title='bbox 494 2950 525 3004; x_wconf 91' lang='lat' dir='ltr'><strong>et</strong></span> <span class='ocrx_word' id='word_1_181' title='bbox 546 2946 633 3005; x_wconf 89' lang='lat' dir='ltr'><strong>cunis</strong></span> <span class='ocrx_word' id='word_1_182' title='bbox 655 2953 708 3023; x_wconf 81' lang='lat' dir='ltr'><strong>te,</strong></span> <span class='ocrx_word' id='word_1_183' title='bbox 729 2941 879 3004; x_wconf 82' lang='lat' dir='ltr'><strong>Melicerta</strong></span> <span class='ocrx_word' id='word_1_184' title='bbox 891 2989 900 3022; x_wconf 90' lang='lat'><strong><em>,</em></strong></span> <span class='ocrx_word' id='word_1_185' title='bbox 922 2944 1018 3022; x_wconf 86' lang='lat' dir='ltr'><strong>rapit.</strong></span> 
     </span>
     <span class='ocr_line' id='line_1_30' title="bbox 220 3027 1106 3113; baseline -0.002 -22"><span class='ocrx_word' id='word_1_186' title='bbox 220 3041 270 3093; x_wconf 78' lang='lat' dir='ltr'><strong>tao</strong></span> <span class='ocrx_word' id='word_1_187' title='bbox 284 3030 337 3093; x_wconf 82' lang='lat' dir='ltr'><strong>Est</strong></span> <span class='ocrx_word' id='word_1_188' title='bbox 359 3032 453 3112; x_wconf 87' lang='lat' dir='ltr'><strong>spatio</strong></span> <span class='ocrx_word' id='word_1_189' title='bbox 476 3039 628 3092; x_wconf 86' lang='lat' dir='ltr'><strong>eontracta</strong></span> <span class='ocrx_word' id='word_1_190' title='bbox 649 3030 754 3111; x_wconf 74' lang='lat' dir='ltr'><strong>hreni,</strong></span> <span class='ocrx_word' id='word_1_191' title='bbox 776 3031 853 3091; x_wconf 84' lang='lat' dir='ltr'><strong>lreta</strong></span> <span class='ocrx_word' id='word_1_192' title='bbox 874 3029 944 3090; x_wconf 89' lang='lat' dir='ltr'><strong>binu</strong></span> <span class='ocrx_word' id='word_1_193' title='bbox 965 3027 1106 3113; x_wconf 68' lang='lat' dir='ltr'><strong>mpeffl,</strong></span> 
     </span>
     <span class='ocr_line' id='line_1_31' title="bbox 328 3116 973 3200; baseline -0.005 -20"><span class='ocrx_word' id='word_1_194' title='bbox 328 3118 452 3199; x_wconf 87' lang='lat' dir='ltr'><strong>Unaque</strong></span> <span class='ocrx_word' id='word_1_195' title='bbox 473 3119 609 3200; x_wconf 87' lang='lat' dir='ltr'><strong>pulsatur</strong></span> <span class='ocrx_word' id='word_1_196' title='bbox 631 3127 712 3179; x_wconf 83' lang='lat' dir='ltr'><strong>terra</strong></span> <span class='ocrx_word' id='word_1_197' title='bbox 732 3116 849 3179; x_wconf 84' lang='lat' dir='ltr'><strong>duahns</strong></span> <span class='ocrx_word' id='word_1_198' title='bbox 870 3119 973 3196; x_wconf 86' lang='lat' dir='ltr'><strong>aquis.</strong></span> 
     </span>
     <span class='ocr_line' id='line_1_32' title="bbox 283 3205 1044 3286; baseline -0.004 -18"><span class='ocrx_word' id='word_1_199' title='bbox 283 3206 349 3270; x_wconf 84' lang='lat' dir='ltr'><strong>Huc</strong></span> <span class='ocrx_word' id='word_1_200' title='bbox 371 3208 453 3268; x_wconf 89' lang='lat' dir='ltr'><strong>uenit</strong></span> <span class='ocrx_word' id='word_1_201' title='bbox 474 3208 585 3269; x_wconf 86' lang='lat' dir='ltr'><strong>insanis</strong></span> <span class='ocrx_word' id='word_1_202' title='bbox 607 3215 710 3267; x_wconf 85' lang='lat' dir='ltr'><strong>natum</strong></span> <span class='ocrx_word' id='word_1_203' title='bbox 732 3205 884 3284; x_wconf 86' lang='lat' dir='ltr'><strong>complexa</strong></span> <span class='ocrx_word' id='word_1_204' title='bbox 904 3205 1044 3286; x_wconf 72' lang='lat' dir='ltr'><strong>boeriis,</strong></span> 
     </span>
     <span class='ocr_line' id='line_1_33' title="bbox 327 3292 986 3373; baseline -0.002 -18"><span class='ocrx_word' id='word_1_205' title='bbox 327 3294 366 3357; x_wconf 83' lang='lat' dir='ltr'><strong>Et</strong></span> <span class='ocrx_word' id='word_1_206' title='bbox 387 3312 490 3356; x_wconf 83' lang='lat' dir='ltr'><strong>secum</strong></span> <span class='ocrx_word' id='word_1_207' title='bbox 512 3313 529 3355; x_wconf 93' lang='lat' dir='ltr'><strong>e</strong></span> <span class='ocrx_word' id='word_1_208' title='bbox 552 3293 631 3356; x_wconf 86' lang='lat' dir='ltr'><strong>celso</strong></span> <span class='ocrx_word' id='word_1_209' title='bbox 653 3294 745 3356; x_wconf 87' lang='lat' dir='ltr'><strong>mittit</strong></span> <span class='ocrx_word' id='word_1_210' title='bbox 765 3294 797 3354; x_wconf 91' lang='lat' dir='ltr'><strong>in</strong></span> <span class='ocrx_word' id='word_1_211' title='bbox 819 3292 878 3354; x_wconf 83' lang='lat' dir='ltr'><strong>ulta</strong></span> <span class='ocrx_word' id='word_1_212' title='bbox 898 3296 986 3373; x_wconf 77' lang='lat' dir='ltr'><strong>iugo.</strong></span> 
     </span>
     <span class='ocr_line' id='line_1_34' title="bbox 283 3379 1039 3462; baseline 0 -21"><span class='ocrx_word' id='word_1_213' title='bbox 283 3379 400 3462; x_wconf 84' lang='lat' dir='ltr'><strong>Excipit</strong></span> <span class='ocrx_word' id='word_1_214' title='bbox 421 3382 538 3443; x_wconf 89' lang='lat' dir='ltr'><strong>illaesos</strong></span> <span class='ocrx_word' id='word_1_215' title='bbox 559 3381 679 3461; x_wconf 88' lang='lat' dir='ltr'><strong>Panope</strong></span> <span class='ocrx_word' id='word_1_216' title='bbox 701 3388 880 3460; x_wconf 86' lang='lat' dir='ltr'><strong>centumque</strong></span> <span class='ocrx_word' id='word_1_217' title='bbox 903 3398 1039 3454; x_wconf 75' lang='lat' dir='ltr'><strong>sorores,</strong></span> 
     </span>
    </p>
   </div>
   <div class='ocr_carea' id='block_1_7' title="bbox 217 3468 1163 3639">
    <p class='ocr_par' dir='ltr' id='par_1_11' title="bbox 217 3468 1163 3639">
     <span class='ocr_line' id='line_1_35' title="bbox 217 3468 1011 3548; baseline -0.001 -20"><span class='ocrx_word' id='word_1_218' title='bbox 217 3477 269 3528; x_wconf 81' lang='lat' dir='ltr'><strong>uuo</strong></span> <span class='ocrx_word' id='word_1_219' title='bbox 326 3468 365 3528; x_wconf 78' lang='lat' dir='ltr'><strong>ut</strong></span> <span class='ocrx_word' id='word_1_220' title='bbox 386 3469 500 3548; x_wconf 81' lang='lat' dir='ltr'><strong>placido</strong></span> <span class='ocrx_word' id='word_1_221' title='bbox 522 3469 607 3548; x_wconf 83' lang='lat' dir='ltr'><strong>lapsu</strong></span> <span class='ocrx_word' id='word_1_222' title='bbox 628 3487 684 3548; x_wconf 89' lang='lat' dir='ltr'><strong>per</strong></span> <span class='ocrx_word' id='word_1_223' title='bbox 706 3486 760 3530; x_wconf 88' lang='lat' dir='ltr'><strong>sua</strong></span> <span class='ocrx_word' id='word_1_224' title='bbox 781 3487 873 3548; x_wconf 76' lang='lat' dir='ltr'><strong>regna</strong></span> <span class='ocrx_word' id='word_1_225' title='bbox 894 3469 1011 3530; x_wconf 85' lang='lat' dir='ltr'><strong>lerunt.</strong></span> 
     </span>
     <span class='ocr_line' id='line_1_36' title="bbox 281 3551 1163 3639; baseline 0.007 -27"><span class='ocrx_word' id='word_1_226' title='bbox 281 3551 419 3614; x_wconf 87' lang='lat' dir='ltr'><strong>Nondum</strong></span> <span class='ocrx_word' id='word_1_227' title='bbox 441 3553 609 3616; x_wconf 82' lang='lat' dir='ltr'><strong>Leucothea</strong></span> <span class='ocrx_word' id='word_1_228' title='bbox 620 3601 631 3634; x_wconf 86' lang='lat'><em>,</em></span> <span class='ocrx_word' id='word_1_229' title='bbox 655 3555 886 3634; x_wconf 84' lang='lat' dir='ltr'><strong>nondumpuar</strong></span> <span class='ocrx_word' id='word_1_230' title='bbox 905 3555 957 3616; x_wconf 89' lang='lat' dir='ltr'><strong>ille</strong></span> <span class='ocrx_word' id='word_1_231' title='bbox 976 3554 1163 3639; x_wconf 70' lang='lat' dir='ltr'><strong>uuam,</strong></span> 
     </span>
    </p>
   </div>
   <div class='ocr_carea' id='block_1_8' title="bbox 0 0 1238 4042">
    <p class='ocr_par' dir='ltr' id='par_1_12' title="bbox 0 0 1238 4042">
     <span class='ocr_line' id='line_1_37' title="bbox 0 0 1238 4042; baseline 0 0"><span class='ocrx_word' id='word_1_232' title='bbox 0 0 1238 4042; x_wconf 95' lang='lat' dir='ltr'><strong> </strong></span> 
     </span>
    </p>
   </div>
  </div>
 </body>
</html>
