2467 4042
415 234 455 305 ll,
475 228 674 305 584-659.
994 232 1054 295 205

151 387 282 461 Tegula,
306 385 365 445 sed
380 399 513 460 quercus
527 390 607 444 tecta
622 381 784 457 cibumque
800 382 902 457 dabat,

105 472 141 530 ln
158 484 286 530 nemore
300 476 395 543 atque
405 468 517 542 antris,
533 483 594 528 non
606 465 665 527 sub
676 466 764 538 Iove,
781 466 884 528 iuncta
896 469 1038 543 voluptas

148 554 246 614 Tanta
260 554 330 613 rudi
344 547 463 627 po'pulo
478 567 552 612 cura
568 550 697 627 pudoris
712 556 787 609 erat

34 649 90 702 ors
102 639 147 698 At
162 653 247 699 nunc
261 635 420 698 nocturnis
435 636 539 697 titulos
554 634 731 711 inponimus
745 635 831 707 actis,

146 724 252 795 Atque
266 722 379 780 emitur
392 736 505 795 magno
519 719 576 792 nil,
601 718 660 778 ulsi
675 733 771 793 posse
785 718 886 792 loqui!

102 806 233 866 Scilicet
246 804 386 865 excuties
403 803 502 866 omnis
517 802 703 877 ubicumque
718 802 845 876 puellas,

144 888 279 950 Cuilibet
294 895 329 948 ut
344 888 432 947 dicas
448 886 537 947 ‘haec
553 901 679 961 quoque
693 892 800 945 nostra
813 885 900 946 luit't

101 974 146 1033 Ne
161 973 282 1045 desint,
308 987 388 1047 quas
403 978 436 1031 tu
450 970 552 1045 digitis
569 970 734 1031 ostendere
749 970 863 1045 possis,

36 1067 87 1118 ooo
140 1057 186 1117 Ut
203 1072 358 1132 quamque
375 1055 535 1130 aurigeris,
559 1055 662 1115 lebula
677 1054 774 1128 turpis
789 1053 866 1113 erit?

99 1141 203 1200 Parva
218 1155 342 1216 queror.
363 1139 635 1214 finguntquidam,
659 1153 738 1211 quae
752 1153 826 1198 vera
842 1147 996 1212 negarent,

143 1226 184 1284 Et
199 1224 273 1285 nulli
287 1239 349 1283 non
366 1238 401 1284 se
414 1221 622 1283 concubuisse
637 1221 746 1281 lerunt.

99 1309 246 1383 corporo
266 1307 293 1368 si
315 1314 485 1381 nequeunt,
509 1322 588 1381 quae
604 1311 750 1380 possunt,
774 1306 897 1366 nomina
912 1314 1044 1378 uariant

139 1393 308 1465 Famaque
322 1406 384 1450 non
400 1396 481 1451 tacto
495 1404 627 1465 corpore
642 1387 755 1449 crimen
771 1388 871 1450 babet.

38 1478 109 1538 ⁶³51
125 1491 229 1548 nunc,
251 1475 364 1539 claude
379 1475 479 1549 iores,
501 1482 607 1535 custos
623 1472 734 1533 odiose
749 1473 877 1549 puellae,

140 1560 181 1620 Et
199 1565 322 1621 centum
337 1557 422 1619 duris
438 1557 579 1634 postibus
595 1557 677 1618 obde
692 1565 794 1617 seras!

98 1644 180 1717 Quid
195 1643 253 1703 tuti
268 1647 425 1718 superest,
447 1658 516 1703 cunr
530 1640 663 1704 nominis
678 1647 761 1702 extet
774 1641 902 1716 adulter,
969 1669 971 1672 ·

141 1729 180 1789 Et
197 1726 284 1786 credi
299 1726 382 1802 quod
398 1742 460 1788 nou
477 1725 603 1800 contigit
618 1740 706 1799 esse,
728 1725 831 1800 cupita

97 1813 162 1872 Nos
178 1810 276 1871 etiam
290 1824 382 1870 veros
398 1824 492 1885 parce
506 1810 686 1885 profitemur
699 1825 830 1881 amores,

39 1905 86 1959 oto
136 1896 298 1969 Tectaque
315 1900 386 1954 sunt
398 1894 501 1955 solida
514 1893 647 1973 mystica
660 1894 739 1954 lurra
753 1893 824 1953 lide.

97 1979 221 2040 Parcite
234 1977 402 2053 praecipue
417 1976 489 2037 vitia
504 1977 694 2053 exprobrare
710 1977 828 2052 puellis,

139 2063 226 2125 Utile
241 2077 322 2136 quae
335 2062 436 2122 multis
450 2061 664 2122 dissimulasse
679 2061 741 2121 luit.

99 2148 160 2208 Nec
175 2161 255 2207 suus
270 2146 487 2208 Andromedae
501 2146 588 2208 color
603 2153 652 2206 est
666 2144 804 2206 obiectus
821 2146 859 2206 ab
877 2147 938 2218 itio,

139 2230 268 2291 Mobilis
284 2229 314 2289 in
330 2230 451 2304 gemino
466 2228 516 2289 cui
529 2229 611 2305 pede
626 2229 720 2304 pinna
733 2228 798 2289 luit.

42 2325 86 2377 tto
98 2314 248 2376 Omnibus
263 2312 480 2374 Andromache
495 2312 562 2374 visa
576 2318 626 2374 est
641 2313 808 2388 spatiosior
821 2328 937 2386 aequo:

138 2399 246 2472 Unus,
271 2397 324 2471 qui
338 2396 491 2458 modicam
506 2396 635 2469 diceret,
656 2397 769 2456 Hector
782 2403 856 2458 erat.

98 2483 188 2557 Quod
204 2482 285 2542 male
298 2481 377 2552 lers,
401 2481 567 2553 adsuesce,
589 2482 670 2541 teres
686 2481 773 2540 bene.
796 2482 888 2541 multo
906 2488 1039 2543 vetustas

138 2566 238 2626 Lenit
262 2572 292 2625 et
309 2564 578 2639 incipiens-omnia
592 2564 686 2625 sentit
697 2580 792 2624 arnor.

99 2653 175 2711 bum
192 2665 293 2710 novus
311 2648 342 2708 in
357 2648 446 2709 viridi
465 2649 612 2709 coalescit
628 2648 741 2709 cortice
754 2664 867 2719 ramus,

43 2743 88 2795 too
137 2732 299 2795 Concutiat
315 2739 452 2793 tenerum
468 2731 623 2807 quaelibet
639 2733 728 2806 aura,
750 2732 853 2794 cadet:

99 2818 169 2878 llox
186 2818 298 2877 eadem
316 2817 429 2891 ventis,
452 2816 553 2891 spatio
568 2817 691 2889 durato,
714 2817 845 2888 resistet,

138 2902 304 2977 firmaque
320 2899 483 2976 adoptivas
498 2899 590 2962 arbor
602 2900 727 2961 habebit
742 2916 819 2975 opes

99 2986 209 3046 Eximit
222 2985 293 3060 ipsa
309 2984 378 3043 dies
393 2985 492 3044 omnis
508 2999 527 3045 e
542 3000 673 3060 corpore
690 2984 826 3054 mendae,

139 3070 292 3143 Quodque
310 3068 365 3128 luit
380 3067 498 3139 vitium,
523 3068 635 3128 desinit
648 3084 719 3129 esse
733 3083 829 3128 mora.

46 3151 185 3214 &Ferre
200 3167 305 3212 novae
318 3167 410 3212 nares
426 3160 579 3212 taurorum
594 3159 680 3227 tergo
695 3159 853 3213 recusant:

138 3236 282 3298 Adsiduo
302 3235 433 3296 domitas
449 3242 587 3311 tempore
602 3236 677 3296 tollit
691 3236 778 3297 odor.

99 3319 276 3381 dominibus
291 3318 409 3380 mollire
424 3319 496 3380 licet
509 3320 598 3379 rnatu.
631 3320 731 3380 Fusco
749 3324 883 3391 vocetur,

139 3403 257 3479 Μετίου
272 3403 395 3479 Illyrica
410 3404 458 3465 cui
475 3405 546 3479 pice
560 3404 686 3478 sanguis
703 3404 773 3464 erit:
808 3432 810 3435 >

99 3486 132 3547 Si
143 3504 250 3549 crassa
266 3494 328 3560 est,
351 3488 482 3548 Veneris
499 3487 615 3550 similis.
639 3488 665 3548 si
680 3495 783 3560 torva,
802 3486 967 3547 Minervae.
