2467 4042
147 262 204 324 tlt
514 261 789 329 EPISTULAE.

229 414 341 476 Oscula
356 415 551 489 congerimus
568 423 731 491 properata
744 415 812 475 sine
827 415 934 474 ordine
949 416 1069 497 raptim,

268 499 306 560 Et
323 499 477 575 querimur
494 514 606 574 parvas
623 499 763 561 noctibus
780 514 852 560 esse
867 514 981 559 moras.

168 595 214 646 115
226 589 328 659 Atque
342 583 383 644 ita
398 590 570 654 cunctatus,
590 582 707 643 monitu
721 582 847 644 nutricis
863 599 967 642 amaro

268 665 391 742 Frigida
409 667 532 728 deserta
549 666 638 728 litora
653 675 736 728 tune
750 674 832 743 peto.

226 751 419 828 Digredimur
436 749 560 823 tientes,
584 757 755 826 repetoque
771 767 831 826 ego
848 749 972 824 virginis
988 768 1119 829 aequor,

269 834 451 910 Respiciens
468 834 638 907 dominam,
662 834 733 894 dum
747 835 831 912 licet,
848 851 950 910 usque
965 851 1076 897 meam.

228 920 324 995 Siqua
340 918 419 979 tides
437 934 510 977 vero
528 925 590 993 est,
613 917 739 979 veniens
757 918 817 980 huc
831 933 903 978 esse
917 926 1047 994 natator,

166 1016 215 1067 120
268 1003 341 1064 Cum
354 1003 464 1075 redeo,
489 1001 597 1063 videor
610 1004 778 1079 naufragus
794 1018 866 1064 esse
881 1001 963 1062 milri.

226 1090 292 1150 lloc
311 1102 437 1162 quoque
452 1084 479 1146 si
495 1086 610 1161 credis,
632 1087 672 1146 ad
687 1093 716 1146 te
733 1088 781 1147 via
795 1086 1038 1163 propendetur,

269 1172 297 1232 Α
314 1180 344 1232 te
359 1188 428 1231 curn
445 1171 556 1243 redeo,
580 1171 677 1249 clivus
696 1170 801 1233 inertis
816 1187 925 1248 aquae.

227 1255 341 1318 invitus
355 1263 463 1338 repeto
477 1253 615 1330 patriam.
639 1255 707 1330 quis
722 1255 850 1316 credere
862 1253 984 1330 possiti

266 1341 383 1400 Invitus
399 1347 482 1399 certe
496 1354 578 1400 nnnc
592 1354 696 1399 moror
711 1339 787 1400 urbe
802 1354 879 1401 meo.

165 1435 213 1487 125
224 1426 259 1485 Ei
275 1422 362 1498 milri,
385 1439 440 1484 our
454 1421 563 1489 animis
580 1423 673 1484 iuncti
686 1423 875 1484 secernimur
890 1423 989 1497 undis,
1059 1486 1063 1491 ,

268 1509 399 1583 Unaque
412 1523 515 1581 mens,
538 1509 628 1568 tellus
643 1524 704 1569 non
719 1507 811 1569 habet
826 1524 886 1568 una
899 1508 1001 1568 duost

226 1593 284 1654 Vel
299 1600 351 1652 tua
365 1607 413 1651 me
429 1590 554 1666 Sestos,
577 1593 626 1651 vel
643 1598 672 1651 te
686 1608 756 1653 mea
769 1599 869 1653 sumat
881 1591 1030 1668 Abydos:

266 1677 339 1738 Tam
355 1684 406 1736 tua
421 1683 501 1736 terra
520 1675 606 1750 milri,
630 1692 721 1752 quarn
738 1675 790 1737 tibi
806 1682 911 1737 nostra
926 1677 1037 1751 piacet.

226 1762 285 1822 Cur
299 1777 356 1836 ego
373 1759 560 1834 confundor,
582 1760 724 1836 quotiens
740 1759 936 1821 contunditur
949 1768 1088 1835 aequor?

166 1855 213 1908 130
267 1846 325 1906 Cur
339 1844 412 1905 mihi
426 1860 521 1905 causa
536 1842 628 1919 levis,
653 1852 761 1906 ventus
777 1845 890 1906 obesse
905 1851 1029 1919 potestr

224 1931 286 1990 lom
303 1937 426 1990 nostros
442 1928 527 1989 curvi
544 1938 655 1990 norunt
670 1928 831 2005 delphines
846 1942 975 2001 autores,

267 2014 406 2090 ignotum
423 2028 479 2073 nec
494 2027 543 2074 me
556 2012 695 2089 piscibus
710 2028 786 2074 esse
800 2028 879 2073 reor.

224 2099 286 2158 lom
304 2104 388 2173 patet
402 2097 521 2158 attritus
536 2097 695 2158 solitarum
709 2097 797 2158 limes
812 2112 968 2172 aquarum,
999 2098 1001 2101 ’

266 2183 332 2242 Non
348 2182 448 2254 aliter,
470 2183 563 2242 multa
579 2198 671 2258 quam
688 2180 737 2241 via
751 2196 862 2257 pressa
875 2189 952 2241 rota.

162 2275 210 2327 135
222 2266 309 2340 Quod
325 2265 396 2325 milri
414 2281 474 2325 non
490 2272 575 2326 esset
589 2264 649 2326 nisi
667 2264 712 2326 sic
727 2264 798 2341 iter,
820 2273 890 2327 anto
905 2263 1065 2340 querebar.

265 2353 306 2410 At
321 2366 401 2411 nunc
415 2358 596 2425 perventus
614 2350 674 2410 hoc
688 2365 814 2426 quoque
828 2350 941 2411 deesse
956 2365 1078 2423 queror.

223 2433 378 2494 Fluctibus
393 2433 565 2495 immodicis
579 2432 814 2496 Athamantidos
830 2448 966 2510 aequora
984 2446 1103 2509 canent,

265 2518 390 2592 Vixque
405 2526 506 2578 manet
519 2525 609 2594 portu
628 2525 690 2578 luta
705 2518 809 2579 carina
823 2536 891 2579 suo.

223 2603 289 2662 Hoc
305 2619 404 2677 mare,
428 2618 497 2663 curn
511 2603 643 2678 primum
657 2602 697 2663 de
714 2602 831 2678 virgine
847 2604 969 2664 nomina
986 2621 1089 2665 mersa

161 2697 211 2749 lto
265 2686 349 2761 Quae
366 2695 462 2760 tenet,
486 2693 706 2759 soluendum,
727 2688 787 2747 tale
802 2686 899 2749 inisse
914 2695 998 2762 puto.

223 2771 262 2831 Et
276 2771 351 2832 sotis
367 2770 482 2832 amissa
497 2772 584 2832 locus
599 2770 650 2831 hie
667 2770 787 2831 inlamis
802 2772 840 2832 ab
855 2772 941 2832 Helie
958 2781 1013 2846 est,

266 2855 367 2930 thue
383 2855 454 2914 mihi
468 2862 588 2931 porcat,
611 2854 735 2916 nornine
751 2855 863 2917 crimen
879 2855 978 2917 habel.
1021 2915 1023 2918 l

223 2937 350 3000 invideo
366 2938 492 3013 Phrixo,
517 2955 609 3016 quem
625 2955 682 3016 per
696 2941 771 3000 treta
787 2940 883 3001 tristia
898 2947 993 3001 tutum

264 3026 367 3083 Aurea
381 3023 516 3099 lanigero
533 3025 646 3085 vellere
661 3023 743 3084 vexit
757 3025 835 3085 ovis.

161 3117 209 3169 145
221 3107 284 3170 Neo
300 3116 400 3168 lamen
418 3106 551 3168 officium
565 3107 687 3184 pecoris
703 3107 832 3170 navisve
846 3109 979 3184 requiro,

264 3192 452 3265 Dummodo,
476 3209 555 3268 quas
570 3192 684 3253 lindam
701 3208 846 3271 corpore,
869 3193 978 3254 dentur
992 3208 1104 3267 aquae.

223 3277 297 3339 Arte
312 3292 389 3354 egeo
405 3278 496 3338 nulla.
520 3277 573 3339 dat
586 3277 679 3339 modo
695 3278 786 3354 eopia
801 3278 903 3352 nandi,

266 3361 349 3421 ldem
363 3361 533 3438 navigium,
554 3361 672 3436 navita,
696 3370 802 3424 vector
817 3380 880 3424 ero.

223 3445 285 3505 Nec
299 3462 414 3521 sequor
426 3452 477 3506 out
487 3446 629 3520 Helicen,
648 3454 713 3520 aut,
734 3464 795 3523 qua
805 3447 903 3526 Tyros
916 3448 1014 3522 utitur,
1031 3450 1148 3509 Arcton

163 3540 212 3590 loll
264 3530 388 3590 Publica
401 3545 463 3590 non
480 3539 564 3591 curat
579 3531 683 3594 sidera
696 3538 803 3593 noster
819 3548 913 3592 omor.
