2467 4042
229 212 292 279 218
635 210 828 264 onerosum

318 378 395 440 'ium
418 377 492 439 deus
514 375 690 438 incumbens
712 374 840 455 baccdo,
859 394 948 456 quem
970 377 1084 439 dextra
1106 374 1197 458 gude

363 462 485 528 ‘Omine
507 459 680 545 principiis'
703 465 802 543 inquit
823 460 937 525 ‘inesse
960 465 1085 527 solent.

317 554 361 616 dd
384 556 510 634 primam
532 571 635 615 vocem
658 552 775 614 timidas
798 553 950 614 adsertitis
973 572 1090 636 aures,

253 656 304 707 180
362 643 401 704 Et
423 644 514 703 visam
537 643 668 722 primum
690 640 820 703 consulit
842 660 936 721 augur
958 659 1066 704 avem.

318 730 439 811 Templa
461 739 563 811 patent
585 747 733 809 auresque
756 730 866 810 deum,
889 748 946 792 nec
968 729 1078 810 lingua
1100 728 1197 791 caduce

363 818 499 898 Concipit
521 818 579 880 uile
602 836 730 897 preces,
753 818 890 898 dictaque
912 818 1034 897 pondus
1060 810 1186 879 habent?

321 908 455 969 Desierat
476 907 582 968 lanus.
624 924 680 968 neo
703 906 790 985 longa
812 907 926 968 silentia
950 908 1029 990 ieci,

364 995 421 1057 Sed
445 997 530 1075 tetigi
551 993 651 1056 verbis
674 994 777 1056 ultime
800 995 889 1057 verba
910 998 1005 1058 meis:

254 1097 304 1148 185
320 1081 412 1155 ‘Quia
435 1083 497 1145 voit
517 1083 613 1164 palma
637 1083 694 1145 sibi
716 1102 884 1165 rugosaque
906 1079 1021 1145 carica'
1048 1084 1112 1145 dixi

365 1168 420 1233 ‘Et
441 1172 508 1234 data
530 1172 586 1233 sub
610 1174 695 1232 niveo
719 1172 837 1234 condita
859 1172 944 1233 melia
968 1167 1092 1234 cado?

319 1257 446 1323 ‘Omen'
470 1263 511 1323 ait
534 1256 641 1322 ‘causa
662 1269 730 1342 est3
752 1268 787 1321 ut
808 1279 858 1321 res
880 1279 968 1340 sapor
990 1261 1045 1322 ille
1069 1264 1197 1338 sequatur,

363 1349 402 1410 Et
423 1356 545 1429 peragat
568 1356 705 1429 coeptum
729 1348 824 1410 dulcis
847 1357 882 1410 ut
904 1367 1000 1410 annus
1025 1342 1120 1410 iter?

321 1433 439 1498 ‘Dulcia
463 1456 517 1499 cur
540 1437 650 1498 dentur
662 1483 671 1517 ‚
694 1438 800 1499 video.
842 1440 928 1516 stipis
951 1437 1038 1500 adice
1062 1451 1179 1509 causam,

256 1539 306 1589 reo
364 1525 437 1588 Pars
459 1526 533 1587 mihi
555 1525 591 1586 de
614 1526 691 1587 festo
714 1544 752 1587 ne
775 1525 854 1587 labet
875 1525 934 1587 ulla
958 1522 1047 1588 tuo.'

319 1614 417 1690 Risit,
441 1622 472 1676 et
494 1609 527 1673 ‘0
547 1632 634 1694 quam
658 1622 688 1675 te
711 1614 815 1676 fatiunt
838 1622 889 1676 tue
912 1613 1031 1675 saecula
1045 1610 1071 1694 ,³
1094 1611 1158 1673 dixit

365 1699 437 1773 ‘Qui
460 1704 537 1781 stipe
560 1703 619 1763 mei
642 1711 758 1782 sumpta
781 1702 897 1764 dulcius
921 1720 986 1763 esse
1010 1699 1117 1781 putas!

319 1790 373 1851 Vix
396 1809 451 1870 ego
475 1790 603 1852 Saturno
628 1808 807 1871 quemquam
829 1800 971 1871 regnante
994 1789 1143 1866 videbam,

366 1877 458 1940 Cuius
480 1897 540 1940 non
564 1882 661 1940 animo
684 1878 782 1941 dulcia
804 1879 887 1940 lucra
910 1880 1027 1940 forent.

255 1981 305 2030 leo
320 1967 465 2047 Tempore
490 1970 583 2028 crevit
606 1985 711 2049 amor,
735 1968 787 2047 qui
808 1985 888 2029 nunc
912 1974 959 2027 est
980 1982 1131 2044 summus,

866 2055 1008 2117 habendi.

363 2144 418 2206 Vix
440 2143 518 2205 ultra
530 2191 540 2226 ‚
563 2162 622 2224 quo
645 2146 704 2204 iem
725 2143 954 2224 progrediatur,
977 2143 1086 2205 hebet.
1175 2219 1179 2231 α

320 2231 417 2294 Pluris
440 2251 513 2313 opes
532 2251 611 2293 neruo
636 2239 728 2313 sunt,
751 2250 839 2311 wem
856 2234 949 2312 prisci
971 2232 1115 2313 temporis
1134 2233 1195 2288 euni,

364 2321 441 2383 Dum
462 2321 590 2401 popuius
613 2338 748 2401 pauper,
772 2319 842 2381 dum
864 2339 939 2381 nova
960 2319 1056 2382 Rome
1080 2318 1145 2379 suit:

320 2409 396 2472 Dum
419 2428 488 2471 cesa
508 2408 700 2489 Martigenam
724 2409 859 2488 capiebat
880 2426 969 2489 parva
993 2407 1156 2480 Quirinum,

255 2509 307 2560 too
365 2498 404 2560 Et
426 2498 514 2560 dabat
536 2501 676 2578 exiguum
697 2497 829 2558 ssuminis
852 2497 918 2558 ulva
941 2505 1068 2560 torum:

320 2587 455 2667 luppiter
477 2595 600 2665 angusta
623 2589 672 2648 vix
694 2593 775 2647 totus
799 2584 894 2646 stabat
916 2588 948 2646 in
970 2585 1063 2667 aede,

366 2676 459 2755 Inque
482 2675 559 2736 lovis
581 2675 685 2735 dextre
707 2673 797 2735 fictile
820 2673 931 2734 iuimen
955 2682 1037 2735 erat.

322 2763 491 2825 Frondibus
513 2762 659 2823 ornabant
670 2810 680 2843 ,
703 2780 778 2841 quae
801 2780 881 2823 nunc
904 2761 1049 2840 Capitolia
1070 2752 1178 2841 gennis

365 2850 567 2930 Pascehatque
590 2868 660 2912 suas
682 2852 746 2930 ipse
770 2857 890 2911 senator
913 2868 1000 2911 ores:

257 2952 309 3002 205
323 2939 385 3003 Nec
407 2939 526 3020 pudor,
548 2942 579 3000 in
602 2938 711 3018 stipula
733 2937 877 3018 placidam
900 2940 1015 3018 cepisse
1039 2939 1154 3019 quietem

366 3027 406 3091 Et
428 3029 546 3089 faenum
569 3030 660 3107 capiti
682 3029 874 3108 supposuisse
897 3028 971 3089 fuit.

323 3117 391 3179 lura
414 3116 502 3178 debat
523 3116 642 3196 populis
664 3118 761 3197 posito
785 3114 871 3177 modo
894 3124 1014 3194 praetor
1038 3123 1142 3189 macro,

367 3206 406 3268 Et
427 3205 501 3266 levis
523 3208 639 3283 argenti
660 3205 796 3266 lammina
821 3206 933 3265 crimen
957 3211 1038 3266 erat.

323 3295 362 3357 At
383 3302 540 3375 postquam
563 3294 682 3354 fortuna
704 3293 761 3353 loci
785 3301 874 3372 caput
896 3291 1002 3354 extulit
1023 3292 1124 3369 huius,

258 3395 310 3444 210
368 3382 407 3445 Et
429 3384 526 3462 tetigit
549 3400 664 3443 summo
689 3384 797 3442 vertice
821 3380 912 3442 Roma
936 3380 1025 3460 deos,

325 3470 490 3532 Creverunt
512 3477 543 3531 et
565 3488 637 3548 opes
661 3477 692 3530 et
714 3488 804 3550 opum
827 3469 939 3531 furiosa
961 3469 1088 3550 cupido,

369 3557 428 3636 Et,
452 3575 520 3617 cum
543 3557 715 3635 possideant
737 3557 864 3636 piurima
876 3604 886 3639 ,
909 3557 994 3637 plura
1016 3560 1131 3637 petunt.
