2467 4042
1222 249 1627 310 AMORUM

654 404 743 463 Tu
774 404 942 478 mihi,
991 403 1170 478 siqua
1204 402 1396 474 fides,
1446 417 1592 462 cura
1624 405 1910 478 perennis
1953 404 2096 465 eris,

568 488 793 548 Tecum
829 503 987 565 quos
1029 487 1311 546 dederint
1343 502 1538 548 annos
1573 487 1718 546 mihi
1750 488 1855 548 fila
1883 505 2200 564 sororum,

655 573 884 631 Vivere
918 572 1259 646 contingat,
1305 576 1490 645 teque
1523 570 1770 633 dolente
1798 573 1974 632 mori.

569 655 652 716 Te
682 655 827 715 mihi
856 657 1166 716 materiem
1198 655 1436 714 felicem
1466 655 1529 713 in
1565 655 1834 716 carmina
1864 657 2094 732 praebe

487 749 553 799 20
657 739 1029 801 Provenient
1059 755 1249 800 causa
1282 737 1550 798 carmina
1579 740 1767 814 digna
1799 757 1931 801 sua.

575 824 853 884 Carmine
886 839 1109 885 nomen
1137 822 1367 882 habent
1406 824 1691 884 exterrita
1722 825 2008 884 cornibus
2038 825 2106 886 Io

654 908 730 968 Et
764 926 945 986 quam
978 907 1271 969 fluminea
1308 907 1454 966 lusit
1484 906 1723 968 adulter
1752 925 1898 981 ave,

574 993 868 1068 Quaeque
897 1009 1086 1068 super
1114 996 1369 1067 pontum
1400 991 1682 1054 simulato
1716 1000 1895 1053 vecta
1922 993 2187 1054 iuvenco

660 1077 953 1152 Virginea
980 1077 1172 1137 tenuit
1207 1090 1439 1134 cornua
1466 1090 1619 1134 vara
1654 1093 1857 1138 manu.

486 1169 552 1222 25
574 1161 703 1220 Nos
741 1176 987 1236 quoque
1020 1175 1133 1235 per
1161 1166 1351 1220 toturn
1386 1159 1613 1234 pariter
1648 1161 2025 1223 cantabimur
2054 1162 2301 1236 orbem,

656 1246 993 1319 Iunctaque
1033 1260 1280 1319 semper
1310 1250 1483 1302 erunt
1520 1245 1769 1304 nomina
1800 1253 2012 1307 nostra
2046 1247 2188 1307 tuis.

454 1460 508 1551 4
568 1455 693 1551 Vir
723 1497 864 1550 tuus
897 1500 991 1551 est
1026 1493 1241 1567 epulas
1271 1493 1451 1552 nobis
1485 1491 1767 1552 aditurus
1801 1490 2072 1550 easdem.

655 1575 879 1636 Ultima
923 1591 1120 1636 coena
1156 1583 1261 1637 tuo
1295 1576 1401 1651 sit,
1434 1591 1684 1651 precor,
1726 1574 1831 1635 illa
1864 1574 2017 1636 viro.

570 1661 733 1734 Ergo
768 1674 884 1734 ego
919 1659 1202 1719 dilectam
1230 1666 1461 1721 tantum
1492 1659 1762 1721 conviva
1792 1660 2057 1734 puellam

557 1788 562 1793 -
654 1743 1017 1820 Aspiciam?
1055 1743 1219 1819 tangi
1254 1760 1437 1818 quem
1465 1744 1662 1818 iuvet,
1707 1744 1860 1803 alter
1892 1743 2046 1803 erit?

514 1839 547 1892 5
572 1828 968 1904 Alteriusque
999 1828 1172 1889 sinus
1210 1835 1353 1904 apte
1388 1827 1665 1888 subiecta
1695 1826 1983 1888 fovebis?

654 1913 869 1974 Iniciet
898 1913 1059 1974 collo
1094 1928 1233 1973 cum
1260 1914 1428 1973 volet
1456 1914 1557 1971 ille
1587 1917 1873 1970 manum?

569 1997 801 2057 Desine
829 1996 1061 2071 mirari,
1104 1997 1309 2072 posito
1342 1997 1510 2070 quod
1548 1994 1811 2055 candida
1842 1995 1986 2053 vino

655 2079 900 2140 Atracis
935 2080 1259 2155 ambiguos
1287 2081 1473 2140 traxit
1499 2080 1561 2139 in
1591 2096 1760 2138 arma
1788 2079 1980 2138 viros.
2137 2079 2448 2156 [haerentz

571 2165 695 2223 Nec
737 2164 883 2223 mihi
943 2165 1101 2224 silva
1156 2164 1408 2238 domus,
1464 2165 1585 2224 nec‘
1640 2178 1801 2239 equo
1844 2179 1983 2222 mea
2025 2164 2309 2227 membra
2355 2183 2448 2228 co*

489 2260 554 2311 10
661 2248 784 2307 Vix
816 2265 853 2307 a
880 2255 940 2308 te
976 2247 1192 2307 videor
1225 2264 1419 2324 posse
1447 2256 1657 2308 tenere
1683 2263 1920 2307 manus,

571 2333 738 2408 Quae
767 2331 874 2392 tibi
910 2331 1032 2392 sint
1066 2331 1350 2393 facienda
1384 2341 1581 2392 tamen
1603 2378 1619 2407 ,
1668 2347 1996 2406 cognosce.
2066 2348 2184 2392 nec
2216 2337 2392 2396 euris

655 2416 749 2475 Da
776 2432 945 2489 mea,
992 2432 1108 2476 nec
1139 2417 1365 2494 tepidis
1396 2415 1591 2476 verba
1618 2415 1874 2475 ferenda
1906 2415 2086 2476 notis.

570 2503 733 2561 Ante
762 2501 933 2572 veni,
984 2517 1166 2575 quam
1196 2501 1312 2560 vir.
1383 2516 1497 2560 nec
1532 2499 1710 2574 quid,
1753 2501 1809 2564 si
1844 2501 2091 2561 veneris
2123 2509 2307 2580 ante,

655 2583 862 2646 Possit
899 2584 1027 2660 agi,
1070 2584 1277 2646 video.
1346 2584 1462 2645 sed
1486 2590 1689 2643 tamen
1719 2590 1859 2643 ante
1892 2585 2056 2644 veni.

501 2684 557 2732 15
585 2670 726 2730 cum
757 2674 996 2744 premet
1020 2669 1123 2728 ille
1159 2677 1389 2744 torum,
1430 2669 1604 2730 vultu
1637 2684 1845 2728 comes
1876 2668 2016 2745 ipsa
2044 2669 2346 2734 modesto

657 2751 811 2827 Ibis,
856 2758 921 2813 ut
950 2752 1314 2828 accumbaS,
1359 2754 1513 2812 clam
1543 2752 1690 2811 mihi
1721 2759 1906 2827 tange
1935 2753 2179 2828 pedem.

577 2837 671 2895 Me
703 2843 918 2912 specta
947 2844 1259 2912 nutusque
1287 2853 1461 2898 meos
1494 2836 1849 2912 vultumque
1879 2836 2233 2912 loquacem=

659 2920 895 2995 Excipe
926 2922 1184 2982 furtivas
1218 2927 1279 2980 et
1311 2921 1473 2981 refer
1505 2920 1644 2995 ipsa
1687 2927 1889 2980 notas.

573 3006 780 3064 Verba
809 3005 1153 3081 superciliis
1191 3005 1326 3064 sine
1358 3019 1515 3064 voce
1544 3004 1858 3080 loquentia
1889 3003 2119 3064 dicam:

493 3104 557 3148 :w
659 3089 868 3148 Verba
899 3091 1069 3164 leges
1101 3087 1338 3164 digitis,
1384 3087 1578 3149 verba
1610 3096 1817 3149 notata
1853 3103 2044 3148 mero.

577 3173 723 3233 Cum
754 3171 859 3233 tibi
893 3182 1211 3234 succurret
1242 3173 1492 3233 veneris
1521 3173 1779 3233 lascivia
1806 3179 2078 3247 nostrae,

658 3256 1006 3332 Purpureas
1038 3267 1251 3319 tenero
1289 3256 1513 3333 pollice
1544 3264 1730 3332 tange
1759 3273 1971 3332 genas,

577 3340 794 3414 Siquid
837 3343 979 3424 erit,
1022 3342 1224 3402 deme
1261 3342 1441 3402 tacita
1475 3341 1874 3417 quodmente
1904 3341 2215 3418 loquariS,

655 3425 927 3487 Pendeat
961 3435 1232 3487 extrema
1265 3426 1465 3489 mollis
1498 3427 1575 3485 ab
1606 3442 1753 3486 aure
1786 3442 2020 3502 manus.

493 3520 557 3568 ἐξ)
581 3510 724 3570 Cum
752 3510 860 3570 tibi
891 3527 1048 3586 quae
1094 3511 1342 3584 faciam,
1390 3527 1523 3570 mea
1555 3512 1689 3585 luX‚
1737 3510 2042 3583 dicamve‚
2088 3510 2449 3585 placebunt
