<?xml version="1.0" encoding="UTF-8"?>
<!DOCTYPE html PUBLIC "-//W3C//DTD XHTML 1.0 Transitional//EN"
    "http://www.w3.org/TR/xhtml1/DTD/xhtml1-transitional.dtd">
<html xmlns="http://www.w3.org/1999/xhtml" xml:lang="en" lang="en">
 <head>
  <title>
</title>
<meta http-equiv="Content-Type" content="text/html;charset=utf-8" />
  <meta name='ocr-system' content='tesseract 3.04.00' />
  <meta name='ocr-capabilities' content='ocr_page ocr_carea ocr_par ocr_line ocrx_word'/>
</head>
<body>
  <div class='ocr_page' id='page_1' title='image "./povidiusnaso00ehwagoog_0460.png"; bbox 0 0 2467 4042; ppageno 0'>
   <div class='ocr_carea' id='block_1_1' title="bbox 165 204 756 284">
    <p class='ocr_par' dir='ltr' id='par_1_1' title="bbox 165 204 756 284">
     <span class='ocr_line' id='line_1_1' title="bbox 165 204 756 284; baseline 0.003 -25"><span class='ocrx_word' id='word_1_1' title='bbox 165 204 209 270; x_wconf 82' lang='grc'><strong>4-8</strong></span> <span class='ocrx_word' id='word_1_2' title='bbox 337 224 439 260; x_wconf 75' lang='lat' dir='ltr'><strong>canum</strong></span> <span class='ocrx_word' id='word_1_3' title='bbox 575 204 756 284; x_wconf 68' lang='lat' dir='ltr'><strong>METAMM.</strong></span> 
     </span>
    </p>
   </div>
   <div class='ocr_carea' id='block_1_2' title="bbox 149 370 1176 3630">
    <p class='ocr_par' dir='ltr' id='par_1_2' title="bbox 253 370 1052 454">
     <span class='ocr_line' id='line_1_2' title="bbox 253 370 1052 454; baseline 0 -21"><span class='ocrx_word' id='word_1_4' title='bbox 253 371 304 433; x_wconf 86' lang='lat' dir='ltr'><strong>Ille</strong></span> <span class='ocrx_word' id='word_1_5' title='bbox 328 370 429 432; x_wconf 90' lang='lat' dir='ltr'><strong>dolore</strong></span> <span class='ocrx_word' id='word_1_6' title='bbox 453 372 537 432; x_wconf 79' lang='lat' dir='ltr'><strong>ferox</strong></span> <span class='ocrx_word' id='word_1_7' title='bbox 562 379 650 450; x_wconf 89' lang='lat' dir='ltr'><strong>caput</strong></span> <span class='ocrx_word' id='word_1_8' title='bbox 673 373 705 432; x_wconf 91' lang='lat' dir='ltr'><strong>in</strong></span> <span class='ocrx_word' id='word_1_9' title='bbox 728 390 781 433; x_wconf 88' lang='lat' dir='ltr'><strong>sua</strong></span> <span class='ocrx_word' id='word_1_10' title='bbox 804 380 886 451; x_wconf 85' lang='lat' dir='ltr'><strong>terga</strong></span> <span class='ocrx_word' id='word_1_11' title='bbox 908 375 1052 454; x_wconf 86' lang='lat' dir='ltr'><strong>retorsit,</strong></span> 
     </span>
    </p>

    <p class='ocr_par' dir='ltr' id='par_1_3' title="bbox 207 459 1112 631">
     <span class='ocr_line' id='line_1_3' title="bbox 254 459 1112 544; baseline 0.006 -26"><span class='ocrx_word' id='word_1_12' title='bbox 254 459 440 539; x_wconf 82' lang='lat' dir='ltr'><strong>Vulneraque</strong></span> <span class='ocrx_word' id='word_1_13' title='bbox 464 462 599 540; x_wconf 78' lang='lat' dir='ltr'><strong>aspexit,</strong></span> <span class='ocrx_word' id='word_1_14' title='bbox 622 460 773 538; x_wconf 64' lang='lat' dir='ltr'><strong>mumque</strong></span> <span class='ocrx_word' id='word_1_15' title='bbox 796 460 902 522; x_wconf 84' lang='lat' dir='ltr'><strong>hastile</strong></span> <span class='ocrx_word' id='word_1_16' title='bbox 924 462 1112 544; x_wconf 87' lang='lat' dir='ltr'><strong>momordit,</strong></span> 
     </span>
     <span class='ocr_line' id='line_1_4' title="bbox 207 547 1107 631; baseline 0.002 -22"><span class='ocrx_word' id='word_1_17' title='bbox 207 561 241 609; x_wconf 75' lang='lat' dir='ltr'><strong>to</strong></span> <span class='ocrx_word' id='word_1_18' title='bbox 255 549 347 628; x_wconf 88' lang='lat' dir='ltr'><strong>idque</strong></span> <span class='ocrx_word' id='word_1_19' title='bbox 370 547 422 610; x_wconf 87' lang='lat' dir='ltr'><strong>ubi</strong></span> <span class='ocrx_word' id='word_1_20' title='bbox 445 550 474 608; x_wconf 84' lang='lat' dir='ltr'><strong>ui</strong></span> <span class='ocrx_word' id='word_1_21' title='bbox 495 547 588 610; x_wconf 89' lang='lat' dir='ltr'><strong>multa</strong></span> <span class='ocrx_word' id='word_1_22' title='bbox 610 557 726 627; x_wconf 88' lang='lat' dir='ltr'><strong>partem</strong></span> <span class='ocrx_word' id='word_1_23' title='bbox 748 547 886 610; x_wconf 85' lang='lat' dir='ltr'><strong>tabefecit</strong></span> <span class='ocrx_word' id='word_1_24' title='bbox 907 551 939 609; x_wconf 90' lang='lat' dir='ltr'><strong>in</strong></span> <span class='ocrx_word' id='word_1_25' title='bbox 963 568 1107 631; x_wconf 84' lang='lat' dir='ltr'><strong>omnem,</strong></span> 
     </span>
    </p>

    <p class='ocr_par' dir='ltr' id='par_1_4' title="bbox 253 636 1110 715">
     <span class='ocr_line' id='line_1_5' title="bbox 253 636 1110 715; baseline 0.005 -19"><span class='ocrx_word' id='word_1_26' title='bbox 253 636 308 697; x_wconf 84' lang='lat' dir='ltr'><strong>Vix</strong></span> <span class='ocrx_word' id='word_1_27' title='bbox 330 644 414 715; x_wconf 84' lang='lat' dir='ltr'><strong>tergo</strong></span> <span class='ocrx_word' id='word_1_28' title='bbox 438 638 569 714; x_wconf 87' lang='lat' dir='ltr'><strong>eripuit:</strong></span> <span class='ocrx_word' id='word_1_29' title='bbox 591 637 705 698; x_wconf 85' lang='lat' dir='ltr'><strong>ferrum</strong></span> <span class='ocrx_word' id='word_1_30' title='bbox 727 644 827 698; x_wconf 77' lang='lat' dir='ltr'><strong>tanna</strong></span> <span class='ocrx_word' id='word_1_31' title='bbox 849 637 968 699; x_wconf 91' lang='lat' dir='ltr'><strong>ossibus</strong></span> <span class='ocrx_word' id='word_1_32' title='bbox 990 637 1110 700; x_wconf 79' lang='lat' dir='ltr'><strong>haesit.</strong></span> 
     </span>
    </p>

    <p class='ocr_par' dir='ltr' id='par_1_5' title="bbox 253 724 1015 803">
     <span class='ocr_line' id='line_1_6' title="bbox 253 724 1015 803; baseline 0.001 -17"><span class='ocrx_word' id='word_1_33' title='bbox 253 725 331 786; x_wconf 84' lang='lat' dir='ltr'><strong>Tum</strong></span> <span class='ocrx_word' id='word_1_34' title='bbox 353 742 422 785; x_wconf 84' lang='lat' dir='ltr'><strong>uero</strong></span> <span class='ocrx_word' id='word_1_35' title='bbox 445 733 602 803; x_wconf 88' lang='lat' dir='ltr'><strong>postquam</strong></span> <span class='ocrx_word' id='word_1_36' title='bbox 624 724 726 785; x_wconf 88' lang='lat' dir='ltr'><strong>solitas</strong></span> <span class='ocrx_word' id='word_1_37' title='bbox 748 728 874 787; x_wconf 85' lang='lat' dir='ltr'><strong>accessit</strong></span> <span class='ocrx_word' id='word_1_38' title='bbox 895 726 932 787; x_wconf 87' lang='lat' dir='ltr'><strong>ad</strong></span> <span class='ocrx_word' id='word_1_39' title='bbox 954 729 1015 787; x_wconf 86' lang='lat' dir='ltr'><strong>iras</strong></span> 
     </span>
    </p>

    <p class='ocr_par' dir='ltr' id='par_1_6' title="bbox 255 811 1149 896">
     <span class='ocr_line' id='line_1_7' title="bbox 255 811 1149 896; baseline 0.001 -22"><span class='ocrx_word' id='word_1_40' title='bbox 255 814 350 874; x_wconf 87' lang='lat' dir='ltr'><strong>Causa</strong></span> <span class='ocrx_word' id='word_1_41' title='bbox 373 830 479 873; x_wconf 87' lang='lat' dir='ltr'><strong>recens</strong></span> <span class='ocrx_word' id='word_1_42' title='bbox 491 860 501 894; x_wconf 85' lang='lat'><strong><em>,</em></strong></span> <span class='ocrx_word' id='word_1_43' title='bbox 523 811 619 891; x_wconf 88' lang='lat' dir='ltr'><strong>plenis</strong></span> <span class='ocrx_word' id='word_1_44' title='bbox 642 821 818 874; x_wconf 89' lang='lat' dir='ltr'><strong>tumuerunt</strong></span> <span class='ocrx_word' id='word_1_45' title='bbox 839 822 961 892; x_wconf 87' lang='lat' dir='ltr'><strong>guttura</strong></span> <span class='ocrx_word' id='word_1_46' title='bbox 984 817 1091 896; x_wconf 84' lang='lat' dir='ltr'><strong>venis,</strong></span> <span class='ocrx_word' id='word_1_47' title='bbox 1144 811 1149 817; x_wconf 77' lang='grc'><strong>’</strong></span> 
     </span>
    </p>

    <p class='ocr_par' dir='ltr' id='par_1_7' title="bbox 255 901 1065 982">
     <span class='ocr_line' id='line_1_8' title="bbox 255 901 1065 982; baseline -0.001 -18"><span class='ocrx_word' id='word_1_48' title='bbox 255 901 423 982; x_wconf 89' lang='lat' dir='ltr'><strong>Spumaque</strong></span> <span class='ocrx_word' id='word_1_49' title='bbox 447 902 605 980; x_wconf 76' lang='lat' dir='ltr'><strong>pestiferos</strong></span> <span class='ocrx_word' id='word_1_50' title='bbox 630 901 810 962; x_wconf 83' lang='lat' dir='ltr'><strong>circumfluit</strong></span> <span class='ocrx_word' id='word_1_51' title='bbox 832 901 927 963; x_wconf 79' lang='lat' dir='ltr'>albida</span> <span class='ocrx_word' id='word_1_52' title='bbox 949 905 1065 982; x_wconf 85' lang='lat' dir='ltr'><strong>rietus,</strong></span> 
     </span>
    </p>

    <p class='ocr_par' dir='ltr' id='par_1_8' title="bbox 206 990 1137 1159">
     <span class='ocr_line' id='line_1_9' title="bbox 206 990 1137 1070; baseline 0 -17"><span class='ocrx_word' id='word_1_53' title='bbox 206 1003 240 1053; x_wconf 73' lang='lat'><strong>⁷5</strong></span> <span class='ocrx_word' id='word_1_54' title='bbox 254 991 407 1070; x_wconf 81' lang='lat' dir='ltr'><strong>Terraque</strong></span> <span class='ocrx_word' id='word_1_55' title='bbox 429 1007 497 1050; x_wconf 87' lang='lat' dir='ltr'><strong>rasa</strong></span> <span class='ocrx_word' id='word_1_56' title='bbox 519 997 605 1050; x_wconf 88' lang='lat' dir='ltr'><strong>sonat</strong></span> <span class='ocrx_word' id='word_1_57' title='bbox 626 992 775 1070; x_wconf 73' lang='lat' dir='ltr'><strong>squamiS,</strong></span> <span class='ocrx_word' id='word_1_58' title='bbox 799 992 917 1069; x_wconf 89' lang='lat' dir='ltr'><strong>quique·</strong></span> <span class='ocrx_word' id='word_1_59' title='bbox 932 990 1039 1052; x_wconf 82' lang='lat' dir='ltr'><strong>halitus</strong></span> <span class='ocrx_word' id='word_1_60' title='bbox 1068 993 1137 1053; x_wconf 85' lang='lat' dir='ltr'><strong>exit</strong></span> 
     </span>
     <span class='ocr_line' id='line_1_10' title="bbox 254 1076 948 1159; baseline -0.001 -19"><span class='ocrx_word' id='word_1_61' title='bbox 254 1078 313 1140; x_wconf 88' lang='lat' dir='ltr'><strong>Ore</strong></span> <span class='ocrx_word' id='word_1_62' title='bbox 337 1082 422 1157; x_wconf 81' lang='lat' dir='ltr'><strong>niger</strong></span> <span class='ocrx_word' id='word_1_63' title='bbox 446 1076 565 1159; x_wconf 75' lang='lat' dir='ltr'><strong>Stygio,</strong></span> <span class='ocrx_word' id='word_1_64' title='bbox 588 1079 704 1138; x_wconf 86' lang='lat' dir='ltr'><strong>vitiatas</strong></span> <span class='ocrx_word' id='word_1_65' title='bbox 726 1078 821 1138; x_wconf 81' lang='lat' dir='ltr'><strong>inficit</strong></span> <span class='ocrx_word' id='word_1_66' title='bbox 843 1096 948 1139; x_wconf 90' lang='lat' dir='ltr'><strong>auras.</strong></span> 
     </span>
    </p>

    <p class='ocr_par' dir='ltr' id='par_1_9' title="bbox 253 1166 1103 1422">
     <span class='ocr_line' id='line_1_11' title="bbox 253 1166 1060 1247; baseline 0 -19"><span class='ocrx_word' id='word_1_67' title='bbox 253 1167 320 1247; x_wconf 89' lang='lat' dir='ltr'><strong>Ipse</strong></span> <span class='ocrx_word' id='word_1_68' title='bbox 343 1167 429 1227; x_wconf 91' lang='lat' dir='ltr'><strong>modo</strong></span> <span class='ocrx_word' id='word_1_69' title='bbox 452 1168 621 1226; x_wconf 86' lang='lat' dir='ltr'><strong>inmensum</strong></span> <span class='ocrx_word' id='word_1_70' title='bbox 643 1167 733 1245; x_wconf 84' lang='lat' dir='ltr'><strong>spiris</strong></span> <span class='ocrx_word' id='word_1_71' title='bbox 756 1166 931 1227; x_wconf 74' lang='lat' dir='ltr'><strong>facientibus</strong></span> <span class='ocrx_word' id='word_1_72' title='bbox 955 1166 1060 1228; x_wconf 87' lang='lat' dir='ltr'><strong>orbem</strong></span> 
     </span>
     <span class='ocr_line' id='line_1_12' title="bbox 254 1253 1054 1335; baseline -0.001 -19"><span class='ocrx_word' id='word_1_73' title='bbox 254 1254 410 1335; x_wconf 87' lang='lat' dir='ltr'><strong>Cingitur,</strong></span> <span class='ocrx_word' id='word_1_74' title='bbox 433 1254 584 1315; x_wconf 90' lang='lat' dir='ltr'><strong>interdum</strong></span> <span class='ocrx_word' id='word_1_75' title='bbox 606 1253 693 1333; x_wconf 85' lang='lat' dir='ltr'><strong>longa</strong></span> <span class='ocrx_word' id='word_1_76' title='bbox 715 1253 799 1316; x_wconf 87' lang='lat' dir='ltr'><strong>trabe</strong></span> <span class='ocrx_word' id='word_1_77' title='bbox 821 1257 933 1316; x_wconf 88' lang='lat' dir='ltr'><strong>rectior</strong></span> <span class='ocrx_word' id='word_1_78' title='bbox 956 1262 1054 1334; x_wconf 82' lang='lat' dir='ltr'><strong>extat,</strong></span> 
     </span>
     <span class='ocr_line' id='line_1_13' title="bbox 253 1341 1103 1422; baseline 0 -18"><span class='ocrx_word' id='word_1_79' title='bbox 253 1343 365 1422; x_wconf 91' lang='lat' dir='ltr'><strong>lmpete</strong></span> <span class='ocrx_word' id='word_1_80' title='bbox 389 1341 469 1403; x_wconf 89' lang='lat' dir='ltr'><strong>nunc</strong></span> <span class='ocrx_word' id='word_1_81' title='bbox 492 1351 574 1403; x_wconf 90' lang='lat' dir='ltr'><strong>vasto</strong></span> <span class='ocrx_word' id='word_1_82' title='bbox 597 1360 653 1403; x_wconf 84' lang='lat' dir='ltr'><strong>ceu</strong></span> <span class='ocrx_word' id='word_1_83' title='bbox 677 1345 811 1404; x_wconf 84' lang='lat' dir='ltr'><strong>concitus</strong></span> <span class='ocrx_word' id='word_1_84' title='bbox 833 1342 979 1404; x_wconf 87' lang='lat' dir='ltr'><strong>imbribus</strong></span> <span class='ocrx_word' id='word_1_85' title='bbox 1004 1345 1103 1404; x_wconf 91' lang='lat' dir='ltr'><strong>amuis</strong></span> 
     </span>
    </p>

    <p class='ocr_par' dir='ltr' id='par_1_10' title="bbox 208 1429 1080 1866">
     <span class='ocr_line' id='line_1_14' title="bbox 208 1429 1045 1510; baseline -0.002 -17"><span class='ocrx_word' id='word_1_86' title='bbox 208 1445 243 1495; x_wconf 86' lang='lat'><strong>80</strong></span> <span class='ocrx_word' id='word_1_87' title='bbox 257 1431 365 1493; x_wconf 87' lang='lat' dir='ltr'><strong>Fertur</strong></span> <span class='ocrx_word' id='word_1_88' title='bbox 388 1439 419 1492; x_wconf 91' lang='lat' dir='ltr'><strong>et</strong></span> <span class='ocrx_word' id='word_1_89' title='bbox 442 1429 592 1492; x_wconf 77' lang='lat' dir='ltr'><strong>obstantes</strong></span> <span class='ocrx_word' id='word_1_90' title='bbox 614 1430 773 1509; x_wconf 83' lang='lat' dir='ltr'><strong>proturbat</strong></span> <span class='ocrx_word' id='word_1_91' title='bbox 794 1440 916 1510; x_wconf 89' lang='lat' dir='ltr'><strong>pectore</strong></span> <span class='ocrx_word' id='word_1_92' title='bbox 939 1431 1045 1492; x_wconf 86' lang='lat' dir='ltr'><strong>silvas.</strong></span> 
     </span>
     <span class='ocr_line' id='line_1_15' title="bbox 254 1510 999 1601; baseline -0.001 -20"><span class='ocrx_word' id='word_1_93' title='bbox 254 1510 339 1581; x_wconf 83' lang='lat' dir='ltr'><strong>Cedit</strong></span> <span class='ocrx_word' id='word_1_94' title='bbox 359 1517 540 1598; x_wconf 77' lang='lat' dir='ltr'><strong>Agenorides</strong></span> <span class='ocrx_word' id='word_1_95' title='bbox 562 1519 684 1598; x_wconf 87' lang='lat' dir='ltr'><strong>paulum</strong></span> <span class='ocrx_word' id='word_1_96' title='bbox 696 1566 706 1601; x_wconf 86' lang='lat'><em>,</em></span> <span class='ocrx_word' id='word_1_97' title='bbox 728 1520 881 1599; x_wconf 82' lang='lat' dir='ltr'><strong>spolioque</strong></span> <span class='ocrx_word' id='word_1_98' title='bbox 903 1519 999 1580; x_wconf 82' lang='lat' dir='ltr'><strong>ieonis</strong></span> 
     </span>
     <span class='ocr_line' id='line_1_16' title="bbox 254 1608 1019 1688; baseline -0.003 -19"><span class='ocrx_word' id='word_1_99' title='bbox 254 1609 389 1670; x_wconf 84' lang='lat' dir='ltr'><strong>Sustinet</strong></span> <span class='ocrx_word' id='word_1_100' title='bbox 410 1610 571 1688; x_wconf 86' lang='lat' dir='ltr'><strong>incursus,</strong></span> <span class='ocrx_word' id='word_1_101' title='bbox 594 1609 794 1686; x_wconf 86' lang='lat' dir='ltr'><strong>instantiaque</strong></span> <span class='ocrx_word' id='word_1_102' title='bbox 816 1624 868 1667; x_wconf 90' lang='lat' dir='ltr'><strong>ora</strong></span> <span class='ocrx_word' id='word_1_103' title='bbox 886 1608 1019 1668; x_wconf 88' lang='lat' dir='ltr'><strong>retardat</strong></span> 
     </span>
     <span class='ocr_line' id='line_1_17' title="bbox 253 1694 1026 1775; baseline -0.001 -18"><span class='ocrx_word' id='word_1_104' title='bbox 253 1696 382 1775; x_wconf 85' lang='lat' dir='ltr'><strong>Cuspide</strong></span> <span class='ocrx_word' id='word_1_105' title='bbox 404 1703 580 1774; x_wconf 87' lang='lat' dir='ltr'><strong>praetenta.</strong></span> <span class='ocrx_word' id='word_1_106' title='bbox 608 1696 682 1757; x_wconf 78' lang='lat' dir='ltr'><strong>furit</strong></span> <span class='ocrx_word' id='word_1_107' title='bbox 704 1695 753 1756; x_wconf 90' lang='lat' dir='ltr'><strong>ille</strong></span> <span class='ocrx_word' id='word_1_108' title='bbox 776 1703 807 1757; x_wconf 90' lang='lat' dir='ltr'><strong>et</strong></span> <span class='ocrx_word' id='word_1_109' title='bbox 829 1698 928 1756; x_wconf 91' lang='lat' dir='ltr'><strong>inania</strong></span> <span class='ocrx_word' id='word_1_110' title='bbox 949 1694 1026 1756; x_wconf 92' lang='lat' dir='ltr'><strong>duro</strong></span> 
     </span>
     <span class='ocr_line' id='line_1_18' title="bbox 253 1783 1080 1866; baseline 0.001 -24"><span class='ocrx_word' id='word_1_111' title='bbox 253 1783 380 1845; x_wconf 90' lang='lat' dir='ltr'><strong>Vulnera</strong></span> <span class='ocrx_word' id='word_1_112' title='bbox 403 1784 453 1844; x_wconf 91' lang='lat' dir='ltr'><strong>dat</strong></span> <span class='ocrx_word' id='word_1_113' title='bbox 474 1785 554 1845; x_wconf 82' lang='lat' dir='ltr'><strong>terro</strong></span> <span class='ocrx_word' id='word_1_114' title='bbox 566 1832 576 1864; x_wconf 87' lang='lat'>‚</span> <span class='ocrx_word' id='word_1_115' title='bbox 598 1785 721 1862; x_wconf 86' lang='lat' dir='ltr'><strong>figitque</strong></span> <span class='ocrx_word' id='word_1_116' title='bbox 743 1787 775 1844; x_wconf 91' lang='lat' dir='ltr'><strong>in</strong></span> <span class='ocrx_word' id='word_1_117' title='bbox 797 1786 932 1845; x_wconf 87' lang='lat' dir='ltr'><strong>acumine</strong></span> <span class='ocrx_word' id='word_1_118' title='bbox 956 1783 1080 1866; x_wconf 80' lang='lat' dir='ltr'><strong>dentes,</strong></span> 
     </span>
    </p>

    <p class='ocr_par' dir='ltr' id='par_1_11' title="bbox 204 1870 1061 2040">
     <span class='ocr_line' id='line_1_19' title="bbox 204 1870 970 1958; baseline -0.004 -23"><span class='ocrx_word' id='word_1_119' title='bbox 204 1886 239 1936; x_wconf 79' lang='lat'><strong>85</strong></span> <span class='ocrx_word' id='word_1_120' title='bbox 253 1874 372 1952; x_wconf 88' lang='lat' dir='ltr'><strong>lamque</strong></span> <span class='ocrx_word' id='word_1_121' title='bbox 396 1872 566 1933; x_wconf 80' lang='lat' dir='ltr'><strong>venenifero</strong></span> <span class='ocrx_word' id='word_1_122' title='bbox 589 1874 710 1958; x_wconf 89' lang='lat' dir='ltr'><strong>sanguis</strong></span> <span class='ocrx_word' id='word_1_123' title='bbox 734 1890 852 1933; x_wconf 87' lang='lat' dir='ltr'><strong>manare</strong></span> <span class='ocrx_word' id='word_1_124' title='bbox 874 1870 970 1951; x_wconf 87' lang='lat' dir='ltr'><strong>palato</strong></span> 
     </span>
     <span class='ocr_line' id='line_1_20' title="bbox 253 1959 1061 2040; baseline -0.001 -18"><span class='ocrx_word' id='word_1_125' title='bbox 253 1962 398 2040; x_wconf 84' lang='lat' dir='ltr'><strong>Coeperat</strong></span> <span class='ocrx_word' id='word_1_126' title='bbox 421 1970 452 2021; x_wconf 86' lang='lat' dir='ltr'><strong>et</strong></span> <span class='ocrx_word' id='word_1_127' title='bbox 472 1959 582 2021; x_wconf 80' lang='lat' dir='ltr'><strong>uirides</strong></span> <span class='ocrx_word' id='word_1_128' title='bbox 605 1963 762 2039; x_wconf 86' lang='lat' dir='ltr'><strong>aspergine</strong></span> <span class='ocrx_word' id='word_1_129' title='bbox 784 1962 912 2022; x_wconf 83' lang='lat' dir='ltr'><strong>tinxerat</strong></span> <span class='ocrx_word' id='word_1_130' title='bbox 934 1960 1061 2021; x_wconf 87' lang='lat' dir='ltr'><strong>herbas:</strong></span> 
     </span>
    </p>

    <p class='ocr_par' dir='ltr' id='par_1_12' title="bbox 252 2047 1123 2306">
     <span class='ocr_line' id='line_1_21' title="bbox 253 2047 1123 2129; baseline -0.001 -18"><span class='ocrx_word' id='word_1_131' title='bbox 253 2049 312 2111; x_wconf 89' lang='lat' dir='ltr'><strong>Sed</strong></span> <span class='ocrx_word' id='word_1_132' title='bbox 334 2049 398 2110; x_wconf 89' lang='lat' dir='ltr'><strong>leve</strong></span> <span class='ocrx_word' id='word_1_133' title='bbox 422 2048 528 2110; x_wconf 81' lang='lat' dir='ltr'><strong>vulnus</strong></span> <span class='ocrx_word' id='word_1_134' title='bbox 551 2057 615 2110; x_wconf 90' lang='lat' dir='ltr'><strong>erat</strong></span> <span class='ocrx_word' id='word_1_135' title='bbox 627 2096 636 2129; x_wconf 87' lang='lat'><em>,</em></span> <span class='ocrx_word' id='word_1_136' title='bbox 660 2051 729 2128; x_wconf 88' lang='lat' dir='ltr'><strong>quia</strong></span> <span class='ocrx_word' id='word_1_137' title='bbox 752 2066 783 2109; x_wconf 87' lang='lat' dir='ltr'><strong>se</strong></span> <span class='ocrx_word' id='word_1_138' title='bbox 807 2047 977 2109; x_wconf 86' lang='lat' dir='ltr'><strong>retrahebat</strong></span> <span class='ocrx_word' id='word_1_139' title='bbox 999 2048 1036 2108; x_wconf 93' lang='lat' dir='ltr'><strong>ab</strong></span> <span class='ocrx_word' id='word_1_140' title='bbox 1059 2051 1123 2110; x_wconf 92' lang='lat' dir='ltr'><strong>ictu</strong></span> 
     </span>
     <span class='ocr_line' id='line_1_22' title="bbox 252 2136 1061 2217; baseline -0.001 -19"><span class='ocrx_word' id='word_1_141' title='bbox 252 2138 402 2216; x_wconf 84' lang='lat' dir='ltr'><strong>Laesaque</strong></span> <span class='ocrx_word' id='word_1_142' title='bbox 426 2137 499 2198; x_wconf 88' lang='lat' dir='ltr'><strong>oolla</strong></span> <span class='ocrx_word' id='word_1_143' title='bbox 522 2136 609 2197; x_wconf 90' lang='lat' dir='ltr'><strong>dabat</strong></span> <span class='ocrx_word' id='word_1_144' title='bbox 632 2144 737 2217; x_wconf 85' lang='lat' dir='ltr'><strong>retro,</strong></span> <span class='ocrx_word' id='word_1_145' title='bbox 758 2136 932 2216; x_wconf 85' lang='lat' dir='ltr'><strong>plagamque</strong></span> <span class='ocrx_word' id='word_1_146' title='bbox 956 2136 1061 2197; x_wconf 84' lang='lat' dir='ltr'><strong>sedere</strong></span> 
     </span>
     <span class='ocr_line' id='line_1_23' title="bbox 252 2223 994 2306; baseline -0.001 -19"><span class='ocrx_word' id='word_1_147' title='bbox 252 2226 390 2288; x_wconf 90' lang='lat' dir='ltr'><strong>Cedendo</strong></span> <span class='ocrx_word' id='word_1_148' title='bbox 414 2225 554 2306; x_wconf 83' lang='lat' dir='ltr'><strong>arcebat,</strong></span> <span class='ocrx_word' id='word_1_149' title='bbox 577 2242 633 2285; x_wconf 90' lang='lat' dir='ltr'><strong>neo</strong></span> <span class='ocrx_word' id='word_1_150' title='bbox 655 2224 772 2302; x_wconf 85' lang='lat' dir='ltr'><strong>longius</strong></span> <span class='ocrx_word' id='word_1_151' title='bbox 793 2227 839 2285; x_wconf 93' lang='lat' dir='ltr'><strong>ire</strong></span> <span class='ocrx_word' id='word_1_152' title='bbox 862 2223 994 2286; x_wconf 88' lang='lat' dir='ltr'><strong>sinebat:</strong></span> 
     </span>
    </p>

    <p class='ocr_par' dir='ltr' id='par_1_13' title="bbox 203 2313 1120 2745">
     <span class='ocr_line' id='line_1_24' title="bbox 203 2313 1086 2393; baseline -0.005 -14"><span class='ocrx_word' id='word_1_153' title='bbox 203 2330 239 2378; x_wconf 81' lang='lat'><strong>90</strong></span> <span class='ocrx_word' id='word_1_154' title='bbox 252 2314 353 2376; x_wconf 86' lang='lat' dir='ltr'><strong>Donec</strong></span> <span class='ocrx_word' id='word_1_155' title='bbox 375 2313 556 2393; x_wconf 73' lang='lat' dir='ltr'><strong>Agenorides</strong></span> <span class='ocrx_word' id='word_1_156' title='bbox 580 2314 749 2373; x_wconf 87' lang='lat' dir='ltr'><strong>coniectum</strong></span> <span class='ocrx_word' id='word_1_157' title='bbox 770 2315 802 2375; x_wconf 92' lang='lat' dir='ltr'><strong>in</strong></span> <span class='ocrx_word' id='word_1_158' title='bbox 825 2320 946 2392; x_wconf 84' lang='lat' dir='ltr'><strong>gutture</strong></span> <span class='ocrx_word' id='word_1_159' title='bbox 969 2314 1086 2375; x_wconf 82' lang='lat' dir='ltr'><strong>terrum</strong></span> 
     </span>
     <span class='ocr_line' id='line_1_25' title="bbox 252 2401 1120 2481; baseline -0.001 -17"><span class='ocrx_word' id='word_1_160' title='bbox 252 2402 352 2481; x_wconf 89' lang='lat' dir='ltr'><strong>Usque</strong></span> <span class='ocrx_word' id='word_1_161' title='bbox 376 2419 505 2479; x_wconf 89' lang='lat' dir='ltr'><strong>sequens</strong></span> <span class='ocrx_word' id='word_1_162' title='bbox 528 2404 660 2481; x_wconf 86' lang='lat' dir='ltr'><strong>pressit,</strong></span> <span class='ocrx_word' id='word_1_163' title='bbox 684 2401 754 2462; x_wconf 90' lang='lat' dir='ltr'><strong>dum</strong></span> <span class='ocrx_word' id='word_1_164' title='bbox 776 2409 859 2462; x_wconf 89' lang='lat' dir='ltr'><strong>retro</strong></span> <span class='ocrx_word' id='word_1_165' title='bbox 882 2419 1012 2480; x_wconf 87' lang='lat' dir='ltr'><strong>quereus</strong></span> <span class='ocrx_word' id='word_1_166' title='bbox 1034 2406 1120 2463; x_wconf 89' lang='lat' dir='ltr'><strong>eunti</strong></span> 
     </span>
     <span class='ocr_line' id='line_1_26' title="bbox 252 2489 1096 2570; baseline -0.001 -18"><span class='ocrx_word' id='word_1_167' title='bbox 252 2490 396 2570; x_wconf 84' lang='lat' dir='ltr'><strong>Obstitit,</strong></span> <span class='ocrx_word' id='word_1_168' title='bbox 419 2498 450 2550; x_wconf 90' lang='lat' dir='ltr'><strong>et</strong></span> <span class='ocrx_word' id='word_1_169' title='bbox 472 2491 528 2550; x_wconf 83' lang='lat' dir='ltr'><strong>fixa</strong></span> <span class='ocrx_word' id='word_1_170' title='bbox 551 2498 598 2551; x_wconf 89' lang='lat' dir='ltr'><strong>est</strong></span> <span class='ocrx_word' id='word_1_171' title='bbox 620 2492 733 2569; x_wconf 90' lang='lat' dir='ltr'><strong>pariter</strong></span> <span class='ocrx_word' id='word_1_172' title='bbox 756 2507 824 2551; x_wconf 89' lang='lat' dir='ltr'><strong>oum</strong></span> <span class='ocrx_word' id='word_1_173' title='bbox 848 2489 954 2551; x_wconf 89' lang='lat' dir='ltr'><strong>robore</strong></span> <span class='ocrx_word' id='word_1_174' title='bbox 978 2493 1096 2551; x_wconf 85' lang='lat' dir='ltr'><strong>cervix.</strong></span> 
     </span>
     <span class='ocr_line' id='line_1_27' title="bbox 250 2577 1057 2659; baseline -0.001 -20"><span class='ocrx_word' id='word_1_175' title='bbox 250 2579 386 2640; x_wconf 91' lang='lat' dir='ltr'><strong>Pondere</strong></span> <span class='ocrx_word' id='word_1_176' title='bbox 411 2580 558 2657; x_wconf 88' lang='lat' dir='ltr'><strong>serpentis</strong></span> <span class='ocrx_word' id='word_1_177' title='bbox 582 2586 703 2639; x_wconf 86' lang='lat' dir='ltr'><strong>curvata</strong></span> <span class='ocrx_word' id='word_1_178' title='bbox 726 2586 773 2639; x_wconf 86' lang='lat' dir='ltr'><strong>est</strong></span> <span class='ocrx_word' id='word_1_179' title='bbox 794 2577 884 2638; x_wconf 91' lang='lat' dir='ltr'><strong>arbor</strong></span> <span class='ocrx_word' id='word_1_180' title='bbox 896 2626 905 2659; x_wconf 87' lang='lat'><em>,</em></span> <span class='ocrx_word' id='word_1_181' title='bbox 928 2586 959 2639; x_wconf 89' lang='lat' dir='ltr'><strong>et</strong></span> <span class='ocrx_word' id='word_1_182' title='bbox 980 2581 1057 2638; x_wconf 88' lang='lat' dir='ltr'><strong>imae</strong></span> 
     </span>
     <span class='ocr_line' id='line_1_28' title="bbox 250 2664 992 2745; baseline -0.003 -17"><span class='ocrx_word' id='word_1_183' title='bbox 250 2667 338 2728; x_wconf 88' lang='lat' dir='ltr'><strong>Parte</strong></span> <span class='ocrx_word' id='word_1_184' title='bbox 361 2664 501 2745; x_wconf 84' lang='lat' dir='ltr'><strong>flagellari</strong></span> <span class='ocrx_word' id='word_1_185' title='bbox 524 2668 637 2744; x_wconf 89' lang='lat' dir='ltr'><strong>gemuit</strong></span> <span class='ocrx_word' id='word_1_186' title='bbox 658 2684 712 2727; x_wconf 88' lang='lat' dir='ltr'><strong>sua</strong></span> <span class='ocrx_word' id='word_1_187' title='bbox 734 2665 843 2727; x_wconf 91' lang='lat' dir='ltr'><strong>robora</strong></span> <span class='ocrx_word' id='word_1_188' title='bbox 865 2666 992 2727; x_wconf 87' lang='lat' dir='ltr'><strong>caudae.</strong></span> 
     </span>
    </p>

    <p class='ocr_par' dir='ltr' id='par_1_14' title="bbox 201 2754 1013 2836">
     <span class='ocr_line' id='line_1_29' title="bbox 201 2754 1013 2836; baseline -0.004 -18"><span class='ocrx_word' id='word_1_189' title='bbox 201 2769 237 2818; x_wconf 78' lang='lat'><strong>95</strong></span> <span class='ocrx_word' id='word_1_190' title='bbox 250 2754 327 2817; x_wconf 88' lang='lat' dir='ltr'><strong>Dum</strong></span> <span class='ocrx_word' id='word_1_191' title='bbox 350 2757 478 2833; x_wconf 88' lang='lat' dir='ltr'><strong>spatium</strong></span> <span class='ocrx_word' id='word_1_192' title='bbox 501 2757 596 2815; x_wconf 89' lang='lat' dir='ltr'><strong>victor</strong></span> <span class='ocrx_word' id='word_1_193' title='bbox 621 2756 689 2815; x_wconf 82' lang='lat' dir='ltr'><strong>victi</strong></span> <span class='ocrx_word' id='word_1_194' title='bbox 711 2755 880 2815; x_wconf 84' lang='lat' dir='ltr'><strong>considerat</strong></span> <span class='ocrx_word' id='word_1_195' title='bbox 901 2754 1013 2836; x_wconf 84' lang='lat' dir='ltr'><strong>bostis,</strong></span> 
     </span>
    </p>

    <p class='ocr_par' dir='ltr' id='par_1_15' title="bbox 149 2841 1176 3364">
     <span class='ocr_line' id='line_1_30' title="bbox 149 2841 1061 2922; baseline 0.001 -20"><span class='ocrx_word' id='word_1_196' title='bbox 149 2881 154 2891; x_wconf 87' lang='lat'><strong>·</strong></span> <span class='ocrx_word' id='word_1_197' title='bbox 252 2843 314 2903; x_wconf 87' lang='lat' dir='ltr'><strong>Vox</strong></span> <span class='ocrx_word' id='word_1_198' title='bbox 338 2841 436 2903; x_wconf 87' lang='lat' dir='ltr'><strong>subito</strong></span> <span class='ocrx_word' id='word_1_199' title='bbox 460 2842 559 2903; x_wconf 90' lang='lat' dir='ltr'><strong>audita</strong></span> <span class='ocrx_word' id='word_1_200' title='bbox 582 2851 650 2921; x_wconf 73' lang='grc' dir='ltr'><strong>θεῖς</strong></span> <span class='ocrx_word' id='word_1_201' title='bbox 673 2859 771 2921; x_wconf 91' lang='lat' dir='ltr'><strong>neque</strong></span> <span class='ocrx_word' id='word_1_202' title='bbox 794 2851 859 2903; x_wconf 88' lang='lat' dir='ltr'><strong>erat</strong></span> <span class='ocrx_word' id='word_1_203' title='bbox 881 2846 1061 2922; x_wconf 88' lang='lat' dir='ltr'><strong>cognoscere</strong></span> 
     </span>
     <span class='ocr_line' id='line_1_31' title="bbox 718 2940 1176 3014; baseline 0.004 -23"><span class='ocrx_word' id='word_1_204' title='bbox 718 3001 724 3014; x_wconf 36' lang='grc' dir='ltr'>Ι</span> <span class='ocrx_word' id='word_1_205' title='bbox 983 2940 1176 3013; x_wconf 86' lang='lat' dir='ltr'><strong>promptum,</strong></span> 
     </span>
     <span class='ocr_line' id='line_1_32' title="bbox 250 3015 1039 3101; baseline -0.004 -19"><span class='ocrx_word' id='word_1_206' title='bbox 250 3019 357 3101; x_wconf 85' lang='lat' dir='ltr'><strong>Unde,</strong></span> <span class='ocrx_word' id='word_1_207' title='bbox 380 3019 431 3081; x_wconf 87' lang='lat' dir='ltr'><strong>sed</strong></span> <span class='ocrx_word' id='word_1_208' title='bbox 456 3019 553 3080; x_wconf 90' lang='lat' dir='ltr'><strong>audita</strong></span> <span class='ocrx_word' id='word_1_209' title='bbox 577 3027 645 3101; x_wconf 84' lang='lat' dir='ltr'><strong>est,</strong></span> <span class='ocrx_word' id='word_1_210' title='bbox 668 3015 774 3100; x_wconf 82' lang='lat' dir='ltr'><strong>‘quid‚</strong></span> <span class='ocrx_word' id='word_1_211' title='bbox 792 3019 926 3098; x_wconf 79' lang='lat' dir='ltr'><strong>Agenore</strong></span> <span class='ocrx_word' id='word_1_212' title='bbox 949 3028 1039 3100; x_wconf 84' lang='lat' dir='ltr'><strong>nate,</strong></span> 
     </span>
     <span class='ocr_line' id='line_1_33' title="bbox 979 3116 1170 3188; baseline 0.016 -21"><span class='ocrx_word' id='word_1_213' title='bbox 979 3116 1170 3188; x_wconf 87' lang='lat' dir='ltr'><strong>peremptum</strong></span> 
     </span>
     <span class='ocr_line' id='line_1_34' title="bbox 251 3191 1084 3277; baseline -0.001 -20"><span class='ocrx_word' id='word_1_214' title='bbox 251 3196 429 3277; x_wconf 86' lang='lat' dir='ltr'><strong>Serpentem</strong></span> <span class='ocrx_word' id='word_1_215' title='bbox 452 3191 599 3276; x_wconf 81' lang='lat' dir='ltr'><strong>spectas?</strong></span> <span class='ocrx_word' id='word_1_216' title='bbox 622 3204 652 3257; x_wconf 88' lang='lat' dir='ltr'><strong>et</strong></span> <span class='ocrx_word' id='word_1_217' title='bbox 676 3205 708 3258; x_wconf 87' lang='lat' dir='ltr'><strong>tu</strong></span> <span class='ocrx_word' id='word_1_218' title='bbox 732 3196 905 3276; x_wconf 87' lang='lat' dir='ltr'><strong>spectabere</strong></span> <span class='ocrx_word' id='word_1_219' title='bbox 929 3191 1084 3275; x_wconf 68' lang='lat' dir='ltr'><strong>serpens?</strong></span> 
     </span>
     <span class='ocr_line' id='line_1_35' title="bbox 250 3281 1026 3364; baseline 0.001 -19"><span class='ocrx_word' id='word_1_220' title='bbox 250 3284 303 3345; x_wconf 84' lang='lat' dir='ltr'><strong>ille</strong></span> <span class='ocrx_word' id='word_1_221' title='bbox 326 3286 377 3346; x_wconf 92' lang='lat' dir='ltr'><strong>diu</strong></span> <span class='ocrx_word' id='word_1_222' title='bbox 399 3285 523 3364; x_wconf 85' lang='lat' dir='ltr'><strong>pavidus</strong></span> <span class='ocrx_word' id='word_1_223' title='bbox 547 3287 659 3364; x_wconf 84' lang='lat' dir='ltr'><strong>pariter</strong></span> <span class='ocrx_word' id='word_1_224' title='bbox 681 3302 751 3346; x_wconf 89' lang='lat' dir='ltr'><strong>com</strong></span> <span class='ocrx_word' id='word_1_225' title='bbox 773 3294 872 3346; x_wconf 88' lang='lat' dir='ltr'><strong>mente</strong></span> <span class='ocrx_word' id='word_1_226' title='bbox 896 3281 1026 3346; x_wconf 86' lang='lat' dir='ltr'><strong>colorem</strong></span> 
     </span>
    </p>

    <p class='ocr_par' dir='ltr' id='par_1_16' title="bbox 186 3372 1168 3630">
     <span class='ocr_line' id='line_1_36' title="bbox 186 3372 1066 3453; baseline -0.001 -17"><span class='ocrx_word' id='word_1_227' title='bbox 186 3385 237 3436; x_wconf 87' lang='lat' dir='ltr'><strong>too</strong></span> <span class='ocrx_word' id='word_1_228' title='bbox 250 3372 447 3453; x_wconf 87' lang='lat' dir='ltr'><strong>Perdiderat,</strong></span> <span class='ocrx_word' id='word_1_229' title='bbox 469 3373 625 3452; x_wconf 84' lang='lat' dir='ltr'><strong>gelidoque</strong></span> <span class='ocrx_word' id='word_1_230' title='bbox 649 3391 751 3435; x_wconf 88' lang='lat' dir='ltr'><strong>comae</strong></span> <span class='ocrx_word' id='word_1_231' title='bbox 774 3380 889 3434; x_wconf 88' lang='lat' dir='ltr'><strong>terrore</strong></span> <span class='ocrx_word' id='word_1_232' title='bbox 912 3372 1066 3451; x_wconf 87' lang='lat' dir='ltr'><strong>rigebant.</strong></span> 
     </span>
     <span class='ocr_line' id='line_1_37' title="bbox 249 3459 1012 3540; baseline 0 -18"><span class='ocrx_word' id='word_1_233' title='bbox 249 3459 327 3522; x_wconf 84' lang='lat' dir='ltr'><strong>Eece</strong></span> <span class='ocrx_word' id='word_1_234' title='bbox 351 3463 406 3522; x_wconf 90' lang='lat' dir='ltr'><strong>viri</strong></span> <span class='ocrx_word' id='word_1_235' title='bbox 429 3462 538 3523; x_wconf 81' lang='lat' dir='ltr'><strong>fautrix</strong></span> <span class='ocrx_word' id='word_1_236' title='bbox 561 3480 684 3540; x_wconf 88' lang='lat' dir='ltr'><strong>superas</strong></span> <span class='ocrx_word' id='word_1_237' title='bbox 708 3461 825 3540; x_wconf 87' lang='lat' dir='ltr'><strong>delapsa</strong></span> <span class='ocrx_word' id='word_1_238' title='bbox 848 3480 902 3540; x_wconf 85' lang='lat' dir='ltr'><strong>por</strong></span> <span class='ocrx_word' id='word_1_239' title='bbox 925 3480 1012 3522; x_wconf 90' lang='lat' dir='ltr'><strong>auras</strong></span> 
     </span>
     <span class='ocr_line' id='line_1_38' title="bbox 249 3547 1168 3630; baseline 0.004 -23"><span class='ocrx_word' id='word_1_240' title='bbox 249 3547 344 3608; x_wconf 85' lang='lat' dir='ltr'><strong>Pallas</strong></span> <span class='ocrx_word' id='word_1_241' title='bbox 359 3547 463 3630; x_wconf 84' lang='lat' dir='ltr'><strong>adest,</strong></span> <span class='ocrx_word' id='word_1_242' title='bbox 485 3557 642 3627; x_wconf 85' lang='lat' dir='ltr'><strong>motaeque</strong></span> <span class='ocrx_word' id='word_1_243' title='bbox 655 3547 739 3628; x_wconf 80' lang='lat' dir='ltr'><strong>iubet</strong></span> <span class='ocrx_word' id='word_1_244' title='bbox 752 3549 920 3627; x_wconf 91' lang='lat' dir='ltr'><strong>subponere</strong></span> <span class='ocrx_word' id='word_1_245' title='bbox 935 3559 1032 3611; x_wconf 88' lang='lat' dir='ltr'><strong>terrae</strong></span> <span class='ocrx_word' id='word_1_246' title='bbox 1055 3563 1080 3606; x_wconf 82' lang='lat' dir='ltr'><strong>t.</strong></span> <span class='ocrx_word' id='word_1_247' title='bbox 1094 3564 1168 3604; x_wconf 71' lang='lat' dir='ltr'><strong>nvn.</strong></span> 
     </span>
    </p>
   </div>
   <div class='ocr_carea' id='block_1_3' title="bbox 0 0 1238 4042">
    <p class='ocr_par' dir='ltr' id='par_1_17' title="bbox 0 0 1238 4042">
     <span class='ocr_line' id='line_1_39' title="bbox 0 0 1238 4042; baseline 0 2"><span class='ocrx_word' id='word_1_248' title='bbox 0 0 1238 4042; x_wconf 95' lang='lat' dir='ltr'><strong> </strong></span> 
     </span>
    </p>
   </div>
  </div>
 </body>
</html>
