2467 4042
440 215 512 285 vn,
531 221 668 273 eo-rto.
789 238 878 275 mm
996 221 1057 286 129

119 382 190 444 Sic
217 384 271 444 iam
292 382 390 445 lentus
412 400 517 464 amor,
539 384 597 445 iam
621 400 710 462 quem
733 383 873 463 languere
896 393 1037 468 putares,

119 470 174 532 Ut
205 471 274 533 vidit
294 473 454 552 iuvenem,
477 472 576 550 specie
600 473 766 550 praesentis
788 473 895 534 inarsit
903 471 925 551 .]

119 557 173 620 Et
204 577 270 620 casu
292 558 377 621 solito
401 559 559 619 formosior
582 559 697 620 Aesone
720 568 807 620 natus

59 647 279 709 salliance
301 648 379 709 iuit:
401 664 506 726 posses
529 648 684 726 ignoscere
707 649 833 709 amanti.

123 735 281 816 Spectat,
304 743 334 797 et
355 737 387 796 iu
410 734 493 796 vultu
516 734 607 797 veluti
630 742 694 796 tum
717 735 845 815 deniquo
867 737 929 798 viso

122 823 263 885 Lumina
284 823 341 884 fixa
364 832 447 884 tonet
458 869 469 904 ,
491 840 547 884 nec
569 841 601 884 se
625 822 760 884 mortaba
783 824 904 886 demens

125 911 199 973 Ora
221 911 321 973 videre
343 919 430 992 putat
441 958 451 992 ‚
474 929 530 972 nec
553 929 586 972 se
609 909 737 972 declinat
759 910 796 972 ab
818 911 886 974 illo.

126 999 179 1060 Ut
200 1017 269 1060 vero
294 1001 452 1080 coepitque
476 998 557 1078 loqui
579 998 773 1079 dextramque
795 1000 954 1080 prehendit

65 1102 108 1151 ⁹0
126 1087 275 1170 Hospes,
299 1096 330 1147 et
352 1086 493 1148 auxilium
516 1089 674 1148 summissa
696 1105 768 1148 voce
791 1090 922 1171 rogavit,

126 1176 338 1254 Promisitque
361 1183 483 1257 torum,
505 1174 636 1237 lacrimis
659 1176 699 1238 ait
721 1174 770 1236 illa
792 1177 940 1255 profusis:

129 1261 227 1335 ‘Quid
250 1264 379 1344 iaciant,
402 1263 509 1325 video:
531 1280 587 1324 neo
610 1280 658 1324 me
681 1265 847 1344 ignorantia
869 1267 932 1335 reri

129 1351 273 1432 Decipiet
285 1398 295 1433 ,
318 1351 371 1413 sed
394 1369 498 1412 arnor.
526 1350 685 1412 servabere
704 1369 828 1413 munere
851 1362 971 1416 nostroe

131 1440 280 1501 Servatus
302 1440 448 1519 promissa
471 1435 568 1501 dato?
590 1440 752 1519 per‘sacra
775 1440 918 1501 triformis

72 1542 111 1591 ⁹5
129 1528 187 1590 [lle
212 1527 308 1609 deae,
331 1527 458 1607 lucoque
482 1528 560 1589 soret
582 1526 662 1608 quod
685 1530 849 1589 numenio
873 1528 940 1611 ilio,

129 1617 254 1696 Perque
277 1624 393 1695 patrem
416 1617 512 1676 soceri
535 1624 708 1677 cernentem
731 1623 838 1677 cuncta
861 1617 971 1699 sutori,

131 1705 329 1782 Eventusque
352 1721 423 1764 suos
447 1711 478 1764 et
499 1711 581 1764 tanta
602 1702 735 1783 pericula
757 1706 852 1765 iurat.

134 1792 278 1853 Creditus
302 1792 417 1871 accepit
439 1799 570 1852 cantatas
592 1793 730 1871 protinus
753 1790 879 1875 herbas,

131 1879 326 1958 Edidicitque
349 1897 460 1961 usum,
483 1879 637 1958 laetusque
659 1881 690 1941 in
714 1889 795 1941 tesca
817 1883 958 1945 recessit.

61 1983 116 2034 tuo
179 1968 307 2030 Postera
329 1966 483 2048 depulerat
506 1966 605 2029 stellas
628 1985 735 2028 aurora
759 1969 919 2031 micantes:

134 2057 328 2118 Conveniunt
350 2055 453 2136 populi
476 2073 594 2117 sacrum
616 2054 756 2116 blavortis
779 2058 811 2117 in
834 2074 954 2139 arvum,

135 2145 372 2222 Consistuntqne
394 2145 494 2223 iugis.
521 2144 618 2205 medio
641 2162 694 2205 rex
716 2146 780 2224 ipse
803 2143 916 2207 resedit

136 2234 262 2312 Agmine
284 2249 455 2312 purpureus
478 2240 656 2312 sceptroque
679 2233 803 2312 insignis
826 2231 957 2295 eburno.

134 2321 217 2383 Ecce
239 2320 419 2382 adamanteis
442 2318 599 2381 vulcanum
621 2318 743 2381 naribus
767 2319 867 2382 eiilant

65 2424 119 2476 105
135 2408 300 2488 Aeripedes
323 2410 424 2489 tauri,
446 2416 600 2488 tactaeque
624 2406 783 2488 vaporibus
806 2407 914 2471 lrcrbae

136 2497 274 2559 Ardent.
302 2504 395 2576 utque
418 2495 515 2558 solent
536 2496 617 2576 pleni
635 2513 776 2557 resonare
800 2499 923 2578 camini,

135 2589 199 2648 lut
220 2583 272 2646 ubi
295 2593 415 2646 terrena
438 2584 536 2645 silices
559 2585 679 2646 fornace
702 2584 792 2645 soluti

136 2675 320 2753 concipiunt
341 2675 439 2753 ignem
461 2672 640 2751 liquidarum
663 2675 819 2752 aspergine
842 2692 1002 2756 aquarum3

135 2762 265 2823 Pectora
288 2763 332 2822 sic
354 2763 435 2823 intus
459 2761 573 2822 clausas
595 2760 741 2821 volventia
763 2761 894 2823 flammas

67 2866 122 2916 110
137 2852 325 2928 Gutturaque
349 2859 416 2911 usta
438 2858 565 2911 sonant.
592 2857 692 2910 tamon
715 2847 773 2909 illis
795 2851 910 2912 Aesone
934 2859 1021 2914 natus

138 2939 252 3000 Obvius
275 2940 320 2998 it.
347 2947 464 2998 vertere
487 2946 589 2999 truces
611 2938 758 2997 venientis
782 2937 818 2999 ad
841 2956 894 3000 ora

137 3024 302 3088 Terribiles
323 3025 423 3087 vultus
444 3026 632 3105 praefixaque
656 3043 767 3087 cornua
790 3027 889 3108 ierro,

138 3114 377 3193 Pulvereumque
401 3112 497 3174 solum
519 3113 594 3193 pede
617 3112 772 3193 pulsavere
795 3113 928 3197 bisulco,

138 3203 349 3281 Fumiflcisquc
373 3201 471 3263 locum
494 3200 656 3281 mugitibus
679 3201 893 3282 impleverunt.

72 3307 124 3357 uo
138 3292 302 3371 Deriguere
326 3299 416 3352 metu‘
430 3289 567 3370 Minyae.
595 3289 675 3351 subit
698 3290 746 3351 illc
758 3339 768 3372 ,
791 3309 847 3352 nec
869 3293 953 3370 ignes
1056 3298 1059 3303 '

139 3381 238 3441 Sentit
260 3378 411 3440 anhelatos
439 3411 481 3422 —
509 3386 626 3440 tantum
653 3378 846 3439 medicamina
868 3388 995 3460 possunt
1017 3412 1061 3426 -·

139 3466 332 3547 Pendulaquc
356 3466 459 3529 audaci
482 3466 593 3528 mulcet
614 3465 743 3547 palearia
766 3467 887 3549 dextra,

140 3555 375 3638 Subpositosque
398 3557 467 3636 iugo
490 3555 612 3635 pondus
629 3573 717 3636 grave
741 3557 820 3636 cogit
841 3557 932 3619 aratri

104 3667 243 3712 omn.
830 3660 846 3710 9
