2467 4042
436 238 494 306 111,
512 243 671 294 aer-raa.
770 257 910 295 mensus
1015 211 1056 306 5'7

129 402 197 464 Vex
219 409 342 466 manet:
363 421 431 465 essa
453 404 555 466 lerunt
576 403 682 484 lapidis
700 405 826 466 traxisse
844 404 985 484 figuram

54 505 116 553 400
131 490 223 570 [lnde
245 491 318 553 latet
340 490 422 553 silvis
444 491 584 572 nulloque
607 494 640 554 iu
662 500 762 558 monte
784 490 921 573 ridetur;

132 578 282 642 Omnibus
305 579 448 643 sudem.
475 597 567 643 sonus
585 589 633 643 cst
644 628 654 662 ,
676 583 729 661 qni
750 582 823 642 vivit
843 583 876 642 in
897 580 977 659 illa]

180 666 232 732 Sic
254 668 353 750 banc,
370 670 416 730 sic
438 668 508 731 elias
531 668 620 731 undis
642 678 694 731 eut
716 667 867 731 mentibus
889 677 970 731 ortes

132 756 263 819 Luserat
283 755 333 817 bic
356 756 522 838 nymphas,
545 758 589 819 sic
612 765 716 819 coetus
738 765 807 819 unte
829 756 946 820 viriles.

130 843 207 907 lnde
231 861 337 907 manus
359 843 466 924 aliquis
488 843 647 926 despectus
670 845 706 907 ad
730 845 849 908 netbera
871 844 978 907 tollens

60 944 116 994 405
133 928 199 994 ‘Sic
220 940 303 996 amet
321 934 387 1013 lpse
409 932 481 996 licet
491 980 502 1014 ,
520 935 563 995 sic
584 951 646 996 nen
669 936 799 1014 puciatur
822 928 947 995 amatcl'

131 1020 279 1083 Dixerat:
302 1022 430 1083 assensit
449 1021 592 1102 precibus
613 1021 796 1084 Rhamnusia
816 1024 920 1084 iustis.

132 1108 215 1171 Fene
239 1116 305 1172 erat
325 1108 436 1174 inlinis
448 1157 458 1191 ,
480 1110 582 1173 nitidis
603 1119 766 1190 argenteus
789 1109 895 1192 undis,

133 1197 233 1268 Quem
255 1215 354 1278 neque
376 1206 512 1278 pastores
534 1216 633 1278 neque
655 1207 757 1279 pastae
779 1204 881 1260 monte
904 1197 1031 1278 capellae

133 1284 330 1365 Contigerant
352 1285 466 1349 aliudve
489 1304 582 1366 pecus
594 1334 604 1368 ,
627 1305 717 1366 quem
739 1285 820 1359 nulla
842 1285 971 1348 volucris

61 1386 118 1435 410
131 1373 197 1435 Nec
220 1373 285 1435 iera
308 1373 442 1436 turbarat
463 1393 520 1437 nec
538 1374 640 1455 lapsus
663 1373 699 1436 ab
723 1373 829 1437 urbere
851 1392 969 1436 ramus.

132 1461 265 1524 Gramen
288 1470 353 1524 erat
374 1465 477 1543 circe,
499 1464 580 1543 qued
601 1466 756 1543 proximus
778 1481 865 1526 umor
888 1461 1000 1543 alebat,

133 1549 273 1630 Silvaque
297 1549 360 1612 sele
381 1551 481 1613 lecum
502 1569 628 1631 passura
649 1560 805 1632 tepescere
827 1550 926 1614 nullo.

131 1637 190 1700 llic
211 1656 289 1718 puer
312 1646 344 1701 ct
365 1639 463 1702 studio
486 1640 613 1705 venandi
634 1640 730 1703 lasstu
754 1647 785 1702 et
807 1646 891 1702 aestu

132 1725 322 1808 Procubuit,
346 1727 510 1814 faciemque
532 1727 591 1790 leci
613 1728 786 1808 fontemque
810 1735 948 1790 secutus.

65 1828 117 1877 415
133 1813 286 1895 [Dumque
309 1817 392 1878 sitim
412 1815 517 1878 sedare
540 1818 640 1898 cupit,
656 1818 722 1879 sitis
743 1816 837 1879 altera
857 1814 982 1893 crede]

132 1903 271 1983 Dumque
294 1902 392 1986 bibit,
414 1905 494 1966 visae
516 1913 673 1985 correptus
690 1906 818 1985 imagine
836 1905 948 1966 iormae

134 1989 241 2071 [Spem
264 1993 331 2055 sinc
350 2009 476 2073 corpore
494 2002 594 2075 amat,
617 2011 728 2074 cerpus
755 2002 841 2073 putat
868 2010 956 2074 esse,
980 1989 1058 2071 qnod

695 2081 799 2143 umbra
822 2079 899 2159 est.]

131 2168 282 2249 Adstnpet
302 2170 368 2250 lpse
391 2167 449 2232 sibi
460 2217 470 2251 ,
492 2168 636 2249 uultuque
659 2172 790 2234 inmotus
813 2169 918 2232 eodem

132 2255 267 2338 Haeret,
290 2265 325 2319 ut
346 2276 363 2319 e
387 2257 474 2319 Parin
496 2258 657 2320 immatum
678 2275 826 2320 marmore
849 2261 983 2337 signum.

67 2358 120 2409 tte
133 2344 258 2426 Spectat
281 2344 364 2408 humi
386 2347 502 2426 pesitus
524 2349 699 2428 geminum,
722 2365 776 2409 sua
802 2345 936 2426 lumina,
959 2344 1058 2428 sidus,

133 2432 172 2496 Et
193 2434 301 2514 dignm
323 2433 462 2517 Bacche,
484 2433 589 2514 dignes
611 2445 644 2497 ct
665 2435 799 2516 Apolline
822 2437 939 2515 crines,

133 2521 326 2603 inpubesque
348 2539 461 2605 genas,
483 2531 516 2585 et
535 2523 668 2585 eburnea
690 2523 787 2604 cella,
809 2523 961 2602 decusque

134 2611 227 2692 Oris,
250 2613 335 2672 etin
357 2612 444 2673 niveo
467 2613 593 2674 mixtum
615 2611 743 2674 candore
766 2610 927 2692 ruborcm3

134 2700 309 2778 Cunctaque
332 2701 458 2761 muatsrr
470 2745 480 2781 ,
503 2699 613 2780 qulbus
635 2708 683 2762 est
704 2699 848 2762 mirabilis
870 2702 953 2780 ipse.

68 2799 118 2848 res
134 2788 172 2850 Sc
197 2789 280 2868 cupit
302 2787 466 2868 inprudens
489 2796 520 2850 et
541 2790 594 2868 qui
615 2787 723 2869 prebat
734 2836 746 2871 ,
766 2790 830 2869 ipse
853 2786 1013 2870 probatur,

132 2876 272 2956 Dumque
294 2879 391 2958 petit,
412 2878 548 2958 petitur,
570 2880 742 2957 pariterque
756 2877 935 2940 accenditet
957 2875 1057 2939 ardet.

132 2965 223 3027 irrite
246 2961 341 3027 laliaci
363 2966 502 3045 quotiens
525 2965 607 3027 dedit
629 2965 730 3028 oscula
752 2964 845 3028 lentii

132 3053 166 3117 ln
190 3051 303 3115 medias
326 3055 464 3133 quotiens
487 3055 583 3116 visum
606 3057 751 3134 captantia
776 3053 884 3117 collum

131 3141 277 3204 Draecbia
298 3144 404 3204 mersit
425 3159 538 3223 aquas,
561 3161 617 3205 nec
641 3160 673 3204 se
696 3142 853 3224 deprendit
875 3146 906 3204 in
929 3141 1003 3205 illisi

67 3243 118 3294 cao
132 3229 213 3302 Quid
236 3229 333 3293 rideat
344 3278 354 3312 ,
378 3233 495 3294 nescit:
518 3231 570 3293 sed
593 3231 673 3311 qued
695 3232 796 3314 ridet,
818 3234 918 3301 uritur
931 3231 999 3314 illo,

132 3320 231 3399 Atque
254 3318 357 3381 oculos
380 3319 482 3400 idem,
504 3321 557 3400 qui
579 3320 712 3403 decipit,
734 3322 839 3382 incitat
861 3338 963 3382 error.

131 3406 262 3470 credule
274 3455 284 3489 ,
308 3408 379 3488 quid
402 3409 515 3470 irustre
537 3408 696 3471 simulacra
718 3410 833 3489 ingenia
855 3405 982 3489 captes?

131 3495 220 3567 Quod
229 3497 325 3578 petis,
340 3505 387 3559 cst
395 3514 559 3576 nusquam.
573 3497 653 3577 quod
663 3515 758 3579 amas,
772 3505 921 3579 avertere,
930 3497 1055 3577 perdes.

131 3584 193 3647 lsta
213 3602 432 3668 repercussae,
455 3603 543 3665 quam
567 3588 688 3668 cernis,
710 3588 852 3666 imaginis,
868 3585 974 3652 umbra
992 3595 1055 3647 est:
