2467 4042
177 229 234 292 too
535 223 675 314 naurs
699 224 840 285 auur.

214 393 248 443 50
302 379 430 441 Nescius
445 378 522 438 haec
537 377 651 438 umeris
666 392 751 437 arma
765 385 872 453 parata
888 380 964 441 suis.

257 465 310 525 Cui
327 471 413 538 pater
427 462 500 522 ‘his’
515 462 614 536 inquit
629 461 741 534 ‘patria
756 469 803 522 est
816 463 960 525 adeunda
976 464 1104 536 cannis,

297 549 362 607 Huc
378 545 467 606 nobis
482 547 583 606 Minos
598 544 793 619 effugiendus
809 562 878 621 ope.

255 634 337 692 nera
353 646 413 690 non
431 633 527 706 poluit
541 630 656 703 Minos,
679 629 739 688 alia
754 630 856 690 omnia
870 632 988 692 clausit.

284 792 285 795 Ἴ
298 715 392 789 Quem
408 715 492 786 iicet,
515 714 647 774 inventis
663 716 737 774 aera
749 730 859 789 rumpe
873 716 959 777 meis.

212 812 246 863 55
259 800 320 860 Sed
338 798 390 858 tibi
406 816 467 858 non
484 799 569 872 virgo
583 797 724 873 Tegeaea
741 813 908 875 comesque
921 801 1041 861 Bootae

295 883 426 957 Ensiger
441 882 533 941 Orion
551 882 751 957 aspiciendus
767 882 837 942 erit=

254 970 303 1028 ille
320 967 421 1043 pinnis
436 975 556 1027 sectare
571 966 661 1026 datis.
685 982 743 1040 ego
759 967 903 1041 praevius
918 968 985 1029 ibo:

296 1052 342 1112 Sit
356 1062 407 1112 tua
422 1068 495 1111 cura
511 1049 609 1124 sequi.
632 1065 681 1109 me
697 1050 776 1111 duce
791 1057 872 1112 tutus
888 1052 958 1113 eris.

253 1138 327 1197 Nam
344 1134 410 1195 sive
425 1134 576 1195 aetherias
591 1134 693 1194 vicino
709 1136 776 1194 sole
792 1151 848 1209 per
862 1151 954 1197 auras

212 1233 247 1286 60
299 1221 427 1294 ibimus,
448 1217 609 1294 impatiens
626 1234 699 1278 oera
713 1218 825 1279 caloris
839 1219 910 1280 erit:

255 1304 329 1365 Sive
343 1304 473 1363 humiles
488 1303 637 1379 propiore
651 1305 728 1364 ireto
744 1302 924 1364 iactabimus
937 1304 1014 1379 alas,

294 1387 417 1448 Mobilis
433 1387 597 1462 aequoreis
612 1387 706 1463 pinna
722 1388 879 1449 madescet
893 1388 993 1464 aquis.

252 1473 603 1548 interutrumquevola.
627 1479 736 1532 ventos
752 1487 892 1547 quoque,
916 1479 1003 1547 irate,
1027 1474 1147 1548 timeto,

296 1557 424 1632 Quaque
439 1557 536 1618 serent
551 1571 660 1629 aurae,
680 1555 751 1619 vela
766 1556 903 1616 secunda
918 1557 1014 1618 delo!

210 1642 331 1708 sollum
348 1648 464 1715 monet,
487 1646 572 1715 aptet
586 1655 667 1715 opus
684 1655 794 1715 puero,
815 1647 1025 1717 monstratque
1040 1644 1180 1722 movecl,

294 1726 399 1785 Erudit
413 1725 549 1785 infirmas
565 1732 598 1785 ut
613 1740 671 1784 sua
684 1732 781 1785 mater
795 1740 880 1784 aves.

252 1810 327 1869 Inde
342 1810 400 1869 sibi
415 1810 512 1870 iactas
527 1808 642 1869 umeris
657 1809 870 1869 accommodat
883 1809 959 1881 aias,

294 1893 413 1969 Perque
428 1910 543 1955 novum
557 1892 662 1953 timide
677 1908 810 1966 corpora
823 1891 913 1954 librat
925 1891 992 1953 iter.

253 1979 377 2052 iamque
392 1980 552 2040 volaturus
567 1992 664 2053 parvo
679 1976 763 2037 dedit
778 1979 885 2037 oscula
899 1985 980 2051 nato,

211 2072 245 2127 lo
297 2063 360 2122 Neo
375 2064 492 2137 patriae
506 2062 649 2122 lacrimas
664 2061 842 2122 continuere
856 2076 965 2136 genae.

250 2147 354 2207 Monte
369 2148 468 2206 minor
483 2145 585 2219 collis,
609 2144 726 2221 campis
741 2153 807 2206 erat
820 2144 909 2206 uilior
927 2144 1054 2220 aequis:

293 2231 370 2289 Hinc
386 2230 542 2291 datasunt
555 2229 688 2290 miserae
702 2242 835 2305 corpora
848 2228 921 2289 bina
936 2229 1036 2303 lagae.

251 2315 289 2374 Et
303 2323 406 2374 movet
424 2315 493 2388 ipse
507 2330 596 2385 suas,
621 2320 652 2373 et
664 2313 726 2373 nati
741 2313 867 2388 respicit
881 2315 946 2373 alas

293 2399 464 2472 Daedalus,
484 2405 514 2458 et
529 2413 639 2458 cursus
654 2397 785 2458 sustinet
799 2413 899 2472 usque
912 2412 997 2458 suos.

210 2491 243 2545 '5
254 2485 380 2557 lamque
394 2499 508 2543 novum
522 2483 654 2542 delectat
668 2481 739 2556 iter,
760 2482 927 2560 positoque
940 2481 1049 2541 timore

293 2567 526 2643 icarusaudnci
543 2567 731 2627 fortiuscule
746 2569 837 2627 volat.

210 2659 244 2714 79
255 2653 317 2711 iam
333 2651 443 2712 Samos
459 2667 478 2710 a
492 2652 618 2722 laeva,..
639 2651 759 2725 luem-nt
771 2650 940 2720 Naxosque
954 2646 1079 2709 relictae

292 2736 329 2795 Et
343 2736 438 2796 Paros
454 2743 484 2795 el
499 2734 597 2797 Clario
613 2735 708 2795 Delos
725 2741 825 2795 amata
839 2733 932 2793 deo...

251 2822 364 2880 Dextra
378 2819 557 2898 Lebynthos
571 2825 637 2879 erat
651 2818 800 2893 silvisque
815 2817 963 2878 umbrosa
977 2815 1126 2896 Calymne

294 2906 459 2978 Cinctaque
475 2905 609 2979 piscosis
624 2905 815 2980 Astypalaea
830 2900 928 2976 vadis,

252 2990 324 3049 Cum
342 3005 434 3064 puer,
454 2988 583 3049 incautis
598 2987 722 3047 nimium
737 2985 916 3049 temerarius
931 2985 1030 3059 annis,

292 3073 393 3132 ,ullius
410 3073 471 3147 egil
484 3075 555 3145 iter,
577 3072 775 3145 deseruitque
789 3079 916 3146 patrem.

209 3168 241 3218 lle
253 3158 362 3217 Vincla
377 3157 493 3230 ternant,
517 3163 547 3216 et
561 3171 633 3216 oeru
647 3155 706 3216 deo
724 3155 869 3230 propiore
883 3152 1033 3229 liquescit,

296 3242 357 3317 Nec
371 3249 480 3301 tenues
494 3248 605 3301 ventos
620 3239 746 3300 brachia
758 3246 840 3300 mota
854 3245 965 3300 teuent.

250 3325 383 3385 Territus
401 3342 420 3384 a
435 3342 554 3387 summo
571 3324 716 3400 despexit
728 3323 760 3383 in
774 3339 911 3398 aequora
925 3326 1026 3384 caelo=

294 3409 362 3468 Nox
378 3410 476 3469 oculis
493 3409 606 3486 pavido
622 3408 705 3470 venit
719 3408 829 3468 oborta
842 3413 932 3469 metu.

250 3492 424 3575 Tabuerant
439 3509 539 3555 cerae.
562 3493 664 3554 nudos
679 3492 776 3571 quatit
790 3492 841 3552 ille
855 3493 995 3556 lacertos.
