2467 4042
218 219 284 285 242
626 219 821 272 rusrocuu

351 385 475 464 Altaque
499 384 650 446 Troezene
671 383 905 464 Parrhasiaeque
928 388 1033 449 nives.

307 474 368 534 Pan
392 482 457 534 erat
478 476 626 547 armenti,
648 474 711 534 Pan
733 472 794 535 illic
816 492 927 535 numen
951 493 1126 558 equarum,

352 562 459 623 ldunus
482 560 520 622 nb
543 561 708 622 incolumes
731 562 779 622 ille
803 562 918 623 ferebat
941 581 1030 624 oves.

307 649 471 711 Transtulit
493 648 630 710 Evander
651 650 798 712 silvestria
820 652 942 711 numina
964 669 1092 713 secum.

242 752 294 801 280
352 738 430 818 llic,
453 737 506 799 ubi
528 755 608 799 nune
632 737 710 799 Urbs
732 746 778 800 est
789 786 799 821 ,
822 748 886 800 tum
909 738 995 800 lucus
1018 740 1112 802 urbis
1134 751 1202 803 erat.

308 827 380 888 lnde
403 827 492 910 deum
515 825 641 888 colimus
664 827 844 906 devectaque
866 845 951 889 saera
972 827 1134 909 Pelasgis:

354 915 474 976 Flamen
497 914 533 975 ad
556 915 630 976 baec
652 918 752 995 prisco
774 933 858 976 mure
882 915 971 977 Dialis
995 926 1084 980 erat.

308 1004 369 1065 Cur
391 1006 483 1083 igitur
501 1014 646 1084 cenant,
668 1012 700 1065 et
717 1022 772 1065 cur
790 1035 823 1047 -
843 1006 887 1065 sie
906 1022 1032 1065 currere
1052 1025 1122 1067 mos
1142 1017 1181 1068 est
1194 1038 1215 1047 -=

352 1091 436 1153 Nuda
459 1093 557 1153 lerant
578 1095 675 1171 posita
698 1110 823 1172 corpora
847 1101 952 1173 reste,
973 1092 1098 1172 rogas?

242 1195 294 1245 080
308 1182 375 1261 lpse
398 1179 473 1240 deus
495 1179 580 1242 velox
603 1181 773 1244 discurrere
796 1180 905 1259 gaudet
927 1184 958 1242 in
981 1181 1054 1243 altis

352 1267 524 1349 Mentibus,
547 1278 578 1330 et
600 1268 713 1330 subitas
736 1272 866 1349 concipit
887 1272 952 1348 ipse
974 1271 1086 1353 lugas3
1189 1302 1215 1314 -

308 1358 375 1438 lpse
398 1357 472 1418 deus
495 1357 594 1419 nudus
616 1358 713 1420 nudos
734 1356 819 1419 iubet
841 1360 886 1419 ire
908 1360 1089 1442 ministres3

352 1445 414 1507 Nec
437 1448 510 1507 satis
532 1446 568 1507 ad
591 1465 699 1508 cursus
722 1445 876 1507 cammada
900 1448 990 1507 restis
1014 1456 1105 1511 erat.

308 1535 383 1596 Ante
407 1533 505 1595 lovem
527 1537 660 1615 genitum
684 1543 781 1596 terras
803 1534 942 1596 babuisse
964 1535 1113 1598 feruntur

244 1636 295 1686 290
354 1623 506 1704 Arcades,
529 1632 560 1685 et
581 1624 652 1684 luna
674 1641 747 1702 gens
770 1625 853 1702 prior
874 1622 924 1683 illa
948 1624 1022 1685 luit.

308 1711 371 1772 Vita
397 1713 468 1772 letis
491 1712 618 1791 similis,
642 1711 739 1772 nullos
762 1707 869 1790 agitata
891 1729 946 1791 per
968 1729 1066 1774 usus:

353 1801 433 1860 Artis
456 1800 552 1860 adlruc
575 1818 682 1879 expers
705 1808 736 1861 et
757 1800 832 1860 rude
856 1799 959 1877 volgus
983 1808 1070 1861 erat.
1184 1850 1189 1858 .

307 1884 365 1949 Pre
390 1887 526 1949 domibus
549 1888 671 1950 inundes
693 1895 800 1949 norant
812 1934 821 1968 ,
843 1905 899 1966 pru
922 1887 1065 1966 frugibus
1089 1890 1203 1968 herbas,

352 1975 461 2037 Nectar
483 1985 548 2037 erat
569 1977 675 2057 palmis
697 1976 803 2037 hausta
825 1975 940 2036 duabus
963 1993 1060 2055 aqua.

243 2078 296 2128 295
310 2065 415 2126 Nullus
438 2063 594 2126 anhelabat
616 2064 672 2126 sub
695 2064 810 2126 adunco
833 2082 951 2125 vomere
974 2072 1105 2150 taurus,

353 2152 437 2214 Nulla
460 2152 517 2213 sub
539 2155 665 2233 imperio
687 2162 767 2214 terra
790 2152 914 2215 colentis
937 2162 1020 2214 erat:

308 2240 414 2303 Nullus
437 2241 534 2303 adhue
557 2251 622 2303 erat
644 2260 717 2303 usus
740 2243 828 2322 equi3
853 2257 886 2301 se
910 2243 1037 2321 quisque
1064 2243 1195 2306 serebat:

353 2329 417 2390 lbat
439 2333 502 2391 oris
523 2330 590 2391 lana
613 2348 723 2410 corpus
746 2332 851 2391 amicta
875 2347 945 2390 sua.

310 2417 372 2479 Sub
395 2415 463 2480 lore
487 2418 633 2479 durabant
656 2426 687 2479 et
708 2436 833 2499 corpora
855 2418 933 2478 nuda
956 2417 1126 2498 gerebant,

243 2519 295 2570 ³00
353 2505 444 2568 Docta
467 2524 572 2587 graves
594 2507 707 2567 imbres
730 2515 760 2569 et
782 2505 911 2568 tolerare
933 2514 1038 2568 notes.

308 2593 394 2655 Nunc
418 2613 536 2676 quoquc
559 2595 670 2657 detecti
693 2596 828 2656 referunt
851 2597 1032 2656 monimenta
1056 2602 1172 2660 vetusti

353 2683 467 2765 Moris,
490 2691 520 2745 ct
543 2687 679 2765 antiquas
702 2685 899 2745 testificantur
921 2701 1012 2761 opes.

310 2770 368 2832 Sed
392 2791 447 2833 cur
468 2775 627 2853 praecipue
651 2774 743 2851 lugiet
766 2771 907 2833 velamina
930 2770 1074 2855 Faunus,

354 2860 494 2922 Traditur
516 2864 631 2940 antiqui
653 2861 750 2922 fabula
773 2860 858 2939 plena
882 2863 956 2936 ieci.

244 2962 295 3011 300
311 2948 400 3010 Forte
423 2968 523 3011 comes
546 2950 682 3010 dominae
705 2952 819 3010 iuvenis
842 2947 1017 3028 Tirynthius
1038 2948 1126 3013 ibat:

354 3037 431 3100 Vidit
454 3038 490 3099 ab
514 3039 631 3099 excelso
654 3037 775 3100 Faunus
797 3047 958 3116 utrumque
981 3038 1073 3116 iugo.

311 3126 410 3206 Vidit,
435 3135 465 3187 et
487 3127 630 3207 incaluit,
654 3122 884 3204 ‘montana'que
907 3121 1084 3205 ‘numiua‚’
1110 3129 1185 3190 dixit

355 3211 417 3275 ‘Nil
441 3215 511 3276 milri
535 3215 687 3276 vobiscum
709 3223 769 3276 est:
800 3213 849 3275 hic
872 3231 957 3275 meras
979 3213 1074 3275 ardor
1099 3211 1190 3278 erit.’

310 3302 374 3364 lbat
397 3303 528 3365 odoratis
552 3322 671 3365 timeres
694 3305 814 3383 perlusa
837 3301 949 3383 capillis

243 3405 295 3453 010
353 3393 505 3472 Maeonis,
529 3401 632 3454 aurate
655 3391 863 3472 conspicienda
885 3392 971 3453 sinu:

310 3481 406 3540 Ainea
429 3480 578 3564 pellebant
601 3481 716 3558 tepidos
739 3479 909 3541 umbracula
933 3477 1029 3558 seles,

355 3565 435 3634 Quae
460 3575 556 3628 tamen
580 3566 742 3629 Herculeae
766 3571 936 3630 sustinuere
958 3584 1088 3630 mantis.
