2467 4042
170 241 235 295 XVI

171 406 294 467 Heinsio
312 406 427 482 pridem
446 404 609 480 displicuit,
628 406 660 463 et
672 403 799 480 paginae
814 405 943 479 quinque
956 404 1088 479 produci,
1111 407 1174 464 tum

172 497 235 555 337
261 496 334 571 338,
357 511 430 570 quos
453 492 634 551 Schraderus
658 494 810 567 suspectos
833 492 972 567 habebat,
996 485 1119 550 ‘tamen’
1141 496 1175 552 61

171 577 250 642 ‘eiici
271 582 321 642 vix
342 575 441 659 posse'
463 583 592 658 putaret.
648 579 700 638 sed
722 579 773 655 qui
795 579 1001 655 interpolavit,
1024 580 1056 637 id
1077 581 1175 655 ipsum

175 670 329 746 spectauit,
351 688 389 728 nc
413 669 505 743 thue
526 688 554 728 v.
574 668 637 728 335
662 667 725 726 sine
748 667 872 744 epodosi
889 671 977 743 esset,
1001 686 1058 744 quo
1076 672 1176 727 1611166

170 759 245 818 nihil
276 757 460 834 frequentius
492 757 524 815 in
555 755 693 815 carmine.
748 755 880 815 scholion
914 755 992 833 quod
1024 758 1070 814 est
1097 757 1175 831 apud

172 846 325 922 Ellisium,
353 847 410 905 Isti
437 847 616 904 6166661666
644 846 864 916 correspondent
884 844 962 919 rell,
989 846 1176 919 potestesse

171 934 246 1010 eius,
271 934 322 1011 qui
339 933 375 992 de
389 932 508 992 distichi
521 932 578 990 fide
593 931 751 991 dubitaret.
806 932 1052 1007 interpolatorem
1066 932 1176 991 scholia

173 1042 233 1081 non
255 1023 363 1098 legisse
383 1024 509 1096 oportet,
528 1038 602 1096 quae
622 1037 689 1079 oum
702 1019 869 1079 Heraclidis
888 1019 925 1078 de
939 1024 1035 1079 morte
1049 1020 1177 1079 adulteri

171 1109 342 1170 testimonio
366 1109 543 1184 conspirant.

260 1198 339 1257 Satis
363 1201 410 1257 661
432 1196 572 1256 credibile
595 1197 668 1256 haec
691 1196 831 1273 disticha,
859 1197 908 1257 vel
935 1197 962 1257 si
985 1196 1085 1272 spuria
1108 1196 1176 1273 sint,

171 1289 205 1344 ut
229 1286 392 1345 Schradero
419 1286 531 1360 visum,
561 1285 660 1360 priore
687 1285 751 1345 loco
780 1285 935 1345 coniuncta
957 1285 1061 1361 fuisse,
1088 1303 1177 1360 quem

171 1374 331 1433 admodum
362 1374 519 1434 historiam
550 1377 708 1450 utramque
737 1373 815 1449 apud
843 1371 995 1450 Ovidium,
1027 1373 1176 1449 Senecam,

171 1462 245 1522 alios
272 1463 411 1538 usurpari
446 1462 545 1521 docuit
576 1461 699 1520 Ellisius
725 1481 753 1537 p.
780 1463 855 1522 139:
888 1460 967 1537 quod
993 1463 1075 1535 foece
1096 1461 1178 1519 intra

173 1569 277 1611 uersus
301 1555 416 1627 septem
443 1551 581 1624 recurrit,
608 1567 669 1608 non
690 1550 854 1625 esttanti,
882 1551 916 1607 ut
943 1549 1110 1625 corrigatur
1136 1550 1178 1608 61

172 1640 340 1716 exemplum
362 1637 437 1697 illud
455 1639 576 1698 Metam.
595 1637 640 1696 VI
655 1638 718 1697 556
742 1639 872 1712 11696616
890 1639 1008 1697 abstulit
1025 1655 1089 1697 6666
1106 1639 1177 1710 fore.

171 1727 354 1803 transposita
375 1727 407 1785 in
424 1727 503 1786 locos
521 1725 701 1802 posteriores
719 1743 771 1783 cur
789 1726 857 1800 sint,
875 1724 992 1784 facilius
1009 1725 1177 1800 intellegas,

172 1833 261 1891 quam
283 1815 429 1890 quomodo
452 1813 520 1872 inde
539 1814 571 1872 in
587 1814 721 1891 priorem
739 1813 971 1889 commigrarint.
1026 1812 1178 1872 diorthota

172 1903 229 1961 duc
253 1906 333 1962 certe
356 1902 482 1962 disticha
505 1902 607 1978 spuria
630 1901 772 1978 repperit,
794 1903 922 1961 alterum
944 1901 1081 1961 1166337
1103 1903 1178 1976 338,

172 1992 300 2050 61161616
328 1991 403 2049 11161
428 1993 489 2050 637
516 1992 592 2064 638,
620 1990 656 2049 16
685 2007 742 2066 quo
766 1989 947 2049 Schraderus
971 1984 1088 2047 ‘melius
1115 1989 1177 2047 for·

172 2083 253 2139 tasse
272 2078 377 2139 aberit.
401 2078 486 2154 quasi
503 2079 560 2138 hoc
578 2077 726 2137 crudelius
745 2078 881 2136 omnibus
901 2077 1089 2153 supplicium!
1116 2095 1179 2135 non

172 2168 213 2227 sic
240 2167 405 2242 ineptiebat
431 2160 575 2227 Ovidius'.
630 2169 792 2242 potuerunt
818 2166 850 2223 in
877 2166 1011 2241 margine
1033 2164 1179 2241 perscribi

172 2256 367 2315 exadversum
389 2255 451 2329 illa,
480 2254 571 2328 thue
593 2255 667 2330 rell,
690 2252 753 2313 Aut
773 2255 887 2313 611611.
923 2253 961 2311 16
983 2271 1018 2312 66
1041 2253 1178 2328 congerie

172 2344 253 2403 omni
275 2343 429 2402 arbitrium
455 2343 548 2401 semel
570 2343 695 2401 factum:
721 2341 1067 2402 3373386611116611
1088 2359 1178 2416 posse

173 2431 278 2507 visum,
308 2434 370 2491 637
397 2432 459 2491 638
483 2431 514 2489 in
538 2449 606 2489 eum
633 2432 731 2489 locum
755 2430 936 2507 ablegatum,
963 2430 1011 2487 cui
1032 2429 1098 2504 ipsa
1119 2429 1180 2487 De-

171 2523 257 2593 cique
279 2519 384 2579 vocula
406 2518 565 2579 videbatur
587 2518 751 2596 adsignari:
775 2517 834 2577 166
857 2518 910 2576 1116
932 2516 1027 2576 didita
1054 2519 1123 2575 sunt
1145 2516 1180 2575 in

171 2608 309 2684 paginas,
340 2625 414 2683 quae
444 2610 513 2682 post
536 2608 689 2683 suppletas
712 2607 772 2666 iarn
795 2598 868 2687 (17)
893 2598 965 2686 (18)
990 2598 1062 2686 (19)
1086 2604 1178 2663 detri-

171 2696 265 2755 menti
288 2695 373 2773 signa
396 2695 563 2754 servabant.

260 2783 296 2843 Id
314 2783 372 2842 nisi
390 2783 503 2843 factum
522 2787 610 2859 esset,
629 2783 661 2843 in
678 2784 803 2843 decursu
817 2801 957 2843 versuum
972 2784 1035 2842 419
1055 2781 1093 2839 61
1113 2782 1179 2842 509

171 2873 350 2949 paginarum
377 2870 547 2931 discrimina
572 2872 633 2931 1116
660 2872 826 2948 quaesituri
855 2889 985 2945 eramus,
1015 2889 1068 2929 nec
1096 2873 1183 2929 certa

171 2961 229 3019 fide
260 2960 419 3019 inventuri.
473 2979 600 3036 namque
628 2961 804 3036 etiamnum,
834 2960 1011 3036 paginarum
1042 2951 1115 3038 (22)
1148 2960 1184 3015 61

172 3041 245 3130 (23)
275 3048 353 3126 quod
384 3048 488 3124 fuerit,
523 3049 709 3125 ignoramus3
745 3048 823 3125 quod
853 3048 952 3123 posui,
985 3047 1063 3122 quod
1095 3045 1184 3119 disti-

172 3137 248 3196 chon
267 3137 386 3205 seclusi,
410 3137 695 3197 commendationem
713 3155 772 3196 non
790 3137 888 3196 habet.
943 3154 1003 3194 non
1021 3135 1132 3210 ubique
1148 3135 1185 3192 in

171 3228 312 3301 promptu
336 3228 382 3284 eet
405 3225 441 3283 16
465 3225 507 3285 616
530 3225 669 3300 iudicare,
693 3244 768 3301 quae
790 3227 910 3301 praeter
933 3241 1102 3282 mensuram
1125 3241 1184 3297 pa-

171 3314 310 3389 ginarum
341 3313 497 3389 archetypi
532 3313 703 3373 institutam
740 3313 855 3372 adiecta
886 3315 964 3372 sunt.
1015 3314 1187 3387 potuerunt

173 3419 216 3469 ea,
241 3402 266 3460 si
288 3401 350 3460 fors
373 3401 475 3477 ferret,
499 3419 536 3460 er
557 3402 743 3478 marginibus
767 3401 923 3477 archetypi
941 3400 1034 3476 ipsius
1054 3399 1187 3478 sublegi,

171 3507 266 3563 neque
290 3489 418 3547 multum
441 3488 559 3548 differre
582 3491 620 3549 ab
644 3490 696 3564 eis,
726 3508 801 3566 quae
824 3489 856 3547 in
878 3489 930 3547 illo
954 3487 1127 3547 iamdudum
1151 3488 1190 3547 in

172 3576 306 3635 ordinem
341 3579 460 3652 recepta
499 3578 600 3653 spuria
640 3578 750 3638 insunt.
806 3595 861 3636 nec
896 3577 928 3636 in
967 3576 1023 3635 hoc
1059 3575 1190 3650 quidem
