2467 4042
364 275 490 339 100
748 295 930 330 srnmo
1191 276 1518 331 METAMM
1535 317 1550 331 .

402 453 507 503 430
536 441 683 502 Ossa
728 443 851 521 pati
897 441 1083 503 flexus
1110 489 1128 521 ‚
1174 460 1405 521 ungues
1449 446 1722 523 posuisse
1770 447 2064 524 rigorem:

539 530 856 609 Primaque
902 528 975 590 de
1012 537 1135 591 tota
1180 531 1530 592 tenuissima
1576 549 1846 611 quaeque
1895 533 2251 613 liquescunt
2269 583 2289 615 ‚

537 616 807 679 Caerulei
854 619 1052 678 crines
1096 618 1383 697 digitique
1429 627 1491 679 et
1537 637 1714 681 crura
1759 621 2096 701 pedesque3

534 705 682 766 Nam
726 705 925 767 brevis
969 709 1031 766 in
1077 705 1298 785 gelidas
1345 706 1627 768 membris
1672 708 1926 770 exilibus
1969 710 2169 770 undas

536 794 849 856 Transitus
895 804 1028 855 est.
1092 802 1228 874 post
1274 795 1419 855 haec
1464 799 1658 857 umeri
1694 804 2018 876 tergusque
2064 798 2368 878 latusque

403 894 507 943 435
535 882 903 962 Pectoraque
948 885 1011 942 in
1059 891 1271 944 tenues
1317 883 1537 945 abeunt
1582 886 1825 946 evanida
1870 889 2029 946 rivos
2048 933 2062 947 .

536 970 801 1050 Denique
846 988 956 1050 pro
1003 973 1131 1030 vivo
1176 973 1407 1033 vitiatas
1452 975 1736 1052 sanguine
1781 992 1958 1035 venas

536 1058 796 1138 Lympha
829 1057 990 1120 subit
1014 1107 1032 1139 ‚
1079 1066 1382 1138 restatque
1409 1060 1556 1121 nihil
1581 1108 1600 1142 ‚
1646 1062 1804 1140 quod
1832 1063 2127 1142 prendere
2159 1067 2371 1144 possis
2389 1113 2403 1126 .

625 1146 860 1209 Interea
902 1146 1144 1226 pavidae
1190 1151 1549 1228 nequiquam
1594 1149 1711 1210 iilia
1756 1153 1932 1212 matri

538 1234 826 1296 Omnibus
871 1244 963 1296 est
1007 1237 1185 1297 terris
1210 1284 1228 1318 ‚
1275 1239 1436 1297 omni
1481 1241 1744 1316 quaesita
1785 1239 2084 1318 profundo
2102 1285 2117 1300 .

406 1337 509 1386 440
539 1323 703 1385 Illam
750 1340 867 1385 non
913 1324 1048 1384 udis
1093 1327 1338 1385 veniens
1384 1323 1614 1387 Aurora
1659 1326 1886 1406 capillis

538 1411 881 1474 cessantem
924 1411 1112 1493 vidit,
1159 1430 1280 1473 non
1323 1412 1628 1493 Hesperus
1655 1460 1670 1475 .
1724 1414 1824 1475 illa
1869 1414 2102 1477 duabus

538 1500 944 1562 Flammiferas
986 1502 1166 1580 pinus
1211 1501 1483 1563 manibus
1529 1501 1838 1564 succendit
1881 1503 1953 1564 ab
2000 1505 2197 1564 Aetna

537 1589 772 1669 Perque
815 1592 1129 1668 pruinosas
1175 1588 1314 1651 tulit
1358 1592 1690 1669 inrequieta
1735 1591 2049 1652 tenebras:

537 1677 769 1739 Rursus
813 1675 918 1739 ubi
964 1677 1114 1738 alma
1158 1677 1285 1738 dies
1320 1677 1629 1740 hebetarat
1674 1679 1868 1740 sidera
1893 1727 1911 1759 ‚
1950 1690 2148 1741 natam

408 1777 510 1826 445
543 1765 697 1826 Solis
743 1764 815 1826 ab
863 1783 1077 1826 occasu
1123 1765 1264 1826 solis
1311 1767 1633 1844 quaerebat
1679 1767 1751 1827 ad
1798 1776 1967 1828 ortus
1988 1814 2001 1828 .

540 1854 718 1916 Fessa
763 1853 962 1916 labere
1011 1856 1172 1915 sitim
1218 1853 1538 1934 collegerat
1563 1902 1581 1936 ‚
1628 1872 1849 1934 oraque
1896 1855 2044 1918 nulli

546 1944 882 2000 Cnllnnrfflni
930 1944 1167 2004 fontes:
1213 1961 1351 2004 cum
1396 1949 1614 2004 tectam
1660 1945 1942 2005 stramine
1989 1944 2140 2006 vidit

544 2032 714 2092 Forte
766 2052 1001 2112 eae-am,
1046 2048 1374 2111 parvasque
1420 2031 1581 2092 fores
1625 2031 1921 2111 pulsavit.
1978 2039 2037 2092 at
2083 2031 2225 2093 inde

546 2120 746 2180 Prodit:
794 2140 938 2180 anus
966 2168 982 2200 ‚
1029 2120 1339 2199 divamque
1387 2119 1545 2180 videt
1569 2168 1587 2200 ,
1632 2118 2047 2200 lymphamque
2094 2125 2329 2199 roganti

413 2224 510 2268 45η]
546 2208 722 2268 [lulssu
774 2208 934 2268 {ledit
962 2256 978 2288 ,
1020 2214 1174 2268 tosta
1222 2206 1379 2287 quod
1424 2214 1653 2268 texerat
1697 2216 1833 2269 ante
1877 2206 2154 2288 polenta.

546 2296 692 2356 [lun]
746 2296 886 2356 hilm
934 2296 1029 2356 illa
1074 2295 1277 2356 datum
1303 2343 1321 2377 ‚
1367 2296 1503 2356 duri
1546 2313 1698 2375 puer
1743 2298 1864 2356 oris
1911 2303 1973 2356 et
2016 2297 2208 2358 audax

546 2388 818 2444 Gurustitit
866 2396 998 2444 ante
1029 2380 1214 2444 *deam
1239 2430 1260 2466 ‚
1305 2384 1555 2463 risitque
1581 2432 1601 2466 ‚
1644 2384 1989 2464 avidamque
2035 2389 2292 2447 vocavit.

546 2476 778 2532 [lma-nen
830 2484 918 2532 est
946 2520 962 2552 ,
1008 2488 1201 2550 neque
1251 2471 1444 2533 adhuc
1492 2479 1665 2552 epota
1709 2481 1877 2552 parte
1921 2471 2265 2553 loquentem

546 2561 686 2620 [lum
742 2564 958 2640 liquido
1005 2563 1184 2620 mixta
1228 2560 1493 2640 perfudit
1538 2560 1668 2620 div-a
1712 2561 1981 2641 polenta.

413 2664 510 2708 455
546 2648 838 2708 Gemi-*ibit
894 2668 958 2708 us
1012 2647 1270 2710 maculas
1304 2696 1325 2729 ,
1382 2657 1443 2709 et
1498 2667 1647 2728 quae
1702 2648 1876 2710 modo
1931 2649 2206 2713 bracclfla

1942 2741 2129 2817 gessit
2145 2787 2163 2819 ‚
2214 2751 2257 2795 t.
2284 2752 2362 2795 ux.

546 2828 730 2888 Crura
782 2832 974 2908 μονῆς
1021 2826 1206 2887 cauda
1252 2836 1344 2888 est
1388 2829 1631 2888 mutatis
1676 2826 1871 2888 addita
1916 2827 2231 2890 membris:

550 2916 726 2992 [nque.
778 2916 1015 2976 lare-vem
1062 2915 1311 2976 formam
1336 2962 1357 2997 ,
1401 2933 1476 2974 ne
1525 2917 1603 2975 sit
1647 2918 1735 2976 vis
1780 2932 1992 2994 magna
2036 2915 2318 2996 nocendi,

546 3004 926 3064 fluuitrahimr
954 3052 970 3084 ,
1014 3021 1311 3083 parvaque
1358 3005 1552 3064 minor
1598 3021 1877 3065 mensura
1920 3002 2142 3065 lacerta
2188 3015 2305 3065 est.

550 3096 850 3152 Min-antam
902 3096 1256 3171 flentemque
1304 3100 1366 3152 et
1409 3099 1653 3171 tangere
1697 3099 1964 3153 monstra
2008 3101 2308 3172 parantem

413 3196 514 3240 affin]
550 3184 718 3260 'Fugit
766 3200 942 3240 amun
970 3228 986 3260 2,
1029 3179 1433 3259 latebramque
1479 3182 1670 3261 petit;
1717 3188 2038 3260 aptumque
2083 3181 2292 3261 pudori

546 3272 766 3328 Numen
818 3272 994 3332 hahet
1016 3317 1037 3350 ,
1082 3271 1260 3329 variis
1307 3268 1560 3330 stillatus
1607 3285 1858 3348 corpora
1901 3271 2122 3349 guttis,

634 3360 790 3428 Quas
842 3360 950 3416 dea
994 3375 1101 3438 per
1145 3365 1338 3418 terras
1383 3365 1444 3417 et
1489 3375 1636 3436 quas
1681 3360 1968 3418 erraverit
2011 3358 2237 3440 undas,

550 3448 754 3504 hicme
806 3448 974 3524 leuga
1020 3463 1185 3506 mora
1230 3453 1325 3506 est
1350 3491 1365 3506 .
1422 3448 1734 3525 quaerenti
1777 3445 1967 3507 defuit
2010 3446 2210 3510 orbis.

550 3536 838 3592 Sirmium
890 3536 1146 3612 repetit:
1190 3532 1454 3613 dumque
1500 3534 1696 3594 omnia
1738 3532 1953 3595 lustrat
1997 3535 2230 3618 eundo,

504 3632 510 3640 ·
550 3620 718 3680 ‘ie-'enit
766 3632 822 3680 et
874 3620 942 3680 ari
990 3620 1223 3701 Cyanen
1251 3667 1267 3684 .
1322 3638 1393 3682 ea
1437 3623 1500 3683 ni
1545 3629 1768 3684 mutata
1812 3623 2060 3708 fuisset,
