2467 4042
160 317 186 357 IV

159 455 191 510 X
194 452 240 511 Ul.
261 460 322 510 tum
341 455 370 510 iu
389 454 519 527 proxima
535 455 620 527 plane
636 453 785 526 omissum,
802 462 868 527 post
884 453 974 511 XVIII
985 455 1177 533 „uxrniolr

160 539 192 594 X
195 537 242 594 UI.
260 537 421 596 INCIPIT.
444 538 510 596 UII.
543 537 639 595 Semel
656 543 764 595 tantum
782 538 834 608 ita,
852 539 1005 598 EXPLIC.
1026 539 1101 598 IIII„
1124 539 1178 597 IN-

161 621 244 678 CIPI
244 622 270 678 T
280 622 429 680 EPISTL’
451 622 484 681 1⁷.
513 623 635 679 Nomina
649 639 723 696 quae
740 625 828 695 vulgo
843 623 978 695 eduntur,
993 631 1086 680 sunta
1101 641 1180 681 mauu

160 707 288 762 secunda
305 724 380 763 saec.
391 706 452 764 XII.
473 708 506 763 In
517 707 656 763 Amorum
672 707 750 764 libris
763 725 798 764 ea
813 709 963 780 appellatio
976 708 1106 766 devitata.
1125 711 1181 764 ele·

160 791 224 863 giae
241 791 339 848 litteris
357 792 509 848 maioribus
522 792 697 862 indicantur,
713 808 770 848 nou
784 793 918 848 numeris.
941 795 999 848 non
1013 793 1182 866 distinguun-

159 883 203 930 tur
214 876 240 944 (I
251 880 268 932 2
279 876 308 930 in
318 875 357 945 R)
367 877 392 932 II
403 880 446 935 19.
459 892 612 948 perperam
623 876 801 949 distinguitur
810 878 850 932 llI
861 880 887 946 7,
898 878 941 935 19.
962 879 1135 953 adponuntur
1154 878 1183 932 in

160 960 287 1031 margine
299 961 401 1016 unciali
413 961 551 1033 scriptura
562 978 617 1016 ma.
629 978 673 1033 pr.
688 961 797 1017 indices
813 962 841 1016 in
852 961 928 1016 hune
939 963 1067 1029 modum,
1079 960 1183 1018 COPO·

160 1042 276 1101 SITUS
289 1044 367 1101 EST
379 1044 431 1102 AB
449 1044 633 1116 CORINAM,
647 1046 699 1102 AD
713 1044 913 1102 ANCILLAM
923 1047 981 1103 DE
991 1045 1184 1115 EPISTULA,

158 1128 183 1183 Il
201 1133 219 1186 2
236 1127 467 1186 SUASORIUM
478 1130 530 1186 AB
550 1129 600 1186 SE
621 1131 683 1201 (qui
699 1130 779 1186 deest
794 1131 822 1185 in
843 1131 906 1186 cod.
927 1128 947 1186 S
967 1138 994 1186 et
1013 1131 1129 1203 pertinet
1148 1129 1185 1186 ad

158 1214 183 1267 ll
198 1215 244 1284 1),
259 1213 284 1268 ll
299 1218 317 1271 3
334 1214 387 1270 AB
401 1213 625 1271 EUNUCHUM
636 1213 845 1272 CUSTOBEM
853 1213 1012 1271 NOMINE
1027 1210 1088 1290 (qui
1106 1214 1187 1269 adest

159 1298 188 1353 in
200 1295 235 1365 Β,
251 1298 304 1354 sed
315 1299 478 1369 sequendus
491 1299 540 1354 luit
552 1297 709 1371 Scaliger),
721 1300 758 1354 111
768 1303 785 1358 6
795 1300 847 1356 AB
860 1297 1006 1356 AMNEM
1015 1299 1133 1356 TI
1145 1337 1152 1351 .
1163 1337 1186 1353 ..

158 1382 178 1437 ii
192 1381 301 1438 indices
317 1381 457 1439 interdum
475 1383 578 1439 desunt
594 1385 655 1439 sine
667 1384 842 1455 suspicione,
856 1384 975 1441 velutin
989 1385 1121 1439 librorum
1133 1383 1188 1438 ini·

158 1466 218 1534 tiis,
234 1472 281 1522 aut
301 1473 486 1525 evanuerunt.
515 1467 620 1523 lisdem
639 1468 794 1524 uncialibus
813 1469 909 1524 litteris
925 1468 954 1522 in
970 1469 1065 1524 muer.
1081 1467 1174 1538 aliquo

159 1551 230 1606 tiens
249 1551 382 1609 diversae
402 1552 557 1623 scripturae
576 1552 759 1608 adnotanturz
777 1553 806 1607 in
822 1553 893 1625 Epp.
911 1553 1008 1609 litteris
1025 1552 1189 1623 vulgaribus

159 1636 213 1691 sed
231 1652 304 1707 apr.
315 1652 370 1692 ma.
392 1637 425 1692 ln
437 1635 535 1691 Amor.
549 1636 690 1707 quaedam
707 1642 834 1692 correcta
851 1654 868 1692 a
885 1653 970 1692 manu
988 1637 1073 1708 pardo
1089 1651 1192 1690 reeen-

159 1720 243 1789 tiore,
260 1736 334 1792 quae
351 1721 380 1775 in
398 1721 445 1777 lib.
456 1720 482 1775 ll
499 1737 575 1776 saec.
586 1719 626 1776 Xl
637 1721 714 1793 visa,
731 1727 871 1785 etversus
884 1722 1004 1794 1119,24
1020 1721 1049 1774 in
1066 1720 1158 1791 spatio
1174 1736 1193 1775 a

159 1820 214 1859 ma.
227 1821 270 1876 pr.
283 1805 379 1861 relicto
398 1806 528 1878 scriptus.
557 1806 588 1861 ln
604 1804 677 1878 Epp.
691 1805 784 1876 siquid
795 1806 935 1885 eiusmodi
948 1822 970 1879 a·
981 1821 1025 1876 pr.
1037 1821 1090 1859 ma.
1104 1803 1192 1858 omis·

159 1905 237 1960 sum,
263 1906 366 1948 versus
389 1890 549 1947 dimidiatus
567 1891 616 1945 Vll
640 1893 706 1957 139,
728 1890 867 1946 distichon
891 1890 1012 1962 primum
1032 1905 1078 1959 ep.
1102 1887 1193 1958 XVII,

159 1974 301 2045 supplevit
318 1991 419 2031 manus
436 1975 576 2031 recentior
592 1991 668 2030 saec.
682 1974 748 2044 XII,
766 1991 839 2045 quae
859 1974 888 2028 in
902 1974 976 2045 Epp.
994 1973 1115 2043 plurima
1129 1987 1195 2026 eor·

159 2058 231 2112 rexit
248 2075 281 2114 ac
299 2059 402 2114 misere
419 2058 612 2129 iuterpolavit,
627 2058 656 2112 in
667 2064 786 2127 utroque
798 2074 901 2129 opere,
919 2058 948 2110 in
958 2056 1112 2111 Amoribus
1127 2072 1195 2112 sae·

158 2141 237 2213 pius,
252 2142 364 2214 spurios
376 2158 477 2199 versus
489 2143 518 2195 in
528 2141 656 2211 margine
669 2141 778 2195 adiecit

221 2230 248 2282 2.
261 2225 313 2297 (R)
325 2226 467 2281 Parisinus
480 2225 560 2280 catal.
573 2240 600 2278 n.
613 2227 692 2294 7311,
705 2240 781 2280 saec.
792 2223 819 2278 X
830 2224 889 2278 init.
901 2227 927 2281 4.
939 2223 1116 2295 Praeligatae
1128 2230 1199 2280 sunt

158 2310 281 2381 paginae
297 2312 332 2367 49
348 2327 443 2365 rerum
455 2308 719 2379 astronomicarum,
738 2325 812 2367 saec.
823 2307 870 2363 XI.
893 2308 1110 2379 quaternionum
1120 2308 1200 2364 ordo

159 2410 250 2451 novus
263 2400 290 2450 et
304 2396 414 2466 integer
425 2412 441 2451 a
451 2411 479 2466 p.
490 2400 526 2452 50
536 2394 612 2463 adv,
627 2394 672 2448 cui
691 2394 853 2465 inscriptum
875 2391 1008 2450 OUIDII
1024 2391 1204 2450 NASONIS

158 2477 278 2536 ARTIS
293 2478 524 2536 AMATORIAE
540 2471 546 2560 Ι
564 2477 689 2536 LIBER
706 2477 860 2535 PRIMUS
873 2476 1033 2535 INCIPIT.
1051 2476 1204 2543 (FELIC.

159 2580 213 2619 ina.
232 2566 317 2633 sect)
341 2564 444 2620 deinde
462 2570 528 2637 post
541 2583 568 2622 v.
580 2565 613 2623 17
624 2581 692 2635 pag.
704 2567 739 2622 62
751 2580 796 2620 av.
806 2563 842 2618 P.
863 2561 995 2639 OVIDt'I.
1012 2559 1204 2618 NASONIS.

158 2647 217 2725 AR
233 2639 237 2727 Ι
256 2647 320 2705 TIS
328 2648 560 2725 AMATQRIAE
571 2648 695 2706 LIBER
707 2645 861 2705 PRIMUS
877 2640 882 2725 Ι
901 2647 997 2708 EXP;
1018 2643 1124 2701 RTMr
1135 2644 1207 2701 ΙΝ-

160 2732 225 2793 CiP.·
238 2732 363 2790 LIBER
382 2733 476 2791 SCDa.
499 2740 564 2806 post
581 2752 609 2789 v.
629 2738 663 2790 21
681 2750 709 2804 p.
726 2736 759 2791 75
775 2733 842 2789 adv.
856 2731 885 2787 P
898 2730 1014 2788 OUIDI
1025 2728 1211 2786 NASONIS

159 2815 524 2875 ARTISSIMATORIAE
547 2811 552 2897 Ι
578 2816 712 2873 LIBER.
740 2816 784 2873 II.
810 2814 1008 2873 EXPLICIT.
1039 2812 1214 2870 INCIPIT

159 2900 283 2957 LIBER
299 2901 360 2958 III.
383 2909 447 2973 post
462 2921 491 2958 v.
511 2907 546 2959 25
565 2919 594 2974 p.
609 2905 645 2959 88
661 2918 707 2957 av.
723 2901 752 2957 P
767 2899 882 2976 quun
893 2896 1059 2956 NASONIS
1073 2898 1215 2955 ARTIS

161 2984 389 3053 AMAIORIAE.
413 2985 546 3045 LIBER.
572 2984 629 3042 III
650 2977 655 3064 Ι
681 2985 804 3041 EXPL:
830 2983 986 3041 INCIPIT
1011 2981 1219 3040 EIUSDEM

161 3069 370 3128 REMEBIOR
377 3071 434 3127 UM
443 3070 578 3126 LIBER.
594 3068 621 3125 Ι.
641 3070 719 3124 initio
738 3086 765 3141 p.
778 3075 830 3126 102
847 3086 892 3125 av.
908 3068 937 3123 P
950 3066 1066 3125 OUIDI
1081 3067 1219 3125 NASO·

162 3153 228 3211 NIS
243 3152 367 3211 LIBER
389 3153 550 3211 PRIMUS.
572 3152 847 3211 REMEBIORUM
861 3143 867 3232 Ι
887 3150 1078 3209 EXPLICIT
1095 3150 1219 3208 INCI—

89 3251 91 3257 ·
160 3237 231 3294 PIT
249 3237 432 3295 EIUSDEM
447 3237 602 3296 ANIMOR
609 3229 687 3317 UM}
705 3237 828 3294 LIBER
850 3235 1006 3293 PRIMUS
1026 3235 1220 3293 EPICAM-

162 3314 233 3379 MA3
255 3321 395 3381 IPSIUS.
422 3323 548 3393 sequitur
565 3322 592 3376 in
613 3338 662 3394 pp.
683 3327 733 3379 102
750 3339 807 3390 αν,
826 3325 878 3380 103
891 3321 967 3391 adv,
985 3338 1040 3389 av,
1056 3321 1220 3378 Amorum

161 3407 352 3480 epigramma,
370 3407 462 3479 elegia
474 3411 489 3464 1
506 3406 611 3463 omisso
628 3406 719 3478 primo
732 3404 865 3475 disticho,
882 3407 944 3461 eli
956 3404 1034 3463 adv.
1046 3420 1149 3475 usque
1163 3409 1220 3478 49,

161 3492 227 3547 olim
243 3491 280 3548 ad
298 3492 334 3546 el.
347 3496 402 3550 tv.
414 3495 446 3562 2,
463 3507 525 3547 eum
536 3491 565 3545 in
575 3490 682 3563 pagina
692 3491 788 3545 ultima
799 3506 901 3547 aversa
913 3490 950 3545 de
966 3490 1124 3545 tricenario
1138 3506 1220 3545 ver-

162 3592 243 3631 suum
261 3591 379 3631 numero
397 3576 514 3632 totidem
530 3575 673 3632 abscissos
684 3592 748 3630 esse
761 3574 925 3643 conveniat,
943 3580 1010 3644 quot
1026 3575 1055 3629 in
1071 3573 1220 3632 adversa
