2467 4042
275 186 403 253 320
585 206 907 244 mour-rus
1099 187 1425 243 METAMM
1441 230 1455 244 .

451 353 645 416 Frena
689 372 868 416 manu
914 355 1141 434 spumis
1186 352 1521 416 albentibus
1566 353 1747 416 oblita
1791 354 2023 438 luctor,

316 453 420 505 520
444 442 523 504 Et
567 452 732 504 retro
778 443 966 504 lentas
1011 442 1190 504 tendo
1236 444 1557 523 resupinus
1601 441 1861 504 habenas
1882 491 1895 504 .

445 531 570 593 Nec
613 539 812 592 tamen
851 531 962 592 has
1006 533 1165 592 vires
1210 529 1405 591 rabies
1451 539 1792 611 superasset
1835 549 2129 611 equorum
2145 580 2164 612 ,

447 619 522 681 Ni
568 627 697 681 rota
741 628 1098 700 perpetuum
1144 636 1261 698 qua
1307 619 1788 681 circumvolvitur
1835 639 2005 682 axem
2021 668 2040 702 ,

449 707 680 789 Stipitis
725 726 982 770 occursu
1026 709 1213 769 fracta
1258 724 1327 769 ac
1372 706 1618 769 disiecta
1662 708 1906 770 fuisset.

445 795 732 858 Excutior
778 812 962 858 curru
988 843 1007 876 ,
1051 795 1315 874 lorisque
1361 795 1703 858 tenentibus
1750 805 1915 859 artus

316 893 420 945 525
446 884 687 947 Viscera
730 885 859 946 viva
902 883 1058 946 trahi
1085 931 1103 966 ,
1148 901 1364 946 nervos
1408 886 1472 946 in
1518 886 1705 964 stirpe
1752 887 1945 946 teneri
1961 931 1981 967 ,

445 973 708 1034 Membra
753 973 881 1052 rapi
926 973 1142 1053 partim
1168 1019 1187 1052 ,
1231 973 1569 1052 partimque
1612 990 1900 1053 reprensa
1942 972 2239 1056 relinqui,

364 1075 370 1093 ⁴
446 1061 594 1123 Ossa
639 1079 877 1141 gravem
923 1060 1065 1121 dare
1109 1061 1297 1121 fracta
1340 1078 1554 1122 sonum
1580 1108 1598 1142 ,
1642 1062 1977 1141 fessamque
2020 1062 2257 1124 videres

441 1149 719 1211 Exhalari
763 1151 1017 1210 animam
1041 1194 1061 1229 ,
1105 1148 1417 1228 nullasque
1461 1151 1525 1210 in
1571 1165 1822 1230 corpore
1867 1158 2068 1230 partes
2084 1198 2102 1232 ,

442 1237 704 1299 Noscere
751 1254 897 1317 quas
942 1254 1151 1318 posses
1174 1283 1194 1318 ,
1240 1255 1545 1316 unumque
1591 1245 1720 1299 erat
1763 1241 1960 1299 omnia
2004 1238 2217 1301 vulnus
2241 1286 2255 1300 .

241 1367 253 1377 -
318 1337 424 1388 580
448 1326 606 1388 Nmn
650 1333 822 1406 potes
868 1334 972 1387 aut
1015 1325 1196 1387 audes
1244 1325 1395 1386 cladi
1440 1343 1797 1406 componere
1841 1334 2112 1408 nostrae,

443 1413 710 1496 Nympha
735 1462 753 1497 ,
798 1421 961 1476 tuem
988 1410 1022 1474 ‘e‘
1065 1414 1186 1474 vidi
1229 1431 1469 1492 quoque
1513 1413 1647 1474 luce
1694 1417 1955 1476 carentia
2001 1433 2183 1495 regna
2200 1464 2218 1498 ,

443 1502 523 1565 Et
567 1503 830 1565 lacerum
875 1504 995 1563 fovi
1038 1501 1529 1582 Phlegethontide
1576 1519 1795 1583 corpus
1840 1505 1903 1564 in
1949 1503 2106 1565 unda
2127 1549 2142 1564 .

443 1591 569 1653 Nec
602 1593 730 1652 nisi
774 1590 1113 1670 Apollineae
1160 1590 1351 1651 valido
1397 1591 1783 1653 medicamine
1830 1590 2014 1671 prolis

444 1679 695 1742 Reddita
739 1680 857 1740 vita
902 1680 1100 1740 foret.
1157 1696 1335 1759 quam
1379 1687 1695 1759 postquam
1741 1678 1999 1741 fortibus
2043 1679 2247 1742 herbis

313 1777 417 1828 535
444 1767 638 1847 Atque
686 1785 799 1848 ope
843 1767 1141 1848 Paeonia,
1186 1766 1320 1828 Dite
1365 1766 1754 1848 indignante,
1800 1769 2037 1849 recepi,

443 1856 596 1918 Tum
641 1855 832 1936 mihi,
875 1874 952 1917 ne
996 1814 1281 1935 prae’sens
1326 1873 1606 1935 augerem
1650 1858 1917 1916 muneris
1961 1855 2138 1917 buius

442 1943 771 2027 Invidiam,
816 1942 1030 2005 densas
1075 1942 1293 2005 obiecit
1339 1943 1584 2023 Cynthia
1631 1943 1856 2006 nubes:

443 2031 640 2113 thue
684 2033 879 2094 forem
923 2040 1089 2094 tutus
1115 2079 1133 2114 ,
1178 2049 1535 2112 possemque
1580 2034 1824 2112 impune
1869 2031 2093 2115 videri,

443 2121 681 2183 Addidit
726 2129 977 2183 aetatem
1021 2137 1135 2181 nec
1180 2119 1590 2199 cognoscenda
1634 2120 1876 2199 reliquit
2060 2131 2105 2175 ί.
2136 2133 2283 2176 00¹ss.

315 2220 419 2270 540
447 2208 567 2272 Ora
611 2209 802 2291 mihi;
849 2209 1184 2287 Cretenque
1230 2208 1333 2270 diu
1379 2207 1666 2270 dubitavit
1710 2208 2041 2270 habendam

444 2297 734 2360 Traderet
757 2344 777 2379 ,
823 2314 898 2358 an
941 2296 1127 2358 Delon
1155 2343 1170 2358 .
1224 2295 1369 2357 Delo
1417 2295 1709 2376 Cretaque
1755 2297 1979 2359 relictis

443 2385 556 2447 Hic
599 2388 802 2467 posuit
825 2433 844 2466 ,
890 2402 1225 2464 nomenque
1274 2384 1491 2467 simul,
1538 2385 1699 2465 quod
1751 2387 1943 2465 possit
1996 2402 2287 2464 equorum

449 2474 837 2534 Admonuissc
865 2522 881 2554 ,
926 2473 1093 2535 iubet
1137 2473 1436 2553 deponere
1462 2521 1481 2554 ,
1528 2469 1701 2552 “qui'
1747 2491 1863 2553 que
1912 2469 2101 2535 ‘fuisti

453 2565 801 2642 Hippolytus
829 2558 869 2642 ,⁵
914 2561 1064 2623 dixit
1109 2557 1293 2623 ‘nunc
1338 2562 1494 2623 idem
1540 2560 1779 2623 Virbius
1825 2569 1954 2624 esto
1975 2557 2039 2623 .''

320 2666 416 2710 5431
453 2650 577 2710 Hoc
629 2670 837 2710 nemus
881 2649 1018 2711 inde
1065 2649 1195 2711 colo
1222 2697 1241 2732 ,
1287 2649 1360 2711 de
1407 2650 1616 2729 disque
1662 2649 1993 2716 minorihus
2036 2667 2194 2712 unus

449 2742 697 2798 Numine
749 2738 857 2798 suh
905 2737 1175 2799 dominae
1221 2737 1376 2800 lateo
1422 2747 1601 2818 atque
1648 2756 1970 2800 accenseor
2014 2737 2098 2800 illi
2117 2734 2155 2800 .'

537 2830 665 2886 Non
717 2838 910 2890 tamen
953 2825 1204 2906 Egeriae
1250 2826 1448 2888 luctus
1492 2826 1682 2889 aliena
1726 2827 1919 2888 levare

453 2918 665 2978 [lamna
717 2918 951 2997 valeam
996 2917 1334 2994 montisque
1379 2917 1579 2977 iacens
1623 2914 1924 2978 radicibus
1967 2917 2103 2976 imis

453 3006 513 3066 Li
525 3010 725 3082 quitur
773 3010 833 3066 in
881 3005 1149 3066 lacrimas
1175 3051 1193 3085 ,
1241 3004 1431 3065 donec
1475 3006 1694 3084 pietate
1740 3003 1995 3065 dolentis

320 3106 421 3154 55ss
449 3094 601 3154 Mota
641 3114 809 3154 soror
849 3092 1069 3154 Phoebi
1107 3092 1367 3172 gelidum
1404 3091 1478 3153 de
1515 3109 1764 3173 corpore
1802 3092 2026 3154 fontem
2050 3103 2097 3146 ί.
2126 3104 2279 3147 ccxiii·

453 3186 613 3242 Feoit
641 3230 657 3262 ,
707 3194 765 3242 et.
813 3189 1080 3243 aeternas
1126 3188 1292 3243 artus
1337 3183 1603 3243 tenuavit
1645 3184 1709 3243 in
1753 3180 1945 3242 undas
1965 3227 1980 3242 .

453 3270 529 3330 Et
573 3263 857 3350 nymphas
900 3271 1098 3350 tetigit
1141 3287 1292 3331 nova
1335 3287 1435 3332 res
1460 3318 1479 3352 ,
1525 3277 1587 3331 et
1630 3270 1920 3331 Amazone
1967 3277 2140 3332 natus

453 3358 617 3418 Haud
669 3362 837 3418 aliter
885 3359 1112 3438 stupuit
1136 3406 1154 3440 ,
1201 3376 1379 3438 quam
1425 3375 1561 3420 cum
1605 3357 1951 3439 Tyrrhenus
1997 3366 2193 3420 arator

453 3446 705 3506 Fatalem
757 3446 1016 3526 glaebam
1062 3446 1275 3509 mediis
1320 3449 1549 3526 aspexit
1592 3449 1657 3508 in
1701 3449 1856 3509 arvis

320 3546 421 3594 5155
457 3534 677 3614 Sponte
709 3554 809 3594 sua
841 3537 1097 3614 primum
1125 3535 1407 3615 nulloque
1437 3537 1692 3615 agitante
1720 3538 1981 3618 moveri,
2060 3550 2107 3591 t.
2134 3549 2282 3591 cmv-
