2467 4042
206 279 243 346 I‘l
590 278 837 343 HEROIDES.

289 435 341 496 [iic
355 434 443 510 mihi,
467 433 541 508 quid
555 433 629 506 ieci,
652 432 712 493 nisi
727 449 788 492 non
805 434 959 510 sapienter
972 440 1097 497 arnaria

329 518 458 579 Crimine
474 525 503 577 le
517 518 602 593 potui
617 517 808 578 demeruisse
822 535 902 580 meo.

287 602 385 664 Unum
401 603 430 662 in
446 617 495 662 me
511 603 613 662 scelus
630 608 693 676 est,
716 602 800 677 quod
814 608 859 679 te,
879 606 1045 679 scelerate,
1068 606 1187 680 recepi

243 697 277 750 00
331 686 394 747 Sed
409 687 512 748 scelus
527 685 587 745 hoc
602 685 700 746 meriti
714 686 838 761 pondus
854 694 884 747 el
897 689 992 748 instar
1005 689 1111 750 habel.

286 770 370 845 lura,
393 770 471 830 fides
489 770 541 831 ubi
559 784 657 843 nunc,
680 770 906 848 commissaque
922 773 1050 833 dextera
1065 774 1198 834 dextrae

328 854 447 931 Quique
460 861 526 914 erat
540 854 571 913 in
587 853 665 914 falso
682 854 829 929 plurimus
846 872 900 916 ore
915 856 1016 917 deust

285 938 459 999 Promissus
476 939 580 999 socios
596 937 648 998 ubi
665 953 745 998 nune
762 939 959 1017 Hymenaeus
973 942 1006 1001 in
1019 957 1135 1013 annos

327 1023 384 1098 Qui
401 1023 474 1082 mibi
489 1020 624 1097 coniugii
639 1038 774 1097 sponsor
788 1032 819 1084 00
835 1025 928 1084 obses
944 1032 1028 1085 erait

242 1118 276 1171 05
286 1107 344 1167 Per
357 1122 455 1182 mare,
479 1108 562 1184 quod
578 1113 674 1166 totum
690 1107 788 1167 ventis
803 1108 933 1182 agitatur
946 1116 978 1169 el
992 1111 1094 1186 undis,

326 1190 383 1251 Per
400 1192 485 1266 quod
500 1206 595 1265 saepe
605 1190 702 1265 ieras,
722 1206 778 1266 per
793 1193 876 1267 quod
891 1194 987 1252 iturus
1004 1209 1085 1269 eras,

284 1274 404 1350 Perque
421 1282 505 1336 tuum
523 1274 595 1334 mihi
611 1273 733 1351 iurasti,
754 1275 813 1335 nisi
830 1276 919 1336 lictus
934 1284 964 1338 el
978 1279 1028 1337 ille
1043 1286 1101 1353 est,

328 1358 453 1420 Concita
469 1359 520 1435 qui
536 1359 635 1419 venus
651 1374 788 1434 aequora
802 1361 928 1434 mulcet,
951 1376 1053 1436 avum,

284 1440 342 1502 Per
356 1444 509 1504 Venerem
524 1443 713 1517 nimiumque
727 1443 800 1503 milri
816 1440 958 1504 iacienda
972 1446 1041 1514 tela,

243 1538 277 1592 tu
329 1527 435 1588 Altera
448 1528 509 1587 tela
522 1543 630 1602 arcus,
652 1528 746 1587 altera
759 1530 819 1587 tela
835 1528 929 1604 laces,
1221 1590 1233 1603 ,,

286 1611 512 1689 Iunonemque,
532 1611 608 1673 toris
625 1627 707 1687 quac
719 1611 875 1686 praesidet
889 1614 969 1672 alma
984 1613 1110 1686 maritis,
1219 1612 1232 1625 ⁶

327 1695 365 1755 Et
379 1712 435 1771 per
451 1695 621 1756 taediferae
633 1696 765 1772 mystica
779 1708 868 1756 sacra
884 1696 970 1756 deae.
1216 1694 1233 1763 ,Γ

286 1780 318 1840 Si
336 1780 375 1839 de
389 1786 434 1841 tot
447 1779 541 1840 laesis
557 1795 614 1839 sua
628 1780 753 1840 numina
767 1780 898 1856 quisque
914 1781 1045 1842 dearum
1114 1783 1118 1790 '
1216 1779 1234 1857 ι]

328 1864 483 1940 Vindicet,
504 1864 534 1925 in
550 1879 670 1939 peenas
685 1880 746 1925 non
762 1865 837 1925 satis
852 1881 932 1924 unus
948 1865 1020 1925 eris.
1224 1872 1229 1879 “

243 1959 275 2012 05
286 1949 326 2009 At
341 1950 459 2009 laceras
476 1949 566 2009 etiam
584 1963 705 2023 puppes
720 1948 837 2010 furiosa
850 1948 958 2023 reieci,

326 2033 379 2106 Ul,
404 2049 465 2109 qua
480 2033 655 2108 desererer,
677 2031 764 2093 firma
781 2033 885 2092 carina
899 2033 992 2092 torel:

260 2154 264 2159 ,
285 2116 517 2192 Remigiumque
534 2116 623 2192 dedi,
647 2131 708 2192 quo
726 2132 774 2175 rna
790 2116 940 2192 fugiturus
955 2115 1067 2179 abires.

326 2201 408 2275 Heu,
429 2200 530 2276 patior
544 2201 612 2260 telis
631 2202 757 2261 vulnera
772 2202 852 2261 lacta
866 2202 962 2261 meist

285 2285 477 2345 Credidimus
494 2284 632 2360 blandis,
656 2300 786 2360 quorum
801 2284 854 2345 libi
870 2286 976 2360 copia,
998 2286 1118 2346 verbis=
1216 2284 1226 2365 ᾖ

242 2369 517 2432 eadredidimus
534 2369 639 2445 generi
655 2368 891 2444 numinibusque
907 2369 982 2430 tais·
1065 2384 1069 2389 ·
1222 2392 1230 2403 r

242 2382 475 2515 50Credidimus
490 2453 632 2514 lacrimis
656 2469 694 2513 an
709 2459 738 2511 et
751 2453 810 2513 hae
825 2453 957 2513 similare
974 2454 1145 2515 docentur?
1226 2457 1230 2480 *

315 2537 390 2597 Hae
406 2553 530 2614 quoque
543 2536 657 2596 habent
671 2542 768 2612 artes,
787 2553 910 2612 quaque
924 2535 1079 2634 iubentur,
1099 2545 1191 2598 eunti
1216 2543 1234 2574 l

284 2622 337 2682 Dis
353 2636 478 2697 quoque
492 2621 688 2682 credidimus.
723 2620 811 2695 Quo
804 2637 862 2682 ram
879 2627 926 2682 tot
937 2621 1070 2697 pignora
1080 2610 1227 2684 0000000

325 2705 413 2765 Parte
429 2706 504 2767 salis
519 2705 604 2781 potui
620 2703 754 2781 qualibet
769 2705 841 2765 inde
858 2706 936 2781 capi.
1215 2702 1232 2731 ⁴¹

242 2802 275 2852 55
287 2789 349 2849 Nec
363 2805 506 2866 moveor,
529 2790 614 2884 quod
629 2797 658 2850 le
675 2789 736 2849 iuvi
751 2797 905 2866 portuque
917 2791 1058 2866 locoque

324 2872 434 2935 Debuit
447 2874 525 2934 haec
538 2873 636 2934 meriti
655 2890 773 2935 summa
788 2874 886 2935 luisse
903 2874 982 2934 meir:
1217 2874 1231 2918 ⁵·

281 2958 420 3033 Turpiter
435 2957 600 3034 hospitium
617 2959 696 3020 lecto
713 2958 886 3018 cumulasse
900 2958 993 3034 iugali
1216 2960 1217 2967 ’

323 3042 474 3118 Paenitet,
496 3049 525 3103 et
542 3043 629 3102 lateri
644 3042 843 3103 conseruisse
857 3044 944 3102 latus.

282 3125 367 3201 Quae
381 3127 435 3188 ibit
450 3132 521 3188 ante
535 3126 631 3201 iliam,
652 3128 771 3187 mallem
786 3140 930 3201 suprema
944 3124 1054 3187 inisset

240 3221 273 3274 00
324 3210 393 3272 Νοκ
408 3210 496 3287 mihi,
520 3212 591 3271 dum
606 3211 695 3286 potui
710 3210 827 3290 Phyllis
841 3210 972 3271 honesta
986 3208 1073 3269 mori.

282 3295 410 3369 Speravi
426 3295 548 3371 melius,
571 3296 644 3370 quia
657 3295 847 3356 demeruisse
864 3295 978 3370 putavi.
1221 3344 1223 3355 ,

324 3377 539 3454 Quaecumque
554 3395 592 3439 ex
608 3380 714 3440 merito
730 3395 803 3454 spes
819 3379 915 3454 venit,
938 3394 1036 3454 aequa
1052 3379 1147 3442 venit.
1208 3374 1225 3441 l

280 3462 397 3522 Fallere
412 3464 585 3524 credentem
600 3479 661 3524 non
677 3471 726 3524 est
740 3478 874 3538 operosa
886 3463 1019 3538 puellam
1221 3493 1224 3500 ν

324 3547 436 3608 Gloria.
460 3548 637 3621 simplicitas
654 3548 747 3623 digna
763 3547 869 3609 favore
887 3548 948 3607 lun.
