2467 4042
213 214 276 279 170
363 231 544 270 assensuros
625 211 805 267 METAMM.

298 377 473 460 Interdum,
496 379 601 439 faeiem
623 377 801 456 liquidarum
822 379 955 440 imitatus
978 397 1114 459 aquarum
1121 427 1129 459 ,

298 467 423 528 Flumen
446 484 534 547 eras,
556 465 708 527 interdum
730 465 819 527 undis
841 469 1008 528 contrarius
1029 469 1116 548 ignis.

299 555 361 617 Nec
383 557 484 616 minus
506 554 642 634 Autolyci
664 556 815 636 coniunx,
837 553 1052 635 Erysichthone
1073 564 1148 634 nata,

299 643 377 705 luris
399 642 511 704 babet.
538 650 624 722 pater
646 642 735 704 botius
758 651 823 704 erat
834 691 844 726 ‚
867 646 918 722 qui
941 645 1060 706 numina
1081 643 1164 704 dirum

236 745 286 794 ⁷40
302 731 466 811 sperneret
488 740 519 793 et
540 730 638 792 nullos
661 733 721 792 aris
743 730 876 792 adoleret
896 731 1043 794 bonores.

299 819 351 880 llle
374 820 463 881 etiam
486 818 607 881 Cereale
630 837 735 881 nemus
757 820 882 881 violasse
905 822 1006 881 securi

299 907 414 968 Dicitur
432 915 463 969 et
485 906 569 969 lucos
591 909 672 969 lerro
695 915 856 969 temerasse
878 914 1031 970 venustos.

300 995 402 1057 Stabat
423 998 455 1056 in
477 995 525 1056 bis
546 997 652 1075 ingens
674 1013 786 1057 annoso
809 994 918 1057 robore
941 1014 1087 1077 quercus,

299 1083 364 1145 Una
386 1101 513 1145 nemus.
540 1085 631 1145 vittae
653 1083 781 1145 mediam
803 1101 1013 1163 memoresque
1034 1082 1145 1145 tabelae

234 1184 285 1233 tet
300 1172 445 1252 Sertaque
470 1170 648 1254 cingebant,
669 1175 731 1233 voti
753 1180 925 1251 argumenta
946 1175 1090 1252 potentie.

299 1260 394 1339 Saepe
416 1259 473 1321 sub
495 1260 550 1321 bac
572 1258 698 1339 dryades
720 1261 812 1322 festas
834 1259 947 1322 duxere
970 1261 1106 1322 choreae:

300 1347 393 1427 Saepe
417 1350 506 1409 etiam
528 1347 665 1409 manibus
687 1351 772 1410 nexis
795 1366 832 1409 ex
854 1348 959 1410 ordine
982 1351 1081 1410 trunci

299 1435 451 1498 Circidere
474 1435 596 1497 modum
608 1483 618 1518 ,
641 1453 841 1515 mensuraque
863 1435 982 1498 roboris
1004 1437 1086 1500 ulnae

300 1524 438 1603 Quinque
461 1531 508 1585 ter
530 1523 692 1604 implebat.
720 1542 776 1586 nec
798 1541 859 1585 non
883 1532 914 1586 et
936 1532 1037 1586 cetera
1057 1531 1130 1586 tcum

234 1625 285 1673 750
300 1612 379 1673 Silva
401 1611 458 1673 sub
479 1612 557 1695 bae,
579 1612 652 1673 silva
675 1620 785 1692 quanto
808 1613 866 1673 luit
887 1612 980 1674 herba
1003 1612 1059 1675 sub
1080 1612 1162 1673 omni.

299 1700 364 1761 Non
387 1709 486 1762 tamen
508 1700 622 1762 idcirco
646 1702 760 1762 ferrum
782 1699 941 1780 Triopeius
962 1700 1012 1762 illa

298 1788 469 1870 Abstinuit,
492 1788 678 1868 famulosque
699 1788 784 1851 iubet
805 1787 960 1850 succidere
984 1807 1098 1851 sacrum

299 1876 424 1939 Robur:
447 1885 477 1938 et
499 1885 534 1939 ut
554 1879 654 1939 iussos
677 1879 812 1939 cunctari
828 1876 924 1958 vidit,
947 1875 983 1938 ab
1006 1895 1066 1939 uno

297 1964 398 2026 Edidit
420 1965 493 2026 baec
515 1974 599 2045 rapta
623 1965 785 2028 sceleratus
807 1964 898 2026 verba
920 1968 1038 2027 securi:

234 2065 285 2116 too
300 2049 389 2114 “Non
412 2053 519 2115 dilecta
541 2053 614 2115 deae
637 2053 733 2116 solum
745 2101 755 2135 ,
778 2052 831 2114 sed
854 2061 884 2114 et
906 2055 970 2132 ipsa
992 2053 1092 2115 licebit

300 2141 345 2202 sit
367 2140 422 2202 dea
433 2189 443 2224 ,
465 2143 524 2203 iam
547 2149 648 2221 tanget
669 2140 827 2203 frondente
849 2143 1003 2203 cacumine
1024 2132 1157 2203 terram.”

299 2228 399 2310 Dixit,
423 2237 454 2291 et
475 2229 612 2309 obliquos
634 2229 705 2292 dum
728 2229 821 2291 telum
842 2228 932 2291 librat
952 2232 985 2291 in
1007 2231 1099 2312 ictus,

300 2317 486 2380 Contremuit
507 2320 711 2398 gemitumque
734 2318 815 2380 dedit
837 2317 927 2379 lleola
950 2335 1095 2398 quercus:

299 2405 338 2467 Et
359 2408 473 2486 pariter
495 2405 639 2489 frondes,
660 2408 774 2486 pariter
796 2405 957 2486 pallescere
980 2406 1099 2486 glandes

234 2506 285 2555 reo
300 2493 432 2573 Coepere
454 2512 489 2555 ae
510 2494 592 2574 longi
613 2494 756 2574 pallorem
779 2493 889 2556 ducere
912 2496 1005 2556 rami.

300 2581 392 2643 Cuius
415 2586 503 2644 utin
525 2591 633 2644 trumo
657 2584 728 2644 lecit
749 2600 855 2644 manus
877 2584 967 2663 inpia
989 2582 1110 2663 vulnus,

300 2669 385 2731 Haud
408 2670 494 2731 aliter
517 2670 603 2733 lluxit
625 2671 760 2733 discusso
783 2672 895 2732 cortice
917 2673 1056 2753 sanguis,

300 2759 395 2829 Quam
418 2757 516 2840 solet,
538 2767 607 2821 ante
630 2777 697 2820 aras
718 2760 824 2840 ingens
846 2757 900 2820 ubi
920 2761 1040 2820 victima
1061 2767 1146 2821 muru

300 2846 456 2927 Concidit,
479 2847 604 2927 abrupta
627 2865 717 2909 cruor
739 2865 757 2908 e
779 2849 895 2908 cervice
917 2847 1074 2928 prolrmdi.

235 2947 285 2996 rod
300 2934 478 3016 Obstipuere
501 2954 627 2997 omnes:
650 2936 815 3015 aliquisque
838 2953 875 2997 ex
897 2935 1035 2997 omnibus
1057 2935 1132 2998 audet

299 3022 458 3086 Deterrere
480 3026 586 3106 nelos,
608 3041 783 3104 saevamque
805 3022 941 3085 inhibere
964 3023 1126 3104 bipennem.

299 3112 413 3193 Aspicit
429 3112 532 3196 buno,
554 3107 698 3174 “mentis'
713 3130 771 3192 que
785 3107 863 3192 ‘piae
877 3131 949 3192 cape
962 3115 1090 3193 praemia
1097 3106 1122 3174 i’
1132 3102 1176 3168 aut

299 3200 481 3284 Thessalus,
503 3204 593 3280 inque
617 3203 715 3262 virum
736 3202 884 3262 convertit
905 3199 942 3262 ab
965 3199 1069 3263 arbore
1087 3202 1174 3266 terrm

299 3287 521 3370 Detrnnoatque
544 3297 656 3371 caput3
678 3291 865 3369 repetitaque
888 3287 996 3350 robora
1019 3288 1120 3368 caedit,

233 3390 285 3440 rto
299 3377 443 3440 Redditus
466 3397 483 3439 e
505 3377 604 3440 medio
628 3384 789 3439 sonuscst
811 3394 880 3439 oum
902 3376 1011 3439 robore
1032 3376 1111 3440 talis:

299 3462 456 3545 “Nympha
478 3465 534 3528 sub
557 3466 615 3527 boe
637 3483 693 3546 ego
715 3483 783 3528 sum
805 3464 907 3527 Cereri
936 3467 1099 3546 gratissima
1114 3461 1173 3539 lull,

299 3554 381 3626 Quae
403 3554 458 3616 tibl
482 3557 629 3617 laetorum
651 3572 762 3636 poenas
783 3557 896 3616 instare
916 3562 1039 3617 tuorum
