2467 4042
179 228 245 295 354
584 232 777 283 russonum

267 394 404 455 Gramina
427 396 567 456 continuo
590 392 695 454 loculis
718 395 866 474 depromit
887 396 1035 460 eburnis:

201 495 251 543 750
310 482 487 543 Proluerant
509 481 611 542 Glauci
635 481 771 544 manibus
792 483 841 543 illa
863 487 966 562 prius.

267 570 386 650 [Tuno,
410 588 477 631 cum
500 569 670 630 observatas
688 572 793 649 anguis
812 571 966 633 descendit
990 573 1028 634 ad
1044 576 1176 658 umbras,

310 657 387 718 Usus
411 667 441 718 et
462 657 569 718 araxilio
593 665 639 718 est
661 661 766 736 anguis
789 658 825 718 ab
848 677 942 739 angue
968 662 1075 740 dato.]

264 746 389 807 Pectora
411 753 457 806 ter
480 747 577 824 tetigit
588 792 598 826 ,
622 753 668 806 ter
690 746 781 807 verba
803 747 930 808 salubria
954 748 1052 811 dixit:

309 832 480 913 Depositum
503 841 584 894 terra
607 833 727 894 sustulit
750 834 802 895 illc
822 844 925 914 caput.

200 934 250 982 'toa
265 920 363 983 Lucus
387 939 456 981 eum
477 921 674 1000 Nemorisque
696 923 741 982 tui
753 968 763 1002 ,
786 922 952 1005 Dictynna,
976 943 1119 989 recessus
1205 934 1206 979 l

310 1008 412 1069 Colat:
444 1008 564 1069 Aricino
587 1007 706 1069 Virbius
728 1009 777 1070 ille
800 1010 883 1072 lacu.

262 1097 300 1158 tt
323 1096 480 1176 Clymenus
503 1095 666 1175 Clothoque
690 1097 807 1160 dolent:
839 1098 933 1180 haec,
957 1100 1006 1160 tila
1032 1106 1147 1184 reneri,

307 1184 383 1262 llic,
406 1185 472 1244 lieri
495 1187 579 1263 regni
601 1187 667 1245 iura
690 1188 803 1246 minora
827 1189 889 1248 sui.

262 1273 416 1353 luppiter,
440 1272 606 1350 exemplum
629 1276 764 1353 veritus,
786 1274 894 1335 direxit
915 1276 947 1335 in
970 1278 1075 1354 ipsum

199 1373 251 1422 tto
308 1360 465 1441 Fulmina,
488 1363 540 1439 qui
562 1363 670 1420 nimiae
694 1372 826 1422 moverat
847 1365 919 1423 artis
941 1381 1052 1442 opem.

261 1448 401 1529 Phoebe,
425 1447 620 1527 querebaris:
653 1447 727 1509 deus
750 1457 818 1531 est,
840 1449 957 1528 placare
980 1456 1117 1533 parcnti3

305 1536 432 1615 Propter
454 1544 507 1616 te,
528 1536 594 1597 fleri
617 1535 696 1615 quod
719 1544 820 1617 vetat,
843 1540 906 1617 ipse
928 1539 1021 1600 lacit.

429 1647 481 1711 21.
503 1643 566 1710 Du
611 1647 663 1712 22.
686 1644 746 1712 EO
792 1648 844 1713 23.
866 1647 924 1715 FO

261 1755 326 1816 Non
350 1773 404 1835 ego
427 1763 480 1835 te,
503 1757 636 1835 quamvis
658 1755 832 1835 properabis
855 1758 994 1838 vincere,
1019 1758 1146 1838 Caesar,

306 1844 338 1904 Si
360 1851 440 1904 vetet
462 1844 649 1923 auspicium,
672 1845 754 1922 signa
776 1861 895 1904 morere
918 1844 1027 1906 velim.

197 1944 247 1993 'teo
263 1931 329 1992 Sint
351 1929 406 1992 tibi
429 1930 589 1991 Flaminius
611 1929 843 2011 Trasimenaque
866 1931 952 1992 litora
975 1941 1089 2016 testes,

307 2019 365 2080 Per
387 2018 522 2102 volucres
545 2036 656 2097 aequos
678 2019 770 2080 multa
793 2035 913 2079 monere
936 2020 1029 2082 deos.

260 2106 405 2186 Tempora
429 2108 455 2167 si
478 2108 586 2166 veteris
610 2108 728 2186 quaeris
751 2108 907 2167 temeraria
929 2107 1052 2190 damni,

305 2193 434 2266 Quartus
457 2192 494 2253 ab
517 2202 649 2254 extremo
672 2211 774 2255 mense
798 2193 843 2254 bis
866 2193 914 2255 ille
938 2194 1021 2257 dies.

259 2284 382 2343 Postera
400 2282 450 2342 lux
469 2282 591 2342 melior.
624 2290 745 2360 superat
758 2274 912 2342 Masinissa
926 2281 1111 2367 Syphacem,
1125 2299 1177 2350 (ω)

195 2383 245 2431 770
303 2369 341 2430 Et
364 2370 471 2430 cecidit
493 2369 561 2430 telis
583 2366 749 2435 Hasdrubal
771 2370 835 2448 ipse
858 2371 937 2431 suis.
1205 2386 1206 2447 l

603 2481 655 2545 24.
679 2477 739 2544 GC

259 2589 406 2669 Tempora
427 2588 590 2669 labuntur,
613 2590 770 2667 tacitisque
793 2590 976 2650 senescimus
999 2595 1106 2673 annis,
1205 2596 1206 2605 ’

305 2676 343 2738 Et
366 2677 484 2755 lugiunt
506 2678 591 2738 lrono
614 2694 675 2737 non
697 2686 864 2738 remorante
887 2677 969 2738 dies.

230 2780 235 2787 ·
261 2764 355 2837 Quam
377 2767 437 2825 cito
460 2773 607 2826 venerunt
629 2764 778 2826 Fortunae
800 2764 898 2826 Fortis
921 2764 1071 2828 honores!

303 2853 375 2913 Post
397 2861 511 2932 septem
533 2854 616 2914 luces
638 2851 742 2913 lunius
765 2860 850 2913 actus
872 2854 946 2913 erit.

195 2955 246 3003 tto
259 2940 325 3023 lte,
348 2942 433 3002 deam
456 2940 525 3001 laeti
547 2941 667 3002 Fortem
689 2940 858 3021 celebrate,
880 2938 1033 3010 Quirites!

304 3029 337 3090 ln
360 3028 477 3090 Tiberis
499 3031 563 3108 ripa
586 3047 710 3090 munera
733 3032 812 3108 regis
834 3027 940 3089 habet.

260 3117 332 3178 Pars
355 3116 430 3196 pede
442 3163 452 3197 ,
474 3134 544 3197 pars
567 3120 655 3178 etiam
678 3116 770 3178 celeri
791 3116 942 3177 decurrite
962 3116 1090 3197 cumba,

306 3205 367 3266 Nec
389 3205 500 3283 pudeat
521 3213 607 3285 potos
630 3204 698 3265 inde
721 3204 819 3265 redire
843 3203 980 3265 domum.

260 3292 347 3355 Ferte
371 3301 528 3354 coronatae
551 3296 690 3354 iuvenum
713 3294 844 3353 convivia
867 3292 989 3371 lintres,

195 3394 245 3442 '180
304 3380 454 3459 Multaque
476 3399 530 3460 per
553 3382 665 3442 medias
687 3384 753 3442 vina
775 3380 915 3441 bibantur
938 3394 1047 3458 aquus.

259 3467 348 3529 Plebs
370 3468 560 3548 colitbanc,
583 3471 652 3548 quia
674 3473 727 3548 qui
749 3470 870 3548 posuit,
893 3468 930 3528 de
952 3465 1041 3547 plebe
1065 3467 1168 3529 luisse
1205 3490 1206 3517 r

304 3554 435 3633 Fertur,
458 3564 546 3615 etex
569 3554 673 3616 bumili
696 3566 812 3634 sceptra
836 3555 939 3616 tulisse
962 3555 1047 3615 loco.
