2467 4042
282 273 392 334 xvru.
417 272 521 351 [nui]
543 271 700 333 nunus
721 271 901 336 44-119.
1012 272 1075 338 lta

167 428 206 489 Et
221 441 392 503 numquam
404 426 549 502 'piaoides
567 440 640 486 esse
654 439 798 501 precarer
811 440 919 501 aquas.

126 512 207 589 Quid
218 519 323 574 tamen
338 510 454 587 evenit,
477 525 532 570 eur
549 507 595 570 sis
609 509 793 570 metuentior
808 510 919 584 undae,

170 598 447 672 contemptumque
461 593 547 670 prius
560 609 643 654 nune
658 607 786 653 vereare
802 595 930 655 iretumt

78 691 116 746 85
126 682 203 742 Nam
219 679 345 741 memini
360 694 431 740 oum
442 685 474 739 to
490 693 618 741 saevum
632 676 775 738 veniente
789 678 956 754 minaxque
975 722 979 731 .

168 767 236 826 iton
254 762 373 840 minas,
394 769 447 826 aut
459 763 554 824 multo
569 777 632 822 non
650 761 750 821 minus
767 777 884 836 aequor
897 772 976 824 eram

124 851 199 911 Cum
212 848 269 911 tibi
284 847 456 910 clamabam
471 847 532 908 ‘sio
548 854 581 908 tu
594 844 776 907 temerarius
791 855 869 919 esto,

166 934 212 995 Ne
225 933 361 995 miserae
375 931 472 993 virtus
485 931 528 992 sit
541 939 595 992 tua
607 928 715 991 flenda
728 928 825 990 mihi?

123 1018 214 1079 Unde
230 1033 334 1080 novus
348 1016 440 1077 timor
452 1016 518 1090 hio,
542 1031 669 1092 quoque
684 1015 737 1074 ilie
752 1013 882 1076 audacia
896 1015 992 1092 iugitt

82 1112 117 1166 90
169 1104 304 1180 Mngnus
318 1100 372 1163 ubi
387 1108 436 1162 est
450 1100 563 1177 spretis
576 1099 629 1160 iiie
644 1105 764 1161 natator
777 1099 890 1174 aquisr

124 1186 176 1248 Sis
195 1193 301 1247 tamen
316 1185 378 1246 hoe
394 1185 513 1262 potius,
535 1199 628 1259 quam
644 1182 729 1260 quod
744 1182 831 1259 prins
848 1199 921 1245 esse
936 1182 1069 1256 solebas,

166 1272 205 1331 Et
221 1271 319 1331 iaoias
336 1269 491 1346 piacidum
506 1283 563 1345 per
576 1283 662 1331 mare
676 1274 760 1328 tutus
775 1268 847 1327 item

122 1354 300 1416 Dummodo
317 1353 363 1416 sis
378 1353 470 1414 idem.
493 1352 566 1415 darn
582 1352 645 1426 sio,
668 1359 701 1413 ut
714 1349 840 1425 som'bis,
862 1368 1007 1426 memor,

166 1440 369 1514 Flammaque
382 1454 445 1499 non
459 1438 514 1498 iint
527 1437 658 1512 irigidus
672 1436 725 1499 iiie
738 1434 826 1497 einis.

82 1532 116 1585 to
126 1524 196 1585 Non
211 1537 272 1598 ego
287 1528 349 1583 tam
367 1529 478 1584 ventos
491 1522 586 1586 timeo
603 1536 672 1581 mea
689 1529 764 1585 vota
779 1528 943 1593 morantes,
964 1564 966 1569 ·

168 1608 268 1683 Quam
284 1606 394 1668 similis
409 1613 501 1667 vento
517 1621 558 1666 ne
568 1612 641 1667 treus
655 1611 737 1666 erret
752 1621 852 1666 amor:

111 1691 169 1752 -Ne
181 1708 247 1753 non
261 1691 321 1752 sim
335 1691 424 1767 tenti,
446 1697 658 1767 superentque
672 1688 810 1765 perionis
823 1704 957 1758 oausam,

165 1776 206 1837 Et
219 1775 328 1837 videar
341 1790 461 1836 meroes
476 1789 549 1836 esse
562 1773 669 1835 labore
683 1772 790 1834 minor.

123 1859 283 1921 Interdum
298 1867 418 1934 metuo,
441 1860 542 1936 patria
555 1874 594 1919 ne
609 1857 729 1930 laedor,
752 1865 783 1919 et
798 1857 888 1934 inpar

69 1957 113 2008 too
165 1944 259 2005 Dicar
274 1943 430 2023 Abydeno
445 1942 581 2007 Thressa
593 1940 697 2019 puella
711 1948 792 2002 toro.

123 2028 219 2088 Ferre
232 2036 336 2090 tamen
352 2043 481 2103 possum
498 2026 662 2104 patientius
677 2025 794 2101 omnia,
818 2044 909 2103 qnam
925 2025 952 2087 si

169 2111 238 2173 Otia
252 2111 361 2173 neseio
375 2129 439 2188 qua
453 2111 552 2188 pelice
567 2118 679 2189 eaptus
693 2111 769 2186 agis,

125 2197 158 2256 in
177 2205 232 2257 tua
246 2196 275 2258 si
287 2195 415 2257 veniunt
425 2194 521 2257 arreni
538 2197 617 2256 eolla
631 2196 745 2270 lacerti,

166 2279 278 2356 Fitque
292 2296 393 2341 novus
407 2280 506 2342 nostri
523 2280 594 2340 finis
609 2279 724 2341 amoris
739 2294 834 2339 amor.

70 2375 114 2428 too
123 2368 166 2425 At
189 2366 294 2441 potins
310 2379 448 2441 peream,
470 2380 564 2440 quam
579 2364 705 2425 erimine
719 2365 864 2424 vulnerer
878 2363 955 2423 istos

165 2448 306 2526 Fataque
320 2447 382 2510 sint
395 2451 486 2526 eulpa
502 2454 610 2510 nostra
626 2448 731 2525 priora
744 2454 807 2510 tua.

123 2534 205 2607 lieo,
228 2532 303 2609 quia
314 2534 436 2594 venturi
450 2530 575 2594 dederis
588 2532 661 2593 mihi
677 2532 766 2608 signa
782 2532 908 2607 doloris,

166 2617 254 2679 Haeo
267 2619 394 2693 ioqnor,
418 2623 471 2679 aut
485 2619 566 2678 iama
580 2617 743 2679 sollicitata
756 2633 854 2676 nova=

126 2700 235 2764 Omnia
251 2701 309 2763 sed
324 2716 443 2763 vereor.
482 2701 555 2777 Quis
571 2702 653 2763 enim
669 2715 799 2763 seeurus
816 2700 950 2761 amavit?

69 2796 114 2848 tto
166 2786 255 2862 cogit
270 2791 302 2847 et
315 2786 461 2848 absentes
477 2788 566 2862 ptura
578 2785 686 2848 timere
701 2784 799 2849 loeus.

123 2869 246 2932 Felioes
261 2869 347 2945 ilias,
369 2887 428 2931 sua
443 2887 523 2948 quas
537 2869 715 2946 praesentia
730 2884 827 2931 nosse

167 2953 392 3015 Criminevera
404 2952 501 3027 iubet,
525 2955 604 3016 iaisa
616 2956 725 3016 timere
739 2960 830 3015 vetat.

123 3038 188 3099 Nos
202 3046 266 3100 tam
275 3054 363 3118 ¹vana
378 3048 496 3112 movet,
519 3055 610 3115 quam
626 3040 708 3101 taeta
720 3038 829 3100 iniuria
843 3039 925 3112 iaiirt,

165 3122 277 3185 lneitet
289 3129 320 3183 et
334 3138 458 3184 morsus
473 3125 561 3186 err'or
574 3130 703 3198 uterque
719 3138 821 3198 pares.

68 3204 147 3269 tieO
161 3207 280 3268 utinam
295 3206 418 3268 veniast
438 3216 491 3270 aut
505 3215 540 3270 ut
554 3215 706 3269 ventusve
722 3215 858 3283 paterve,

167 3288 332 3365 Causaque
349 3291 389 3353 sit
400 3299 484 3353 certe
498 3292 612 3353 femina
627 3291 711 3353 nulla
726 3302 846 3352 morae!

123 3374 245 3451 Quodsi
259 3391 351 3451 quem
365 3376 481 3452 seiero,
501 3374 630 3451 moriar,
653 3374 848 3448 mihicrede,
868 3374 1015 3436 dolendo.

166 3459 350 3520 iamdudum
366 3474 477 3536 penca,
500 3460 527 3521 si
540 3476 611 3523 mea
625 3461 687 3520 iata
700 3458 790 3536 petis.

125 3543 190 3605 Sed
205 3560 309 3618 neque
326 3543 486 3620 peoeabis,
508 3545 682 3621 frustraque
697 3559 754 3618 ego
770 3552 887 3604 terreor
901 3544 982 3604 istim

394 3860 410 3897 θ
