2467 4042
448 234 493 286 vr.
515 236 663 287 rea-aar.
996 229 1061 294 339

140 392 223 455 liano
244 411 301 474 ego
324 412 393 455 oum
415 393 521 456 rebem
543 412 654 473 genero
677 394 748 457 dara
760 441 770 476 ‚
792 402 927 475 tempora
949 393 1044 457 taedis

185 481 260 562 Apta
281 481 494 563 requirebam,
517 500 652 561 quaeque
676 481 804 543 cavenda
828 484 944 546 iurent:

17 569 18 576 ’
142 569 218 630 Tum
241 569 314 631 mihi
335 577 404 649 post
427 586 526 631 sacras
547 578 732 631 monstratur
754 570 857 631 lunius
880 571 950 632 Idus

187 656 272 718 Utilis
296 664 327 717 et
348 660 450 738 nuptis
462 703 472 739 ,
494 657 577 720 utilis
600 676 666 719 esse
689 660 780 739 viris3

17 821 20 848 Ι
69 756 127 806 225
142 744 300 823 Primaque
322 763 393 824 pars
415 745 505 808 buius
528 745 664 807 thalamis
687 746 781 808 aliena
803 753 922 826 reperta
945 757 1008 806 est.

151 820 157 831 ’
186 833 261 893 Nam
284 833 356 893 mibi
379 836 422 894 sio
445 836 574 896 coniunx
597 842 700 896 saneta
721 833 811 895 Dialis
834 836 892 895 ait:

143 915 259 981 ‘Donec
283 920 320 981 ab
343 920 429 982 Iliaea
452 921 585 1001 placidus
607 924 783 1001 purgamina
803 921 891 983 Vesta

187 1006 333 1069 Detulerit
355 1008 437 1070 [lavis
459 1012 491 1071 iu
513 1028 595 1070 mare
617 1008 745 1090 Thybris
768 1012 870 1089 aquis,

143 1094 209 1157 Non
231 1096 303 1156 mihi
326 1096 450 1158 detonso
473 1100 572 1158 crines
593 1098 753 1177 depectere
776 1097 873 1171 buxo,
1022 1129 1060 1142 -

16 1177 21 1218 ²
72 1195 129 1246 230
188 1182 254 1244 Non
277 1202 394 1263 ungues
416 1185 497 1247 ferro
520 1184 710 1248 subsecuisse
732 1186 819 1267 lieet;

17 1271 20 1306 ²
142 1270 208 1331 Non
226 1273 360 1349 tetigisse
378 1275 493 1353 vuum,
513 1276 645 1351 quamvis
663 1273 740 1334 iovis
758 1274 808 1336 iile
827 1273 983 1355 sacerdos,
1005 1287 1063 1338 (201)

188 1356 327 1427 Quamvis
350 1368 495 1439 perpetua
517 1363 557 1421 sit
579 1361 652 1421 mibi
674 1361 738 1440 lege
761 1362 866 1423 datus.

17 1449 19 1470 ¹
143 1444 190 1505 Tu
213 1462 332 1525 quoque
355 1464 393 1507 ne
415 1464 564 1525 propera.
605 1447 712 1509 melius
735 1456 786 1509 tua
809 1448 868 1510 11111
891 1449 1002 1531 nubet,

188 1532 277 1611 Ignea
300 1550 369 1595 cum
390 1551 466 1613 pura
489 1533 577 1596 Vesta
599 1534 706 1597 nitebit
728 1531 854 1598 bumo.'

504 1670 533 1735 i.
556 1670 619 1737 FN

17 1805 18 1838 ³
77 1807 131 1860 235
145 1795 245 1856 Tertia
267 1804 337 1875 post
358 1790 459 1859 Nonas
479 1814 633 1859 removere
656 1797 792 1879 Lycaona
813 1797 932 1861 Phoebe

189 1882 321 1965 Fertur,
343 1891 374 1944 et
395 1902 412 1945 a
434 1893 518 1965 tergo
541 1904 602 1947 non
625 1886 714 1948 babet
737 1886 811 1948 Ursa
833 1894 964 1949 metum.

145 1970 229 2032 Tunc
252 1990 307 2051 ego
330 1990 378 2033 me
401 1975 522 2035 memini
544 1973 632 2035 iudos
652 1977 684 2035 in
708 1977 839 2054 gramine
862 1974 963 2057 Campi

81 2074 90 2083 “
189 2042 331 2139 bspioera
354 2068 384 2121 et
406 2060 466 2122 diei
478 2108 487 2143 ,
510 2060 625 2124 lubrice
648 2062 784 2144 Thybri,
807 2071 891 2126 tuos.

145 2147 231 2209 Festa
254 2147 319 2209 dies
340 2147 421 2229 illis,
445 2152 497 2229 qui
519 2149 579 2211 lina
601 2150 750 2212 madentia
773 2150 905 2231 ducunt,

81 2245 132 2296 240
191 2235 308 2315 Quique
331 2243 437 2315 tegunt
458 2240 557 2316 paruis
580 2256 649 2299 aera
671 2256 797 2301 recurva
819 2238 910 2300 cibis.

323 2373 352 2437 8.
376 2371 799 2440 GNnnur1·1u·enr1r

145 2496 229 2558 Mens
252 2516 371 2579 quoque
388 2517 500 2562 numen
519 2500 625 2563 babet.
661 2500 768 2563 biantis
787 2500 911 2564 delubra
930 2501 1065 2565 videmus

189 2584 261 2646 Vota
284 2593 367 2648 metu
389 2585 460 2648 beili
472 2636 481 2669 ,
503 2589 616 2669 perfide
639 2588 739 2650 Poene
751 2635 761 2671 ,
784 2592 845 2652 tui.

145 2671 245 2734 Poene
268 2673 450 2756 rebellans,
473 2685 504 2737 et
525 2675 585 2739 leto
608 2677 739 2738 consulis
762 2695 866 2741 omues

189 2761 315 2825 Attoniti
335 2761 453 2825 Mauras
475 2766 659 2843 pertimuere
680 2783 803 2828 manus.

82 2859 132 2910 245
147 2847 237 2929 Spem
259 2858 358 2914 metus
380 2851 555 2933 expulerat:
587 2871 657 2916 cum
678 2854 770 2916 Menti
792 2863 859 2918 vota
881 2862 1004 2917 senatus

189 2936 341 3017 Suscipit.
374 2949 405 3003 et
426 2939 533 3002 mabar
554 2944 692 3022 protinus
714 2942 764 3004 illa
786 2945 884 3005 veuit.

144 3025 258 3105 Aspicit
279 3030 426 3091 instantes
447 3028 555 3091 mediis
576 3048 629 3091 sax
650 3029 768 3092 lucibus
791 3029 863 3091 ldus

189 3112 241 3174 1111
263 3114 346 3196 dies,
368 3133 426 3197 qua
449 3125 521 3188 sunt
543 3126 610 3179 vota
632 3117 731 3178 soluta
751 3116 841 3180 deae.

308 3252 338 3315 9.
361 3250 396 3315 H
413 3251 540 3319 VEST
557 3269 816 3318 rsa-vuarato

144 3373 254 3458 Vesta,
277 3376 363 3440 iavet
395 3377 452 3440 tibi
473 3397 553 3442 nuno
576 3386 697 3460 operata
718 3378 895 3443 resolvimus
916 3398 985 3463 ora,

82 3474 131 3526 ato
187 3465 232 3526 Ad
255 3472 307 3527 tua
329 3467 356 3527 si
378 3465 465 3529 nobis
487 3485 571 3530 saera
592 3469 695 3528 venire
716 3466 803 3531 lieet.

143 3551 178 3614 ln
199 3570 290 3633 prece
314 3562 396 3616 totns
419 3571 519 3617 eram:
550 3554 689 3618 caelestia
707 3558 829 3618 numina
851 3559 949 3640 sensi,

851 3654 906 3711 22⁸
