2467 4042
186 211 228 277 96
601 213 773 265 rnrsuuu

274 376 428 438 Moenibus
451 378 565 456 exiguis
588 377 767 455 ingenioque
790 377 864 439 loci.

274 465 349 526 Cum
371 466 491 526 minime
515 462 642 544 eredas,
664 472 699 526 ut
721 467 804 546 aris,
827 465 1022 529 densissimus
1047 468 1149 532 bostis

226 566 260 615 to
274 553 397 614 Advolat
419 562 449 614 et
471 552 610 632 praedam
634 555 681 613 vix
703 553 780 613 bene
803 555 885 615 visus
908 558 983 634 agit.

276 643 370 721 Saepe
393 644 471 703 intra
494 659 596 702 moros
620 639 728 702 clausis
751 643 899 703 venientia
921 645 1015 723 portis

273 731 332 791 Per
355 730 466 791 medias
488 730 613 808 legimus
637 731 724 789 noxia
747 729 805 790 tela
828 732 908 792 rias.

275 818 329 880 Est
350 820 441 897 igitur
463 836 551 879 rarus
563 865 572 898 ,
594 835 649 879 rus
672 819 723 896 qui
746 818 844 878 colere
867 817 995 901 audeat,
1023 822 1114 902 isque

274 906 336 968 llac
358 914 422 967 arat
444 906 545 967 infelix
557 953 567 987 ,
589 905 646 966 hac
668 913 751 967 tenet
774 924 854 967 arma
877 924 983 969 manu.

226 1008 260 1056 25
276 994 339 1056 Sub
362 995 444 1072 galea
466 1004 568 1074 pastor
590 996 701 1055 iunctis
723 996 789 1073 pice
811 1003 912 1056 cantat
934 999 1053 1079 avenis,

275 1083 392 1162 Proque
415 1082 485 1162 lopo
508 1080 630 1161 pavidae
653 1081 729 1143 bella
751 1090 893 1144 verentur
915 1102 1002 1146 oves.

274 1171 329 1233 Vix
352 1189 407 1250 ope
431 1171 545 1232 castelli
567 1170 776 1232 defendimur.
813 1179 963 1233 ettamen
986 1174 1067 1234 lutus

273 1260 362 1321 Mixto
385 1259 455 1320 lacit
477 1259 597 1321 Graecis
620 1257 744 1319 barbara
767 1258 855 1320 turba
877 1269 1005 1321 metum.

275 1348 391 1429 Quippe
414 1347 502 1410 simul
525 1346 613 1409 nobis
636 1346 749 1409 habitat
771 1347 942 1419 discrimine
965 1348 1045 1411 nullo

226 1450 260 1499 30
274 1437 422 1499 Barbarus
445 1446 475 1498 et
497 1438 569 1497 tecti
592 1435 660 1515 plus
683 1454 801 1515 quoque
825 1445 908 1515 parte
932 1444 1031 1498 tenet.

275 1526 356 1597 Quos
378 1533 413 1586 ul
435 1543 495 1587 non
517 1527 645 1604 timeas,
667 1527 764 1603 possis
787 1524 884 1586 odisse
907 1523 1032 1586 videndo

274 1613 405 1675 Pellibus
428 1623 459 1675 et
480 1613 567 1692 longa
590 1629 715 1691 corpora
739 1619 817 1674 tecta
839 1631 939 1673 coma.

274 1703 335 1763 llos
359 1720 499 1784 quoquc,
523 1703 574 1781 qui
597 1703 690 1780 geniti
712 1700 799 1762 Graia
821 1701 985 1762 creduntur
1008 1701 1044 1763 ab
1069 1704 1168 1787 urbe,

274 1791 332 1852 Pro
355 1793 452 1871 patrio
476 1790 558 1852 cultu
581 1789 701 1852 Persica
725 1789 814 1850 braca
836 1792 926 1868 tegit.

128 1927 130 1932 .
227 1891 261 1940 35
275 1879 425 1940 Exercent
446 1879 489 1939 illi
512 1880 609 1939 sociae
633 1880 810 1939 commercia
833 1876 968 1956 linguae:

273 1968 332 2028 Per
355 1975 472 2047 gestum
494 1985 544 2027 res
567 1974 613 2028 est
637 1966 826 2046 significanda
848 1965 940 2027 mihi.
1036 1978 1039 1984 ·

274 2054 422 2117 barbarus
444 2055 492 2116 bic
516 2073 570 2135 ego
593 2072 682 2134 sum,
706 2057 757 2133 qui
780 2072 839 2115 non
862 2053 1017 2134 intellegor
1041 2054 1112 2133 ulli,

274 2144 313 2205 Et
335 2144 433 2206 rident
456 2142 555 2204 stolidi
577 2142 666 2203 verba
688 2142 791 2204 Latina
814 2142 922 2225 Getae3

274 2232 380 2311 Meque
402 2231 497 2312 palam
520 2231 557 2292 de
580 2249 628 2292 me
651 2238 715 2291 tuto
739 2228 814 2289 male
838 2247 925 2309 saepe
949 2229 1114 2309 loquuntur

226 2334 260 2383 40
275 2320 410 2381 Forsitan
433 2319 567 2381 obiciunt
589 2318 769 2397 exiliumque
793 2318 883 2392 mibi,

273 2408 295 2485 †
314 2407 410 2489 thue
434 2410 489 2490 lit,
511 2410 542 2469 in
562 2425 609 2468 me
632 2407 764 2486 aliquid,
787 2409 813 2468 si
836 2407 907 2485 quid
926 2406 1094 2470 dicentibus
1118 2410 1182 2474 illis

274 2497 437 2559 Abnuerim
460 2498 598 2575 quotiens
622 2494 858 2574 adnuerimque‚
880 2504 1002 2574 putant.

275 2585 379 2666 Adde,
404 2585 482 2664 quod
505 2586 649 2645 iniustum
672 2583 767 2662 rigido
790 2585 838 2644 ius
861 2582 970 2645 dicitur
993 2602 1082 2665 ense,

276 2674 390 2735 llantur
413 2682 443 2735 ct
465 2676 497 2734 in
519 2673 616 2734 medio
640 2672 761 2734 vulnera
785 2688 873 2751 saepe
896 2673 976 2733 loro.

226 2762 301 2824 450
324 2761 429 2823 duram
452 2761 619 2842 Lachesin,
643 2778 718 2840 quae
741 2767 801 2821 tam
824 2778 911 2840 grave
933 2761 1016 2821 sidus
1039 2758 1169 2826 habenti

275 2849 337 2911 Fila
361 2849 442 2911 dedit
464 2852 540 2912 vitae
563 2868 623 2911 non
647 2849 782 2910 breviora
806 2847 905 2910 meae!

276 2937 361 3010 Quod
385 2941 496 3017 patriae
519 2938 602 2999 vultu
627 2946 783 3017 vestroque
807 2954 965 3019 caremus,
988 2938 1092 3018 amici,

275 3027 371 3106 Atque
395 3027 443 3087 bic
466 3029 496 3088 in
522 3025 668 3106 Scythicis
691 3024 829 3106 gentibus
853 3043 919 3086 csse
943 3042 1069 3104 queror:

275 3115 406 3196 Utraque
429 3133 524 3194 poena
547 3116 666 3195 gravis.
703 3116 799 3175 merui
821 3122 920 3175 tamen
944 3112 1022 3174 Urbe
1045 3130 1176 3198 cerere,

228 3216 262 3265 oo
276 3203 343 3263 Non
365 3205 462 3264 merui
485 3203 534 3264 tali
558 3204 682 3264 forsitan
705 3220 770 3264 esse
794 3202 877 3265 loco.

276 3291 354 3363 Quid
385 3291 492 3371 loquor
515 3289 548 3353 al
585 3287 734 3352 demens?
770 3293 864 3370 ipsam
887 3307 1006 3370 quoque
1029 3290 1165 3368 perdere

825 3380 934 3460 vitam,

276 3465 409 3530 Caesaris
433 3469 545 3530 offenso
570 3470 714 3549 numine,
740 3466 847 3547 diguus
871 3484 970 3529 eram.
