2467 4042
301 288 352 347 ln.
374 248 564 359 amenis
586 285 629 349 aa
644 320 680 330 -
695 284 766 348 toa.
1008 283 1046 345 rr

143 442 186 503 Et
200 441 325 501 videam
339 454 464 516 puppes
481 438 527 501 ire
541 440 649 500 relicta
663 447 743 501 tuas.

97 526 135 588 Si
150 525 208 587 tihi
222 525 285 585 iam
297 524 480 599 reditusque
494 524 619 599 placent
632 524 787 601 patriique
798 531 937 599 penates,

144 610 217 670 Non
232 624 292 685 ego
312 624 380 668 sum
398 608 491 668 classi
506 608 630 668 sarcina
644 623 757 683 magua
769 612 849 666 tuae.

97 695 263 756 Victorem
281 691 405 769 captiva
422 707 551 768 sequar,
575 707 639 755 non
656 698 751 768 nupta
765 690 921 753 maritum:

55 787 91 841 to
149 779 207 839 Est
222 776 312 851 mihi,
337 792 420 851 quae
434 777 524 837 leuas
537 776 669 851 molliat,
691 781 765 851 apta
781 790 900 836 manus.

100 856 190 924 luter
202 860 402 922 Achaeiadas
420 862 514 935 longe
529 860 735 936 pulcherrima
750 865 862 920 matres

148 947 184 1006 ln
198 946 353 1006 thalamos
368 945 504 1005 coniunx
520 944 575 1006 ihit
588 950 702 1019 eatque
717 950 796 1017 tuos,

101 1031 206 1106 Digna
220 1045 317 1092 nurus
336 1044 463 1102 socero,
485 1030 569 1092 Iovis
581 1030 785 1104 Aeginaeque
800 1037 922 1105 nepote,

150 1116 270 1188 Cuique
285 1129 384 1175 senex
396 1113 515 1175 Nereus
529 1129 681 1190 prosocer
695 1128 769 1174 esse
785 1112 868 1174 velit.

62 1207 96 1262 ts
106 1200 175 1260 Nos
188 1198 322 1259 humiles
338 1198 533 1273 famulaeque
546 1206 618 1259 tuae
634 1198 707 1258 data
722 1212 822 1273 pensa
837 1196 999 1270 trahemus,

147 1284 186 1343 Et
203 1284 342 1344 minuent
355 1283 466 1358 plenas
483 1281 615 1345 suanm
629 1289 736 1344 nostra
750 1280 849 1341 colos.

105 1367 249 1444 Exagitet
262 1382 367 1447 neme
381 1373 498 1428 mutum
511 1374 577 1440 tua,
601 1367 769 1442 deprecor,
790 1380 879 1439 uxor,

150 1452 236 1527 Quae
250 1451 325 1511 mihi
340 1451 447 1512 nescio
466 1468 529 1526 quo
544 1466 606 1512 non
622 1451 679 1510 erit
692 1465 793 1527 acqua
808 1449 912 1521 modo,

105 1536 192 1597 Neve
207 1551 296 1597 meos
311 1550 417 1599 coram
431 1536 531 1596 scindi
547 1534 666 1612 patiare
683 1534 821 1610 capillos,

66 1630 99 1682 tto
150 1621 189 1680 Et
202 1621 313 1680 leviter
326 1619 413 1681 dicam
433 1620 524 1680 ‘hacc
539 1635 667 1696 quoquc
682 1626 790 1681 nostra
803 1619 881 1679 luit?

111 1707 165 1765 Vel
179 1704 301 1780 patiare
317 1704 404 1778 licet,
425 1703 501 1766 dum
516 1719 556 1766 ne
574 1710 752 1778 contempta
765 1703 937 1778 relinquare

147 1789 206 1848 Hic
223 1787 299 1848 mihi
312 1803 372 1848 vae
384 1788 518 1850 miserae
532 1788 669 1849 concutit
683 1801 759 1848 ossa
772 1794 882 1848 metus.

108 1873 186 1946 Quid
201 1881 306 1933 tamen
321 1878 493 1947 expertast
513 1873 748 1951 Agamemnona
762 1870 898 1947 paenitet
912 1872 984 1944 irae,

147 1957 187 2017 Et
200 1959 283 2017 iacet
296 1964 368 2018 ante
383 1964 454 2017 tuos
469 1955 599 2017 Graecia
612 1963 731 2017 maesta
743 1955 853 2032 pedes.

68 2052 100 2104 tta
113 2042 210 2103 Vince
222 2042 344 2102 animos
361 2042 500 2116 iramque
516 2049 614 2113 tuam,
639 2041 691 2117 qni
708 2048 811 2103 cetera
826 2040 934 2100 vincis.

150 2126 231 2201 Quid
244 2127 362 2187 lacerat
374 2125 498 2186 Danaas
516 2126 646 2203 impiger
659 2126 774 2187 Hector
787 2131 887 2201 opes?

108 2214 203 2270 Arma
217 2224 313 2285 cape,
334 2209 488 2284 Aeacide,
510 2211 568 2271 scd
584 2225 634 2270 me
651 2217 751 2270 tamen
766 2215 837 2270 autc
851 2216 983 2285 recepta,

147 2296 188 2355 Et
201 2309 309 2369 preme
322 2293 461 2353 turbatos
475 2294 572 2356 Marte
587 2294 713 2355 favente
726 2295 821 2355 viros.

109 2379 237 2456 Propter
253 2393 304 2439 me
318 2386 402 2439 mota
417 2386 478 2451 est,
500 2386 629 2454 propter
644 2393 695 2439 me
712 2378 834 2439 desinat
848 2377 909 2439 ira:

70 2470 102 2523 so
154 2462 283 2540 Simque
300 2477 360 2537 ego
377 2462 515 2524 tristitae
531 2478 631 2523 causa
641 2463 818 2536 modusque
833 2468 914 2523 tuae.

109 2548 171 2608 Nec
185 2546 240 2608 tihi
256 2554 346 2621 turpe
366 2557 439 2621 puta
455 2545 598 2621 precihus
614 2546 817 2608 succumbere
831 2547 956 2607 nostris.

150 2629 299 2705 coniugis
317 2629 453 2691 Oenides
467 2646 579 2691 vorsus
593 2632 626 2691 in
640 2646 726 2691 mma
739 2645 833 2707 prece
849 2638 906 2691 est.

109 2716 171 2776 Res
186 2715 291 2776 audita
305 2714 394 2789 mihi,
415 2720 489 2775 nota
501 2721 549 2775 est
563 2714 625 2775 tihi.
649 2715 793 2775 iratribus
808 2714 883 2774 orba

51 2840 55 2853 .
151 2798 285 2860 Devovit
298 2799 362 2859 nati
375 2814 527 2875 spemque
542 2807 698 2875 caputque
710 2814 838 2875 parens.

72 2891 102 2944 ss
112 2883 231 2945 Bellum
247 2891 321 2943 erat
344 2884 396 2945 ille
410 2883 500 2945 ferox
518 2883 629 2960 positis
645 2884 778 2945 secessit
791 2883 831 2943 ah
846 2883 948 2956 aruns,

150 2967 188 3027 Et
200 2968 320 3044 patriae
335 2967 436 3043 rigida
450 2977 553 3029 mente
569 2967 694 3042 negavit
711 2983 813 3044 opem.

111 3050 185 3113 Sola
198 3052 299 3113 virum
313 3052 450 3114 coniunx
464 3050 560 3114 flexit.
593 3052 725 3114 Felicior
742 3052 808 3113 illa!

151 3137 193 3196 At
205 3152 276 3197 mea
289 3152 346 3212 pro
365 3138 448 3196 nullo
463 3137 604 3212 pondere
616 3137 713 3198 verba
728 3135 850 3198 cadunt

112 3219 171 3282 Nec
188 3228 290 3283 tamen
303 3221 457 3296 indignor.
478 3237 538 3282 nec
552 3237 601 3282 me
614 3237 673 3297 pro
688 3221 820 3295 coniuge
835 3221 920 3296 gessi

60 3316 101 3367 too
149 3303 283 3381 Saepius
297 3305 329 3366 in
344 3304 461 3367 domini
477 3321 570 3367 serva
584 3312 697 3368 vocata
711 3314 820 3368 torum.

112 3390 159 3449 lle
174 3390 342 3465 quaedam,
363 3390 501 3466 memini,
524 3390 681 3452 dominam
697 3390 819 3467 captiva
836 3389 983 3451 vocabati

152 3473 311 3536 ‘Servilio’
328 3475 393 3535 dixi
408 3474 553 3536 ‘nomims
569 3474 660 3536 addis
676 3479 777 3536 onus?
995 3480 1001 3493 “

114 3559 166 3618 Per
179 3566 282 3621 tamen
298 3576 374 3621 ossa
386 3559 444 3621 viri
459 3558 560 3622 subito
577 3560 657 3621 male
672 3567 752 3622 tecta
769 3558 943 3634 sepulchro,
