2467 4042
445 246 479 301 V.
503 244 542 304 31
557 278 595 287 —
610 244 680 304 100.

122 397 197 457 Nec
212 404 247 457 tu
263 399 412 471 paiiemes
428 396 534 456 dubita
547 404 664 456 torrere
678 398 825 473 lupinos,-

74 490 116 545 io
179 481 218 541 Et
233 482 325 540 simui
339 479 484 541 inflantes
503 496 634 555 corpora
649 481 725 556 frige
741 482 840 542 sabas.

125 567 273 641 Utraque
288 580 346 624 sex
360 563 494 623 habeant
509 579 609 639 aequo
626 563 801 624 discrimine
816 566 919 637 libras,

176 651 316 723 Utraque
333 649 374 708 da
390 648 486 726 nigris
502 646 737 709 comminuenda
751 650 851 710 moiis.

124 733 197 794 Nec
211 748 342 793 cerussa
357 731 428 805 tibi,
451 747 508 792 nec
523 731 592 792 nitri
607 748 717 807 spuma
732 733 868 795 rubentis

174 817 265 877 Desit
280 824 311 876 et
324 817 431 891 aprica
447 832 526 891 quae
540 816 625 876 venit
639 817 692 876 iris
708 816 810 877 humo,

78 910 117 965 is
129 901 181 961 Da
197 901 310 961 vaiidis
321 901 468 961 iuvenum
485 901 598 975 pariter
613 899 785 974 subigenda
799 903 935 961 iacentis:

174 984 239 1047 Sed
255 986 369 1046 iustum
383 984 461 1045 tritis
475 985 566 1044 uncia
582 985 703 1059 pondus
719 987 784 1045 erit.

126 1070 249 1131 Addita
263 1069 305 1129 de
320 1070 450 1145 querulo
465 1069 625 1129 volucrum
641 1068 842 1129 medicamina
856 1070 928 1129 nido

175 1152 238 1214 Ore
253 1154 361 1228 fugant
375 1152 522 1213 macuias.
545 1154 696 1231 alcyonea
713 1161 834 1215 vocant.

127 1237 290 1312 Pondere,
313 1238 341 1297 si
357 1238 495 1311 quaeris,
519 1253 581 1311 quo
597 1238 655 1298 sim
670 1245 830 1299 contentus
845 1239 874 1297 in
890 1237 959 1308 iilis,

81 1333 119 1385 80
177 1321 269 1396 Quod
284 1321 377 1381 trahit
390 1321 420 1379 in
436 1328 538 1396 parics
553 1321 645 1381 uncia
661 1328 745 1382 secta
759 1323 848 1382 duas.

126 1408 168 1468 Ut
184 1412 312 1480 coeant,
333 1414 467 1482 apteque
482 1405 533 1465 iini
550 1420 606 1480 per
620 1416 752 1482 corpora
767 1406 896 1483 possint

170 1490 275 1551 Adice
290 1490 329 1549 de
344 1489 435 1550 ssavis
448 1490 550 1551 Attica
563 1490 655 1551 melia
669 1490 758 1551 favis.

128 1575 281 1650 Quamvis
295 1581 364 1634 tura
377 1572 454 1636 deos
468 1575 606 1649 irataque
621 1576 746 1636 numina
760 1574 891 1651 placent,

170 1659 241 1719 Non
257 1667 359 1719 tamen
374 1659 515 1719 accensis
532 1659 634 1721 omnia
652 1660 755 1720 danda
769 1660 858 1721 iocis.

81 1753 118 1806 85
129 1746 194 1804 Tus
210 1743 263 1803 ubi
277 1743 441 1803 miscueris
455 1743 574 1803 radenti
589 1743 697 1805 tubera
711 1743 798 1819 nitro,

170 1826 367 1888 Ponderibus
382 1827 472 1888 iustis
487 1828 537 1888 iac
551 1829 590 1888 sit
605 1827 756 1903 utrimque
769 1829 874 1888 triens.

127 1913 221 1972 Parte
234 1911 337 1972 minus
352 1918 461 1986 quarta
477 1911 636 1987 dereptum
652 1912 765 1973 cortice
778 1911 900 1988 gummi,

170 1997 211 2056 Et
225 1995 382 2056 modicum
397 2011 416 2056 a
430 1995 562 2074 myrrhis
578 1994 743 2072 pinguibus
758 1995 839 2058 adde
854 1996 975 2058 cubum.

128 2082 216 2139 iiaec
230 2079 283 2139 nbi
299 2080 455 2154 contriris,
482 2097 536 2156 per
551 2081 649 2141 densa
668 2081 815 2142 foramina
829 2088 936 2142 cerne:

86 2173 123 2228 90
176 2163 283 2223 Puivis
298 2163 338 2223 ab
352 2164 455 2225 intuso
469 2165 559 2224 mciie
574 2165 760 2240 premendus
775 2166 840 2227 crit.

129 2248 247 2308 Profuit
263 2256 294 2308 et
309 2249 480 2310 marathros
495 2249 575 2308 bena
589 2248 741 2311 olentibus
757 2250 872 2310 addere
887 2248 1049 2327 myrrhis..

174 2332 317 2408 Quinque
329 2333 451 2394 trahant
465 2333 607 2394 marathri
620 2334 779 2411 scrupula,
794 2333 918 2413 myrrha
931 2348 1065 2393 novem..

131 2416 320 2492 Arentisque
334 2432 427 2477 rosae
442 2423 586 2493 quantum
601 2434 710 2479 manus
725 2434 785 2479 una
801 2418 970 2494 prehendit,

175 2501 312 2576 Cumque
325 2501 527 2562 Ammoniaco
543 2504 680 2563 mascuia
694 2511 761 2563 tura
776 2503 851 2563 saia.

89 2594 123 2648 95
135 2585 260 2646 Hordea
275 2600 366 2659 quem
382 2586 509 2660 iaciunt,
531 2585 591 2646 iiiis
607 2588 732 2647 ininnde
747 2594 929 2647 cremorem:

172 2670 318 2744 Aequent
332 2685 487 2745 expensas
503 2686 572 2730 cum
587 2672 653 2733 saie
667 2679 733 2732 tura
747 2684 846 2732 rosas.

131 2753 282 2828 Tempore
297 2754 358 2814 sint
372 2769 470 2830 parvo
484 2755 568 2815 moiii
584 2756 654 2816 iicet
668 2756 741 2816 iiiita
755 2755 850 2831 vultu,

174 2836 320 2897 Haerebit
332 2844 398 2898 toto
414 2840 527 2899 muitus
542 2840 572 2898 in
589 2856 643 2901 ore
658 2842 753 2901 color.

132 2920 203 2980 Vidi
220 2936 301 2997 quae
314 2923 417 2997 geiida
432 2924 604 2984 madefacta
621 2934 776 3001 papavera
792 2923 919 3004 lympha
995 2994 998 2997 ¹

77 3013 121 3065 ruo
172 3003 362 3076 Commorat,
385 3008 498 3067 teneris
513 3007 703 3084 iiiineretque
717 3009 816 3085 genis.

509 3311 598 3319 *ww-..-
601 3311 648 3319 00--
