2467 4042
427 252 477 303 111.
495 261 531 304 xl
544 254 661 303 41-111
676 253 718 303 35.

531 449 608 522 XII.

156 592 281 672 Frigora
303 592 362 653 iam
384 591 504 671 zephyri
527 592 688 671 minuunt,
711 608 848 670 annoque
870 599 992 671 peracto

155 680 285 758 Longior
308 681 438 760 antiquis
462 680 523 739 risa
545 677 671 740 Tomitis
693 678 806 759 hiems,

156 768 374 848 inpositamque
398 767 455 829 sibi
478 767 531 846 qui
553 785 613 827 uon
635 766 712 828 bene
734 766 858 847 pertulit
880 766 1002 849 Hellen,

155 856 303 936 Tempora
325 857 481 917 nocturnis
504 860 597 933 a'equa
621 856 728 917 diurna
751 856 839 918 lacit.

125 944 215 1006 olam
239 944 345 1007 violam
367 945 513 1024 puerique
536 943 639 1022 legunt
660 941 829 1022 hilaresque
852 941 986 1023 puellae,

155 1031 276 1093 Rustica
300 1050 375 1112 quae
399 1030 480 1092 nullo
503 1038 572 1092 nata
595 1039 714 1092 serente
737 1034 836 1112 venit3

155 1120 303 1200 Prataque
326 1119 497 1200 pubescunt
519 1121 669 1180 variorum
691 1119 765 1180 tiore
789 1121 940 1200 colorum,

155 1208 337 1289 indocilique
360 1208 469 1287 loquax
492 1214 613 1286 gutture
637 1214 740 1269 vernat
763 1210 842 1288 avis;

155 1296 252 1376 thue
276 1296 368 1357 malae
390 1297 495 1357 matris
518 1298 631 1357 crimen
655 1295 804 1376 deponat,
827 1297 955 1357 hirundo
1034 1366 1040 1375 .

110 1397 143 1446 to
159 1384 222 1445 Sub
245 1383 380 1447 trabibus
403 1402 495 1445 cunas
519 1391 657 1463 tectaque
680 1401 770 1464 parva
792 1385 879 1466 iacit;

156 1472 339 1554 ilerbaque,
362 1490 437 1552 quae
461 1471 548 1532 latuit
571 1470 742 1533 Cerealibus
766 1471 873 1534 obruta
895 1470 1003 1553 sulcis,

156 1560 224 1622 Exit
248 1569 278 1623 et
300 1560 441 1641 expandit
463 1558 550 1621 molle
574 1578 717 1621 cacumen
739 1560 848 1641 bumo;

156 1649 282 1729 Quoque
305 1649 371 1711 loco
395 1657 440 1709 εει
459 1650 548 1729 vitis,
571 1647 608 1709 de
636 1647 756 1728 palmite
780 1665 895 1727 gemma
922 1654 1080 1712 moveturt

156 1737 229 1798 Nam
252 1737 357 1818 procul
380 1755 397 1798 a
420 1736 522 1798 Getico
545 1736 633 1798 litore
656 1738 723 1797 vitis
747 1735 848 1817 abest3

110 1838 142 1888 15
158 1826 282 1905 Quoque
305 1826 371 1887 loco
395 1833 441 1886 est
463 1824 574 1904 arbor,
604 1826 750 1903 turgescit
777 1827 808 1885 in
831 1824 937 1886 arbore
960 1842 1078 1888 ramus:

156 1914 230 1975 Nam
254 1913 359 1994 procul
382 1932 398 1975 a
421 1911 533 1974 Geticis
555 1912 665 1974 finibus
688 1912 777 1973 arbor
800 1912 901 1975 abest.

156 2002 223 2064 Otia
246 2020 326 2063 nunc
348 2004 439 2081 istic,
461 2003 631 2081 iunctisque
655 2019 690 2062 ex
714 2000 818 2062 ordine
841 2000 919 2063 ludis

156 2090 274 2153 Cedunt
295 2089 414 2152 verbosi
436 2088 555 2169 garrula
578 2088 655 2150 bella
678 2089 754 2150 lori.

156 2179 234 2241 Usus
257 2182 328 2258 equi
350 2196 431 2240 nunc
454 2184 522 2257 est,
545 2177 659 2239 levibus
682 2195 763 2239 nuuc
786 2176 898 2239 luditur
921 2179 1029 2260 armis,

108 2280 142 2329 20
156 2267 242 2329 Nunc
265 2267 346 2348 pila,
369 2283 450 2328 nuuc
473 2264 565 2328 celeri
588 2265 714 2327 volvitur
738 2265 810 2327 orbe
833 2264 976 2346 trochus,

156 2355 262 2435 Nunc,
291 2354 343 2417 ubi
365 2355 486 2435 perlusa
510 2362 557 2415 est
579 2354 645 2415 oleo
668 2352 807 2434 labente,
830 2355 968 2416 iuventus

157 2443 295 2505 Delessos
319 2452 401 2505 artus
425 2442 545 2522 Virgine
569 2444 678 2522 tinguit
700 2460 791 2521 aqua.

158 2531 270 2593 Scaeua
293 2533 394 2611 viget,
417 2531 583 2610 studiisque
607 2532 691 2591 lavor
713 2529 892 2593 distantibus
916 2529 1017 2612 ardet,

156 2619 274 2699 Proque
297 2619 395 2681 tribus
418 2627 559 2681 resonant
583 2628 667 2680 terna
691 2618 805 2680 theatra
828 2619 920 2680 loris.

108 2708 182 2771 250
206 2715 312 2789 quater
324 2754 333 2789 ,
356 2726 374 2769 o
398 2710 537 2788 quotiens
560 2725 621 2768 nou
644 2716 691 2769 est
713 2725 892 2789 numerare,
916 2707 1052 2788 beatum,

155 2797 221 2859 Non
244 2796 402 2859 interdicta
425 2798 475 2857 cui
497 2795 567 2858 licet
591 2795 669 2857 Urbe
693 2795 769 2858 lruil

155 2886 194 2947 tt
215 2885 288 2947 mibi
311 2888 440 2947 sentitur
462 2887 512 2946 nix
535 2902 628 2946 verno
651 2883 713 2946 sole
736 2884 849 2966 soluta,

157 2974 298 3052 Quaeque
321 2973 388 3034 lacu
412 2972 487 3033 duro
510 2990 571 3033 uon
593 2972 747 3034 fodiuntur
770 2990 881 3051 aquae3
947 2971 951 2977 '
1058 3002 1064 3010 ·

156 3060 219 3122 Nec
237 3077 318 3122 mare
337 3061 504 3121 concrescit
517 3059 609 3139 glacie
618 3104 628 3139 ,
647 3077 703 3120 neo
721 3068 755 3120 ut
773 3066 859 3138 anm,
877 3075 931 3138 per
945 3056 1080 3119 Histrum

108 3160 144 3212 oo
160 3147 290 3210 Stridula
315 3147 504 3209 Sauromates
527 3147 659 3227 plaustra
681 3145 830 3207 bubulcus
853 3147 931 3224 agit.

156 3237 304 3316 Incipient
326 3235 441 3315 aliquae
467 3242 565 3295 umen
588 3234 648 3295 buc
671 3234 779 3295 adnare
804 3235 939 3313 carinae,

156 3324 339 3405 iiospitaque
363 3324 395 3384 iu
417 3322 505 3384 Ponti
527 3322 614 3384 litore
639 3323 747 3402 puppis
770 3323 845 3383 erit.

157 3413 285 3475 Sedulus
309 3429 465 3475 occurram
487 3419 617 3491 nautae,
640 3411 777 3489 dictaque
802 3408 913 3490 salute,

158 3501 236 3575 Quid
261 3502 360 3562 veniat
372 3548 382 3581 ‚
405 3518 567 3580 quaeram,
590 3501 695 3579 quisve
719 3497 862 3578 quibusve
885 3497 977 3559 loeis.

108 3604 142 3654 85
156 3590 209 3652 ille
233 3590 353 3670 quidem
376 3591 484 3650 mirum
508 3588 599 3649 uide
623 3588 745 3666 regione
768 3588 934 3666 propinqua
