<?xml version="1.0" encoding="UTF-8"?>
<!DOCTYPE html PUBLIC "-//W3C//DTD XHTML 1.0 Transitional//EN"
    "http://www.w3.org/TR/xhtml1/DTD/xhtml1-transitional.dtd">
<html xmlns="http://www.w3.org/1999/xhtml" xml:lang="en" lang="en">
 <head>
  <title>
</title>
<meta http-equiv="Content-Type" content="text/html;charset=utf-8" />
  <meta name='ocr-system' content='tesseract 3.04.00' />
  <meta name='ocr-capabilities' content='ocr_page ocr_carea ocr_par ocr_line ocrx_word'/>
</head>
<body>
  <div class='ocr_page' id='page_1' title='image "./povidiusnaso00ehwagoog_0456.png"; bbox 0 0 2467 4042; ppageno 0'>
   <div class='ocr_carea' id='block_1_1' title="bbox 150 211 744 276">
    <p class='ocr_par' dir='ltr' id='par_1_1' title="bbox 150 211 744 276">
     <span class='ocr_line' id='line_1_1' title="bbox 150 211 744 276; baseline 0.003 -10"><span class='ocrx_word' id='word_1_1' title='bbox 150 213 194 276; x_wconf 83' lang='grc'><strong>44</strong></span> <span class='ocrx_word' id='word_1_2' title='bbox 309 230 446 267; x_wconf 74' lang='lat' dir='ltr'><strong>unumne</strong></span> <span class='ocrx_word' id='word_1_3' title='bbox 565 211 728 266; x_wconf 67' lang='lat' dir='ltr'><strong>mimi</strong></span> <span class='ocrx_word' id='word_1_4' title='bbox 737 254 744 268; x_wconf 90' lang='lat'><strong>.</strong></span> 
     </span>
    </p>
   </div>
   <div class='ocr_carea' id='block_1_2' title="bbox 58 377 1173 3628">
    <p class='ocr_par' dir='ltr' id='par_1_2' title="bbox 174 377 1092 813">
     <span class='ocr_line' id='line_1_2' title="bbox 174 377 1032 464; baseline -0.001 -24"><span class='ocrx_word' id='word_1_5' title='bbox 174 390 226 440; x_wconf 81' lang='lat'><strong>800</strong></span> <span class='ocrx_word' id='word_1_6' title='bbox 239 377 427 464; x_wconf 91' lang='lat' dir='ltr'><strong>lnspiratque</strong></span> <span class='ocrx_word' id='word_1_7' title='bbox 450 394 562 439; x_wconf 89' lang='lat' dir='ltr'><strong>nocens</strong></span> <span class='ocrx_word' id='word_1_8' title='bbox 585 380 667 439; x_wconf 89' lang='lat' dir='ltr'><strong>virus</strong></span> <span class='ocrx_word' id='word_1_9' title='bbox 689 379 866 458; x_wconf 90' lang='lat' dir='ltr'><strong>piceumque</strong></span> <span class='ocrx_word' id='word_1_10' title='bbox 888 397 943 458; x_wconf 87' lang='lat' dir='ltr'><strong>per</strong></span> <span class='ocrx_word' id='word_1_11' title='bbox 965 395 1032 441; x_wconf 89' lang='lat' dir='ltr'><strong>ossa</strong></span> 
     </span>
     <span class='ocr_line' id='line_1_3' title="bbox 239 465 1027 546; baseline 0.001 -20"><span class='ocrx_word' id='word_1_12' title='bbox 239 465 369 545; x_wconf 83' lang='lat' dir='ltr'>Dissipat</span> <span class='ocrx_word' id='word_1_13' title='bbox 392 472 423 526; x_wconf 92' lang='lat' dir='ltr'><strong>et</strong></span> <span class='ocrx_word' id='word_1_14' title='bbox 444 465 543 526; x_wconf 92' lang='lat' dir='ltr'><strong>medio</strong></span> <span class='ocrx_word' id='word_1_15' title='bbox 566 467 678 546; x_wconf 79' lang='lat' dir='ltr'><strong>spargit</strong></span> <span class='ocrx_word' id='word_1_16' title='bbox 699 465 839 545; x_wconf 83' lang='lat' dir='ltr'>pulmone</span> <span class='ocrx_word' id='word_1_17' title='bbox 863 485 1027 528; x_wconf 84' lang='lat' dir='ltr'><strong>venenum.</strong></span> 
     </span>
     <span class='ocr_line' id='line_1_4' title="bbox 240 552 1047 635; baseline 0 -20"><span class='ocrx_word' id='word_1_18' title='bbox 240 552 334 631; x_wconf 83' lang='lat' dir='ltr'><strong>[Neve</strong></span> <span class='ocrx_word' id='word_1_19' title='bbox 357 553 426 614; x_wconf 88' lang='lat' dir='ltr'><strong>mali</strong></span> <span class='ocrx_word' id='word_1_20' title='bbox 448 571 555 614; x_wconf 86' lang='lat' dir='ltr'><strong>causae</strong></span> <span class='ocrx_word' id='word_1_21' title='bbox 577 556 706 634; x_wconf 90' lang='lat' dir='ltr'><strong>spatium</strong></span> <span class='ocrx_word' id='word_1_22' title='bbox 727 572 783 634; x_wconf 91' lang='lat' dir='ltr'><strong>per</strong></span> <span class='ocrx_word' id='word_1_23' title='bbox 803 554 892 616; x_wconf 88' lang='lat' dir='ltr'><strong>latius</strong></span> <span class='ocrx_word' id='word_1_24' title='bbox 914 554 1047 635; x_wconf 89' lang='lat' dir='ltr'><strong>errent,]</strong></span> 
     </span>
     <span class='ocr_line' id='line_1_5' title="bbox 240 641 1032 723; baseline 0.001 -21"><span class='ocrx_word' id='word_1_25' title='bbox 240 642 416 703; x_wconf 75' lang='lat' dir='ltr'><strong>Germanum</strong></span> <span class='ocrx_word' id='word_1_26' title='bbox 437 649 511 702; x_wconf 87' lang='lat' dir='ltr'><strong>ante</strong></span> <span class='ocrx_word' id='word_1_27' title='bbox 528 641 631 703; x_wconf 91' lang='lat' dir='ltr'><strong>oculos</strong></span> <span class='ocrx_word' id='word_1_28' title='bbox 653 643 895 723; x_wconf 85' lang='lat' dir='ltr'><strong>fortunatumque</strong></span> <span class='ocrx_word' id='word_1_29' title='bbox 919 646 1032 703; x_wconf 89' lang='lat' dir='ltr'><strong>sororis</strong></span> 
     </span>
     <span class='ocr_line' id='line_1_6' title="bbox 240 729 1092 813; baseline -0.001 -21"><span class='ocrx_word' id='word_1_30' title='bbox 240 729 417 810; x_wconf 81' lang='lat' dir='ltr'><strong>Coniugium</strong></span> <span class='ocrx_word' id='word_1_31' title='bbox 437 729 621 810; x_wconf 87' lang='lat' dir='ltr'><strong>pulchraque</strong></span> <span class='ocrx_word' id='word_1_32' title='bbox 643 730 733 791; x_wconf 92' lang='lat' dir='ltr'><strong>deum</strong></span> <span class='ocrx_word' id='word_1_33' title='bbox 755 731 812 792; x_wconf 91' lang='lat' dir='ltr'><strong>sub</strong></span> <span class='ocrx_word' id='word_1_34' title='bbox 833 733 960 810; x_wconf 78' lang='lat' dir='ltr'><strong>imagine</strong></span> <span class='ocrx_word' id='word_1_35' title='bbox 982 735 1092 813; x_wconf 89' lang='lat' dir='ltr'><strong>ponit,</strong></span> 
     </span>
    </p>

    <p class='ocr_par' dir='ltr' id='par_1_3' title="bbox 174 817 1079 988">
     <span class='ocr_line' id='line_1_7' title="bbox 174 817 1079 900; baseline 0 -20"><span class='ocrx_word' id='word_1_36' title='bbox 174 830 225 881; x_wconf 78' lang='lat'><strong>805</strong></span> <span class='ocrx_word' id='word_1_37' title='bbox 240 817 412 896; x_wconf 88' lang='lat' dir='ltr'><strong>Cunctaque</strong></span> <span class='ocrx_word' id='word_1_38' title='bbox 435 835 540 897; x_wconf 87' lang='lat' dir='ltr'><strong>magna</strong></span> <span class='ocrx_word' id='word_1_39' title='bbox 562 819 653 880; x_wconf 86' lang='lat' dir='ltr'><strong>iacit.</strong></span> <span class='ocrx_word' id='word_1_40' title='bbox 681 818 791 898; x_wconf 89' lang='lat' dir='ltr'><strong>quibus</strong></span> <span class='ocrx_word' id='word_1_41' title='bbox 813 821 950 900; x_wconf 72' lang='lat' dir='ltr'><strong>irritam,</strong></span> <span class='ocrx_word' id='word_1_42' title='bbox 972 818 1079 880; x_wconf 91' lang='lat' dir='ltr'><strong>dolore</strong></span> 
     </span>
     <span class='ocr_line' id='line_1_8' title="bbox 241 906 988 988; baseline 0 -20"><span class='ocrx_word' id='word_1_43' title='bbox 241 906 381 986; x_wconf 87' lang='lat' dir='ltr'><strong>Cecropis</strong></span> <span class='ocrx_word' id='word_1_44' title='bbox 404 906 521 967; x_wconf 88' lang='lat' dir='ltr'><strong>occulto</strong></span> <span class='ocrx_word' id='word_1_45' title='bbox 543 906 699 967; x_wconf 90' lang='lat' dir='ltr'><strong>mordetur</strong></span> <span class='ocrx_word' id='word_1_46' title='bbox 722 915 753 968; x_wconf 91' lang='lat' dir='ltr'><strong>et</strong></span> <span class='ocrx_word' id='word_1_47' title='bbox 775 908 860 968; x_wconf 85' lang='lat' dir='ltr'><strong>anxia</strong></span> <span class='ocrx_word' id='word_1_48' title='bbox 881 915 988 988; x_wconf 90' lang='lat' dir='ltr'><strong>nocte,</strong></span> 
     </span>
    </p>

    <p class='ocr_par' dir='ltr' id='par_1_4' title="bbox 204 993 997 1253">
     <span class='ocr_line' id='line_1_9' title="bbox 240 993 997 1076; baseline 0.003 -21"><span class='ocrx_word' id='word_1_49' title='bbox 240 995 332 1056; x_wconf 77' lang='lat' dir='ltr'><strong>Anxia</strong></span> <span class='ocrx_word' id='word_1_50' title='bbox 354 993 421 1056; x_wconf 86' lang='lat' dir='ltr'><strong>luce</strong></span> <span class='ocrx_word' id='word_1_51' title='bbox 443 997 557 1076; x_wconf 89' lang='lat' dir='ltr'><strong>gemit,</strong></span> <span class='ocrx_word' id='word_1_52' title='bbox 580 993 719 1074; x_wconf 91' lang='lat' dir='ltr'><strong>lentaque</strong></span> <span class='ocrx_word' id='word_1_53' title='bbox 741 997 907 1057; x_wconf 91' lang='lat' dir='ltr'><strong>miserrima</strong></span> <span class='ocrx_word' id='word_1_54' title='bbox 930 994 997 1057; x_wconf 88' lang='lat' dir='ltr'><strong>tabe</strong></span> 
     </span>
     <span class='ocr_line' id='line_1_10' title="bbox 204 1082 944 1165; baseline 0.004 -24"><span class='ocrx_word' id='word_1_55' title='bbox 204 1129 213 1141; x_wconf 88' lang='grc'><strong>.</strong></span> <span class='ocrx_word' id='word_1_56' title='bbox 240 1083 395 1164; x_wconf 79' lang='lat' dir='ltr'><strong>liquitur,</strong></span> <span class='ocrx_word' id='word_1_57' title='bbox 417 1090 453 1144; x_wconf 89' lang='lat' dir='ltr'><strong>ut</strong></span> <span class='ocrx_word' id='word_1_58' title='bbox 475 1082 583 1162; x_wconf 80' lang='lat' dir='ltr'><strong>glacies</strong></span> <span class='ocrx_word' id='word_1_59' title='bbox 605 1085 718 1144; x_wconf 89' lang='lat' dir='ltr'><strong>inserto</strong></span> <span class='ocrx_word' id='word_1_60' title='bbox 742 1086 841 1145; x_wconf 89' lang='lat' dir='ltr'><strong>saucia</strong></span> <span class='ocrx_word' id='word_1_61' title='bbox 864 1083 944 1165; x_wconf 81' lang='lat' dir='ltr'><strong>sole3</strong></span> 
     </span>
     <span class='ocr_line' id='line_1_11' title="bbox 240 1169 990 1253; baseline 0 -21"><span class='ocrx_word' id='word_1_62' title='bbox 240 1170 407 1250; x_wconf 76' lang='lat' dir='ltr'><strong>Felicisque</strong></span> <span class='ocrx_word' id='word_1_63' title='bbox 429 1169 516 1231; x_wconf 93' lang='lat' dir='ltr'><strong>bonis</strong></span> <span class='ocrx_word' id='word_1_64' title='bbox 538 1189 599 1232; x_wconf 89' lang='lat' dir='ltr'><strong>non</strong></span> <span class='ocrx_word' id='word_1_65' title='bbox 621 1171 718 1233; x_wconf 92' lang='lat' dir='ltr'><strong>lenius</strong></span> <span class='ocrx_word' id='word_1_66' title='bbox 741 1174 839 1233; x_wconf 89' lang='lat' dir='ltr'><strong>uritur</strong></span> <span class='ocrx_word' id='word_1_67' title='bbox 861 1171 990 1253; x_wconf 89' lang='lat' dir='ltr'><strong>Herses,</strong></span> 
     </span>
    </p>

    <p class='ocr_par' dir='ltr' id='par_1_5' title="bbox 174 1257 1016 1340">
     <span class='ocr_line' id='line_1_12' title="bbox 174 1257 1016 1340; baseline -0.001 -18"><span class='ocrx_word' id='word_1_68' title='bbox 174 1271 227 1323; x_wconf 78' lang='lat' dir='ltr'><strong>elo</strong></span> <span class='ocrx_word' id='word_1_69' title='bbox 241 1259 337 1332; x_wconf 84' lang='lat' dir='ltr'><strong>Quam</strong></span> <span class='ocrx_word' id='word_1_70' title='bbox 359 1276 428 1320; x_wconf 85' lang='lat' dir='ltr'><strong>oum</strong></span> <span class='ocrx_word' id='word_1_71' title='bbox 450 1262 579 1339; x_wconf 76' lang='lat' dir='ltr'><strong>spinosis</strong></span> <span class='ocrx_word' id='word_1_72' title='bbox 601 1261 678 1339; x_wconf 91' lang='lat' dir='ltr'><strong>ignis</strong></span> <span class='ocrx_word' id='word_1_73' title='bbox 701 1257 879 1339; x_wconf 89' lang='lat' dir='ltr'><strong>subponitm</strong></span> <span class='ocrx_word' id='word_1_74' title='bbox 896 1259 1016 1340; x_wconf 85' lang='lat' dir='ltr'><strong>herbis,</strong></span> 
     </span>
    </p>

    <p class='ocr_par' dir='ltr' id='par_1_6' title="bbox 241 1346 1173 1518">
     <span class='ocr_line' id='line_1_13' title="bbox 241 1346 1173 1428; baseline 0.005 -20"><span class='ocrx_word' id='word_1_75' title='bbox 241 1348 323 1419; x_wconf 83' lang='lat' dir='ltr'><strong>Quae</strong></span> <span class='ocrx_word' id='word_1_76' title='bbox 341 1364 445 1426; x_wconf 71' lang='lat' dir='ltr'><strong>neque¹</strong></span> <span class='ocrx_word' id='word_1_77' title='bbox 458 1346 530 1409; x_wconf 90' lang='lat' dir='ltr'><strong>dant</strong></span> <span class='ocrx_word' id='word_1_78' title='bbox 546 1347 700 1426; x_wconf 86' lang='lat' dir='ltr'><strong>llammas,</strong></span> <span class='ocrx_word' id='word_1_79' title='bbox 722 1347 841 1427; x_wconf 91' lang='lat' dir='ltr'><strong>lenique</strong></span> <span class='ocrx_word' id='word_1_80' title='bbox 854 1356 958 1428; x_wconf 93' lang='lat' dir='ltr'><strong>tepore</strong></span> <span class='ocrx_word' id='word_1_81' title='bbox 972 1359 1173 1413; x_wconf 80' lang='lat' dir='ltr'><strong>cremantur.</strong></span> 
     </span>
     <span class='ocr_line' id='line_1_14' title="bbox 243 1435 1053 1518; baseline 0.001 -22"><span class='ocrx_word' id='word_1_82' title='bbox 243 1435 338 1516; x_wconf 84' lang='lat' dir='ltr'><strong>Saepe</strong></span> <span class='ocrx_word' id='word_1_83' title='bbox 360 1437 437 1496; x_wconf 92' lang='lat' dir='ltr'><strong>mori</strong></span> <span class='ocrx_word' id='word_1_84' title='bbox 460 1435 575 1518; x_wconf 84' lang='lat' dir='ltr'><strong>voluit,</strong></span> <span class='ocrx_word' id='word_1_85' title='bbox 596 1454 636 1497; x_wconf 92' lang='lat' dir='ltr'><strong>ne</strong></span> <span class='ocrx_word' id='word_1_86' title='bbox 658 1438 817 1516; x_wconf 91' lang='lat' dir='ltr'><strong>quicquam</strong></span> <span class='ocrx_word' id='word_1_87' title='bbox 840 1435 897 1497; x_wconf 86' lang='lat' dir='ltr'><strong>tale</strong></span> <span class='ocrx_word' id='word_1_88' title='bbox 919 1436 1053 1518; x_wconf 80' lang='lat' dir='ltr'><strong>videret3</strong></span> 
     </span>
    </p>

    <p class='ocr_par' dir='ltr' id='par_1_7' title="bbox 242 1507 1137 1692">
     <span class='ocr_line' id='line_1_15' title="bbox 242 1507 1137 1604; baseline 0.002 -19"><span class='ocrx_word' id='word_1_89' title='bbox 242 1524 335 1604; x_wconf 85' lang='lat' dir='ltr'><strong>Saepe</strong></span> <span class='ocrx_word' id='word_1_90' title='bbox 358 1523 439 1585; x_wconf 86' lang='lat' dir='ltr'><strong>velut</strong></span> <span class='ocrx_word' id='word_1_91' title='bbox 460 1526 574 1586; x_wconf 90' lang='lat' dir='ltr'><strong>crimen</strong></span> <span class='ocrx_word' id='word_1_92' title='bbox 595 1524 692 1604; x_wconf 91' lang='lat' dir='ltr'><strong>rigido</strong></span> <span class='ocrx_word' id='word_1_93' title='bbox 714 1542 837 1585; x_wconf 91' lang='lat' dir='ltr'><strong>narrare</strong></span> <span class='ocrx_word' id='word_1_94' title='bbox 859 1527 994 1604; x_wconf 82' lang='lat' dir='ltr'><strong>parenti:</strong></span> <span class='ocrx_word' id='word_1_95' title='bbox 1111 1507 1137 1557; x_wconf 70' lang='lat'><strong>⁹</strong></span> 
     </span>
     <span class='ocr_line' id='line_1_16' title="bbox 242 1611 990 1692; baseline 0.001 -20"><span class='ocrx_word' id='word_1_96' title='bbox 242 1611 376 1692; x_wconf 86' lang='lat' dir='ltr'><strong>Denique</strong></span> <span class='ocrx_word' id='word_1_97' title='bbox 397 1613 429 1673; x_wconf 90' lang='lat' dir='ltr'><strong>in</strong></span> <span class='ocrx_word' id='word_1_98' title='bbox 452 1612 575 1674; x_wconf 87' lang='lat' dir='ltr'><strong>adverso</strong></span> <span class='ocrx_word' id='word_1_99' title='bbox 597 1614 767 1674; x_wconf 85' lang='lat' dir='ltr'><strong>venientem</strong></span> <span class='ocrx_word' id='word_1_100' title='bbox 788 1612 889 1674; x_wconf 88' lang='lat' dir='ltr'><strong>limine</strong></span> <span class='ocrx_word' id='word_1_101' title='bbox 912 1613 990 1674; x_wconf 92' lang='lat' dir='ltr'><strong>sedit</strong></span> 
     </span>
    </p>

    <p class='ocr_par' dir='ltr' id='par_1_8' title="bbox 175 1700 1146 2046">
     <span class='ocr_line' id='line_1_17' title="bbox 175 1700 1146 1780; baseline 0 -18"><span class='ocrx_word' id='word_1_102' title='bbox 175 1711 229 1763; x_wconf 78' lang='lat' dir='ltr'><strong>alt</strong></span> <span class='ocrx_word' id='word_1_103' title='bbox 242 1700 407 1779; x_wconf 83' lang='lat' dir='ltr'><strong>Exclusura</strong></span> <span class='ocrx_word' id='word_1_104' title='bbox 430 1700 540 1762; x_wconf 88' lang='lat' dir='ltr'><strong>deum.</strong></span> <span class='ocrx_word' id='word_1_105' title='bbox 567 1703 617 1763; x_wconf 91' lang='lat' dir='ltr'><strong>cui</strong></span> <span class='ocrx_word' id='word_1_106' title='bbox 639 1700 839 1763; x_wconf 85' lang='lat' dir='ltr'><strong>blandimenta</strong></span> <span class='ocrx_word' id='word_1_107' title='bbox 860 1718 1026 1780; x_wconf 88' lang='lat' dir='ltr'><strong>precesque</strong></span> <span class='ocrx_word' id='word_1_108' title='bbox 1137 1718 1146 1733; x_wconf 91' lang='lat'><strong>·</strong></span> 
     </span>
     <span class='ocr_line' id='line_1_18' title="bbox 242 1783 981 1870; baseline 0.003 -23"><span class='ocrx_word' id='word_1_109' title='bbox 242 1787 397 1869; x_wconf 85' lang='lat' dir='ltr'><strong>Verbaque</strong></span> <span class='ocrx_word' id='word_1_110' title='bbox 419 1791 540 1851; x_wconf 87' lang='lat' dir='ltr'><strong>iactanti</strong></span> <span class='ocrx_word' id='word_1_111' title='bbox 557 1790 713 1850; x_wconf 85' lang='lat' dir='ltr'><strong>mitissima</strong></span> <span class='ocrx_word' id='word_1_112' title='bbox 736 1784 849 1850; x_wconf 78' lang='lat' dir='ltr'><strong>‘desine</strong></span> <span class='ocrx_word' id='word_1_113' title='bbox 862 1783 884 1870; x_wconf 88' lang='lat'><strong>,’</strong></span> <span class='ocrx_word' id='word_1_114' title='bbox 907 1789 981 1850; x_wconf 86' lang='lat' dir='ltr'><strong>dixit</strong></span> 
     </span>
     <span class='ocr_line' id='line_1_19' title="bbox 242 1874 1104 1957; baseline 0.001 -19"><span class='ocrx_word' id='word_1_115' title='bbox 242 1875 330 1939; x_wconf 79' lang='lat' dir='ltr'><strong>‘ilinc</strong></span> <span class='ocrx_word' id='word_1_116' title='bbox 353 1894 408 1956; x_wconf 90' lang='lat' dir='ltr'><strong>ego</strong></span> <span class='ocrx_word' id='word_1_117' title='bbox 431 1895 478 1939; x_wconf 90' lang='lat' dir='ltr'><strong>me</strong></span> <span class='ocrx_word' id='word_1_118' title='bbox 501 1895 562 1938; x_wconf 91' lang='lat' dir='ltr'><strong>non</strong></span> <span class='ocrx_word' id='word_1_119' title='bbox 584 1885 652 1939; x_wconf 84' lang='lat' dir='ltr'><strong>sum</strong></span> <span class='ocrx_word' id='word_1_120' title='bbox 674 1879 733 1938; x_wconf 90' lang='lat' dir='ltr'><strong>nisi</strong></span> <span class='ocrx_word' id='word_1_121' title='bbox 756 1885 786 1938; x_wconf 92' lang='lat' dir='ltr'><strong>te</strong></span> <span class='ocrx_word' id='word_1_122' title='bbox 809 1886 926 1939; x_wconf 87' lang='lat' dir='ltr'><strong>motura</strong></span> <span class='ocrx_word' id='word_1_123' title='bbox 948 1877 1072 1957; x_wconf 86' lang='lat' dir='ltr'><strong>repulso</strong></span> <span class='ocrx_word' id='word_1_124' title='bbox 1082 1874 1104 1940; x_wconf 92' lang='lat'><strong>.&#39;</strong></span> 
     </span>
     <span class='ocr_line' id='line_1_20' title="bbox 243 1959 983 2046; baseline 0.001 -20"><span class='ocrx_word' id='word_1_125' title='bbox 243 1960 387 2028; x_wconf 76' lang='lat' dir='ltr'><strong>‘Stemus&#39;</strong></span> <span class='ocrx_word' id='word_1_126' title='bbox 409 1967 451 2027; x_wconf 89' lang='lat' dir='ltr'><strong>ait</strong></span> <span class='ocrx_word' id='word_1_127' title='bbox 473 1959 582 2045; x_wconf 79' lang='lat' dir='ltr'><strong>‘pacto&#39;</strong></span> <span class='ocrx_word' id='word_1_128' title='bbox 605 1964 690 2027; x_wconf 87' lang='lat' dir='ltr'><strong>velox</strong></span> <span class='ocrx_word' id='word_1_129' title='bbox 714 1964 862 2045; x_wconf 77' lang='lat' dir='ltr'><strong>Cyllenius</strong></span> <span class='ocrx_word' id='word_1_130' title='bbox 885 1960 983 2046; x_wconf 72' lang='lat' dir='ltr'><strong>‘isto,’</strong></span> 
     </span>
    </p>

    <p class='ocr_par' dir='ltr' id='par_1_9' title="bbox 58 2052 1120 2576">
     <span class='ocr_line' id='line_1_21' title="bbox 58 2052 941 2133; baseline -0.003 -16"><span class='ocrx_word' id='word_1_131' title='bbox 58 2107 63 2117; x_wconf 94' lang='lat'>.</span> <span class='ocrx_word' id='word_1_132' title='bbox 243 2052 433 2133; x_wconf 83' lang='lat' dir='ltr'><strong>Caelatasque</strong></span> <span class='ocrx_word' id='word_1_133' title='bbox 456 2054 537 2114; x_wconf 86' lang='lat' dir='ltr'><strong>iores</strong></span> <span class='ocrx_word' id='word_1_134' title='bbox 559 2055 640 2133; x_wconf 86' lang='lat' dir='ltr'><strong>virga</strong></span> <span class='ocrx_word' id='word_1_135' title='bbox 662 2054 825 2133; x_wconf 82' lang='lat' dir='ltr'><strong>patefecit:</strong></span> <span class='ocrx_word' id='word_1_136' title='bbox 847 2053 941 2114; x_wconf 89' lang='lat' dir='ltr'><strong>atilli</strong></span> 
     </span>
     <span class='ocr_line' id='line_1_22' title="bbox 92 2141 1013 2222; baseline 0.002 -22"><span class='ocrx_word' id='word_1_137' title='bbox 92 2195 95 2200; x_wconf 24' lang='lat'><strong>⁴</strong></span> <span class='ocrx_word' id='word_1_138' title='bbox 176 2153 229 2205; x_wconf 76' lang='lat' dir='ltr'><strong>eno</strong></span> <span class='ocrx_word' id='word_1_139' title='bbox 244 2141 374 2221; x_wconf 85' lang='lat' dir='ltr'><strong>Surgere</strong></span> <span class='ocrx_word' id='word_1_140' title='bbox 397 2144 516 2203; x_wconf 87' lang='lat' dir='ltr'><strong>conanti</strong></span> <span class='ocrx_word' id='word_1_141' title='bbox 538 2147 639 2222; x_wconf 88' lang='lat' dir='ltr'><strong>partes</strong></span> <span class='ocrx_word' id='word_1_142' title='bbox 662 2159 864 2221; x_wconf 89' lang='lat' dir='ltr'><strong>quascumque</strong></span> <span class='ocrx_word' id='word_1_143' title='bbox 882 2141 1013 2203; x_wconf 87' lang='lat' dir='ltr'><strong>sedendo</strong></span> 
     </span>
     <span class='ocr_line' id='line_1_23' title="bbox 242 2229 1033 2311; baseline 0 -21"><span class='ocrx_word' id='word_1_144' title='bbox 242 2229 424 2311; x_wconf 84' lang='lat' dir='ltr'><strong>Flectimus,</strong></span> <span class='ocrx_word' id='word_1_145' title='bbox 447 2232 551 2309; x_wconf 85' lang='lat' dir='ltr'><strong>ignava</strong></span> <span class='ocrx_word' id='word_1_146' title='bbox 568 2238 722 2309; x_wconf 90' lang='lat' dir='ltr'><strong>nequeunt</strong></span> <span class='ocrx_word' id='word_1_147' title='bbox 743 2233 885 2310; x_wconf 84' lang='lat' dir='ltr'><strong>gravitate</strong></span> <span class='ocrx_word' id='word_1_148' title='bbox 903 2233 1033 2291; x_wconf 86' lang='lat' dir='ltr'><strong>moveri.</strong></span> 
     </span>
     <span class='ocr_line' id='line_1_24' title="bbox 242 2317 1038 2400; baseline -0.001 -21"><span class='ocrx_word' id='word_1_149' title='bbox 242 2317 293 2379; x_wconf 89' lang='lat' dir='ltr'><strong>llla</strong></span> <span class='ocrx_word' id='word_1_150' title='bbox 316 2317 436 2397; x_wconf 92' lang='lat' dir='ltr'><strong>quidem</strong></span> <span class='ocrx_word' id='word_1_151' title='bbox 459 2326 572 2397; x_wconf 85' lang='lat' dir='ltr'><strong>pugnat</strong></span> <span class='ocrx_word' id='word_1_152' title='bbox 594 2326 677 2379; x_wconf 90' lang='lat' dir='ltr'><strong>recto</strong></span> <span class='ocrx_word' id='word_1_153' title='bbox 700 2336 733 2380; x_wconf 90' lang='lat' dir='ltr'><strong>se</strong></span> <span class='ocrx_word' id='word_1_154' title='bbox 755 2317 890 2380; x_wconf 88' lang='lat' dir='ltr'><strong>attollere</strong></span> <span class='ocrx_word' id='word_1_155' title='bbox 912 2326 1038 2400; x_wconf 89' lang='lat' dir='ltr'><strong>trunco,</strong></span> 
     </span>
     <span class='ocr_line' id='line_1_25' title="bbox 243 2406 1120 2489; baseline 0.005 -22"><span class='ocrx_word' id='word_1_156' title='bbox 243 2406 302 2467; x_wconf 87' lang='lat' dir='ltr'><strong>Sed</strong></span> <span class='ocrx_word' id='word_1_157' title='bbox 325 2424 455 2486; x_wconf 87' lang='lat' dir='ltr'><strong>genuum</strong></span> <span class='ocrx_word' id='word_1_158' title='bbox 477 2409 616 2468; x_wconf 90' lang='lat' dir='ltr'><strong>iunctura</strong></span> <span class='ocrx_word' id='word_1_159' title='bbox 639 2408 738 2489; x_wconf 89' lang='lat' dir='ltr'><strong>riget,</strong></span> <span class='ocrx_word' id='word_1_160' title='bbox 761 2407 914 2486; x_wconf 81' lang='lat' dir='ltr'><strong>frigusque</strong></span> <span class='ocrx_word' id='word_1_161' title='bbox 935 2418 1120 2486; x_wconf 87' lang='lat' dir='ltr'><strong>perurguet.</strong></span> 
     </span>
     <span class='ocr_line' id='line_1_26' title="bbox 243 2493 1024 2576; baseline 0 -21"><span class='ocrx_word' id='word_1_162' title='bbox 243 2493 379 2573; x_wconf 84' lang='lat' dir='ltr'><strong>[Labitur</strong></span> <span class='ocrx_word' id='word_1_163' title='bbox 391 2542 401 2576; x_wconf 99' lang='lat'><strong>,</strong></span> <span class='ocrx_word' id='word_1_164' title='bbox 423 2503 454 2555; x_wconf 91' lang='lat' dir='ltr'><strong>et</strong></span> <span class='ocrx_word' id='word_1_165' title='bbox 471 2494 582 2574; x_wconf 89' lang='lat' dir='ltr'><strong>pallent</strong></span> <span class='ocrx_word' id='word_1_166' title='bbox 604 2497 713 2556; x_wconf 88' lang='lat' dir='ltr'><strong>amisso</strong></span> <span class='ocrx_word' id='word_1_167' title='bbox 735 2496 878 2573; x_wconf 89' lang='lat' dir='ltr'><strong>sanguine</strong></span> <span class='ocrx_word' id='word_1_168' title='bbox 900 2511 991 2556; x_wconf 82' lang='lat' dir='ltr'><strong>venae</strong></span> <span class='ocrx_word' id='word_1_169' title='bbox 1001 2493 1024 2572; x_wconf 92' lang='lat'><strong>.]</strong></span> 
     </span>
    </p>

    <p class='ocr_par' dir='ltr' id='par_1_10' title="bbox 177 2580 1003 2752">
     <span class='ocr_line' id='line_1_27' title="bbox 177 2580 1003 2661; baseline -0.004 -16"><span class='ocrx_word' id='word_1_170' title='bbox 177 2594 228 2645; x_wconf 78' lang='lat' dir='ltr'><strong>tto</strong></span> <span class='ocrx_word' id='word_1_171' title='bbox 242 2581 339 2661; x_wconf 86' lang='lat' dir='ltr'><strong>thue</strong></span> <span class='ocrx_word' id='word_1_172' title='bbox 358 2581 468 2644; x_wconf 91' lang='lat' dir='ltr'><strong>malum</strong></span> <span class='ocrx_word' id='word_1_173' title='bbox 489 2581 548 2644; x_wconf 86' lang='lat' dir='ltr'><strong>late</strong></span> <span class='ocrx_word' id='word_1_174' title='bbox 570 2582 648 2645; x_wconf 90' lang='lat' dir='ltr'><strong>solet</strong></span> <span class='ocrx_word' id='word_1_175' title='bbox 668 2580 873 2644; x_wconf 84' lang='lat' dir='ltr'><strong>inmedicabile</strong></span> <span class='ocrx_word' id='word_1_176' title='bbox 896 2599 1003 2643; x_wconf 85' lang='lat' dir='ltr'><strong>cancer</strong></span> 
     </span>
     <span class='ocr_line' id='line_1_28' title="bbox 243 2670 981 2752; baseline -0.001 -20"><span class='ocrx_word' id='word_1_177' title='bbox 243 2670 394 2752; x_wconf 90' lang='lat' dir='ltr'><strong>Serpere,</strong></span> <span class='ocrx_word' id='word_1_178' title='bbox 412 2678 443 2732; x_wconf 93' lang='lat' dir='ltr'><strong>et</strong></span> <span class='ocrx_word' id='word_1_179' title='bbox 464 2670 580 2733; x_wconf 87' lang='lat' dir='ltr'><strong>illaesas</strong></span> <span class='ocrx_word' id='word_1_180' title='bbox 601 2672 712 2732; x_wconf 82' lang='lat' dir='ltr'><strong>vitiatis</strong></span> <span class='ocrx_word' id='word_1_181' title='bbox 734 2670 843 2732; x_wconf 82' lang='lat' dir='ltr'><strong>addere</strong></span> <span class='ocrx_word' id='word_1_182' title='bbox 864 2679 981 2751; x_wconf 90' lang='lat' dir='ltr'><strong>partes,</strong></span> 
     </span>
    </p>

    <p class='ocr_par' dir='ltr' id='par_1_11' title="bbox 242 2758 1048 3016">
     <span class='ocr_line' id='line_1_29' title="bbox 243 2758 991 2839; baseline -0.001 -19"><span class='ocrx_word' id='word_1_183' title='bbox 243 2758 294 2820; x_wconf 89' lang='lat' dir='ltr'><strong>Sic</strong></span> <span class='ocrx_word' id='word_1_184' title='bbox 315 2758 411 2820; x_wconf 88' lang='lat' dir='ltr'><strong>letalis</strong></span> <span class='ocrx_word' id='word_1_185' title='bbox 433 2758 528 2820; x_wconf 87' lang='lat' dir='ltr'><strong>biems</strong></span> <span class='ocrx_word' id='word_1_186' title='bbox 550 2758 691 2839; x_wconf 90' lang='lat' dir='ltr'><strong>paulatim</strong></span> <span class='ocrx_word' id='word_1_187' title='bbox 713 2761 745 2819; x_wconf 91' lang='lat' dir='ltr'><strong>in</strong></span> <span class='ocrx_word' id='word_1_188' title='bbox 767 2767 888 2838; x_wconf 83' lang='lat' dir='ltr'><strong>pectora</strong></span> <span class='ocrx_word' id='word_1_189' title='bbox 911 2761 991 2819; x_wconf 85' lang='lat' dir='ltr'><strong>venit</strong></span> 
     </span>
     <span class='ocr_line' id='line_1_30' title="bbox 242 2846 910 2928; baseline 0.001 -22"><span class='ocrx_word' id='word_1_190' title='bbox 242 2846 412 2928; x_wconf 77' lang='lat' dir='ltr'><strong>vitalesque</strong></span> <span class='ocrx_word' id='word_1_191' title='bbox 434 2849 495 2908; x_wconf 83' lang='lat' dir='ltr'><strong>vias</strong></span> <span class='ocrx_word' id='word_1_192' title='bbox 518 2855 549 2909; x_wconf 97' lang='lat' dir='ltr'><strong>et</strong></span> <span class='ocrx_word' id='word_1_193' title='bbox 570 2849 765 2927; x_wconf 86' lang='lat' dir='ltr'><strong>respiramina</strong></span> <span class='ocrx_word' id='word_1_194' title='bbox 787 2846 910 2908; x_wconf 88' lang='lat' dir='ltr'><strong>elausit.</strong></span> 
     </span>
     <span class='ocr_line' id='line_1_31' title="bbox 242 2934 1048 3016; baseline -0.002 -19"><span class='ocrx_word' id='word_1_195' title='bbox 242 2934 304 2997; x_wconf 89' lang='lat' dir='ltr'><strong>Nec</strong></span> <span class='ocrx_word' id='word_1_196' title='bbox 327 2943 430 2996; x_wconf 89' lang='lat' dir='ltr'><strong>conata</strong></span> <span class='ocrx_word' id='word_1_197' title='bbox 453 2935 535 3014; x_wconf 90' lang='lat' dir='ltr'><strong>loqui</strong></span> <span class='ocrx_word' id='word_1_198' title='bbox 558 2944 626 3016; x_wconf 90' lang='lat' dir='ltr'><strong>est,</strong></span> <span class='ocrx_word' id='word_1_199' title='bbox 649 2953 726 3014; x_wconf 90' lang='lat' dir='ltr'><strong>nec,</strong></span> <span class='ocrx_word' id='word_1_200' title='bbox 749 2936 775 2995; x_wconf 91' lang='lat' dir='ltr'><strong>si</strong></span> <span class='ocrx_word' id='word_1_201' title='bbox 798 2942 902 2996; x_wconf 92' lang='lat' dir='ltr'><strong>conata</strong></span> <span class='ocrx_word' id='word_1_202' title='bbox 924 2936 1048 3009; x_wconf 79' lang='lat' dir='ltr'><strong>suisset,</strong></span> 
     </span>
    </p>

    <p class='ocr_par' dir='ltr' id='par_1_12' title="bbox 176 3021 1156 3281">
     <span class='ocr_line' id='line_1_32' title="bbox 176 3021 1046 3102; baseline -0.002 -17"><span class='ocrx_word' id='word_1_203' title='bbox 176 3037 228 3086; x_wconf 79' lang='lat'><strong>830</strong></span> <span class='ocrx_word' id='word_1_204' title='bbox 241 3023 329 3085; x_wconf 87' lang='lat' dir='ltr'><strong>Vocis</strong></span> <span class='ocrx_word' id='word_1_205' title='bbox 351 3022 478 3085; x_wconf 88' lang='lat' dir='ltr'><strong>babebat</strong></span> <span class='ocrx_word' id='word_1_206' title='bbox 499 3026 578 3085; x_wconf 89' lang='lat' dir='ltr'><strong>iter.</strong></span> <span class='ocrx_word' id='word_1_207' title='bbox 606 3041 710 3084; x_wconf 83' lang='lat' dir='ltr'><strong>saxum</strong></span> <span class='ocrx_word' id='word_1_208' title='bbox 733 3025 791 3094; x_wconf 89' lang='lat' dir='ltr'><strong>iam</strong></span> <span class='ocrx_word' id='word_1_209' title='bbox 814 3022 887 3084; x_wconf 88' lang='lat' dir='ltr'><strong>colla</strong></span> <span class='ocrx_word' id='word_1_210' title='bbox 909 3021 1046 3102; x_wconf 86' lang='lat' dir='ltr'><strong>tenebat,</strong></span> 
     </span>
     <span class='ocr_line' id='line_1_33' title="bbox 244 3110 1105 3193; baseline -0.002 -19"><span class='ocrx_word' id='word_1_211' title='bbox 244 3111 364 3193; x_wconf 84' lang='lat' dir='ltr'><strong>Oraque</strong></span> <span class='ocrx_word' id='word_1_212' title='bbox 387 3111 574 3191; x_wconf 84' lang='lat' dir='ltr'><strong>duruerant,</strong></span> <span class='ocrx_word' id='word_1_213' title='bbox 596 3114 775 3191; x_wconf 86' lang='lat' dir='ltr'><strong>signumque</strong></span> <span class='ocrx_word' id='word_1_214' title='bbox 797 3128 945 3191; x_wconf 85' lang='lat' dir='ltr'><strong>exsangue</strong></span> <span class='ocrx_word' id='word_1_215' title='bbox 968 3110 1105 3172; x_wconf 85' lang='lat' dir='ltr'><strong>sedebat.</strong></span> 
     </span>
     <span class='ocr_line' id='line_1_34' title="bbox 242 3198 1156 3281; baseline -0.001 -20"><span class='ocrx_word' id='word_1_216' title='bbox 242 3199 304 3261; x_wconf 89' lang='lat' dir='ltr'><strong>Nec</strong></span> <span class='ocrx_word' id='word_1_217' title='bbox 317 3200 392 3281; x_wconf 87' lang='lat' dir='ltr'><strong>lapis</strong></span> <span class='ocrx_word' id='word_1_218' title='bbox 405 3198 489 3262; x_wconf 86' lang='lat' dir='ltr'><strong>albus</strong></span> <span class='ocrx_word' id='word_1_219' title='bbox 504 3209 586 3261; x_wconf 85' lang='lat' dir='ltr'><strong>erat:</strong></span> <span class='ocrx_word' id='word_1_220' title='bbox 604 3216 658 3261; x_wconf 93' lang='lat' dir='ltr'><strong>sua</strong></span> <span class='ocrx_word' id='word_1_221' title='bbox 672 3216 758 3260; x_wconf 89' lang='lat' dir='ltr'><strong>mens</strong></span> <span class='ocrx_word' id='word_1_222' title='bbox 770 3199 915 3261; x_wconf 87' lang='lat' dir='ltr'><strong>iniecerat</strong></span> <span class='ocrx_word' id='word_1_223' title='bbox 927 3198 1022 3260; x_wconf 87' lang='lat' dir='ltr'><strong>illam.</strong></span> <span class='ocrx_word' id='word_1_224' title='bbox 1066 3212 1090 3256; x_wconf 76' lang='lat' dir='ltr'><strong>t.</strong></span> <span class='ocrx_word' id='word_1_225' title='bbox 1103 3224 1156 3256; x_wconf 75' lang='lat' dir='ltr'><strong>xxv.</strong></span> 
     </span>
    </p>

    <p class='ocr_par' dir='ltr' id='par_1_13' title="bbox 244 3286 1090 3456">
     <span class='ocr_line' id='line_1_35' title="bbox 287 3286 1090 3367; baseline 0.001 -19"><span class='ocrx_word' id='word_1_226' title='bbox 287 3288 346 3349; x_wconf 89' lang='lat' dir='ltr'><strong>llas</strong></span> <span class='ocrx_word' id='word_1_227' title='bbox 368 3287 421 3350; x_wconf 91' lang='lat' dir='ltr'><strong>ubi</strong></span> <span class='ocrx_word' id='word_1_228' title='bbox 443 3286 603 3349; x_wconf 89' lang='lat' dir='ltr'><strong>verborum</strong></span> <span class='ocrx_word' id='word_1_229' title='bbox 626 3305 738 3367; x_wconf 90' lang='lat' dir='ltr'><strong>poenas</strong></span> <span class='ocrx_word' id='word_1_230' title='bbox 759 3290 926 3366; x_wconf 89' lang='lat' dir='ltr'><strong>mentisque</strong></span> <span class='ocrx_word' id='word_1_231' title='bbox 949 3287 1090 3367; x_wconf 79' lang='lat' dir='ltr'><strong>profanae</strong></span> 
     </span>
     <span class='ocr_line' id='line_1_36' title="bbox 244 3374 966 3456; baseline -0.003 -19"><span class='ocrx_word' id='word_1_232' title='bbox 244 3375 330 3456; x_wconf 83' lang='lat' dir='ltr'><strong>Cepit</strong></span> <span class='ocrx_word' id='word_1_233' title='bbox 351 3375 553 3456; x_wconf 75' lang='lat' dir='ltr'><strong>Atlantiades,</strong></span> <span class='ocrx_word' id='word_1_234' title='bbox 576 3376 670 3440; x_wconf 88' lang='lat' dir='ltr'><strong>dictas</strong></span> <span class='ocrx_word' id='word_1_235' title='bbox 693 3393 710 3436; x_wconf 90' lang='lat' dir='ltr'><strong>a</strong></span> <span class='ocrx_word' id='word_1_236' title='bbox 731 3374 848 3437; x_wconf 88' lang='lat' dir='ltr'><strong>Pallade</strong></span> <span class='ocrx_word' id='word_1_237' title='bbox 870 3383 966 3436; x_wconf 91' lang='lat' dir='ltr'><strong>terras</strong></span> 
     </span>
    </p>

    <p class='ocr_par' dir='ltr' id='par_1_14' title="bbox 176 3463 1033 3543">
     <span class='ocr_line' id='line_1_37' title="bbox 176 3463 1033 3543; baseline -0.001 -17"><span class='ocrx_word' id='word_1_238' title='bbox 176 3475 228 3526; x_wconf 80' lang='lat'><strong>835</strong></span> <span class='ocrx_word' id='word_1_239' title='bbox 243 3463 365 3543; x_wconf 85' lang='lat' dir='ltr'><strong>linquit</strong></span> <span class='ocrx_word' id='word_1_240' title='bbox 387 3472 418 3526; x_wconf 94' lang='lat' dir='ltr'><strong>et</strong></span> <span class='ocrx_word' id='word_1_241' title='bbox 439 3464 607 3543; x_wconf 86' lang='lat' dir='ltr'><strong>ingreditur</strong></span> <span class='ocrx_word' id='word_1_242' title='bbox 630 3465 745 3524; x_wconf 86' lang='lat' dir='ltr'><strong>iactatis</strong></span> <span class='ocrx_word' id='word_1_243' title='bbox 767 3463 887 3525; x_wconf 89' lang='lat' dir='ltr'><strong>aethera</strong></span> <span class='ocrx_word' id='word_1_244' title='bbox 908 3465 1033 3543; x_wconf 89' lang='lat' dir='ltr'><strong>pennis.</strong></span> 
     </span>
    </p>

    <p class='ocr_par' dir='ltr' id='par_1_15' title="bbox 244 3550 1108 3628">
     <span class='ocr_line' id='line_1_38' title="bbox 244 3550 1108 3628; baseline 0.005 -18"><span class='ocrx_word' id='word_1_245' title='bbox 244 3551 370 3611; x_wconf 84' lang='lat' dir='ltr'><strong>Sevocat</strong></span> <span class='ocrx_word' id='word_1_246' title='bbox 391 3550 472 3612; x_wconf 87' lang='lat' dir='ltr'><strong>bunc</strong></span> <span class='ocrx_word' id='word_1_247' title='bbox 494 3552 635 3628; x_wconf 88' lang='lat' dir='ltr'><strong>genitor.</strong></span> <span class='ocrx_word' id='word_1_248' title='bbox 662 3569 718 3612; x_wconf 87' lang='lat' dir='ltr'><strong>nee</strong></span> <span class='ocrx_word' id='word_1_249' title='bbox 741 3569 860 3613; x_wconf 86' lang='lat' dir='ltr'><strong>causam</strong></span> <span class='ocrx_word' id='word_1_250' title='bbox 882 3553 979 3613; x_wconf 87' lang='lat' dir='ltr'><strong>lassus</strong></span> <span class='ocrx_word' id='word_1_251' title='bbox 1002 3554 1108 3614; x_wconf 85' lang='lat' dir='ltr'><strong>amoris</strong></span> 
     </span>
    </p>
   </div>
   <div class='ocr_carea' id='block_1_3' title="bbox 0 0 1241 4042">
    <p class='ocr_par' dir='ltr' id='par_1_16' title="bbox 0 0 1241 4042">
     <span class='ocr_line' id='line_1_39' title="bbox 0 0 1241 4042; baseline 0 0"><span class='ocrx_word' id='word_1_252' title='bbox 0 0 1241 4042; x_wconf 95' lang='lat' dir='ltr'><strong> </strong></span> 
     </span>
    </p>
   </div>
  </div>
 </body>
</html>
