2467 4042
441 223 508 293 XII,
526 229 666 278 tto-131.
685 230 690 242 '
779 243 878 280 111111
992 224 1055 288 241

130 390 216 451 Misit
236 391 270 450 in
292 388 461 469 Aeaciden,
484 388 563 467 quod
587 396 617 449 et
639 406 690 449 aes
713 398 743 450 et
764 392 898 469 proxima
920 392 1001 470 rupit

130 479 232 558 Terga
250 494 365 539 novena
379 474 487 559 boum,
507 476 622 538 decimo
636 485 735 538 tamen
749 475 821 538 orbe
836 486 984 540 moratum
997 486 1056 538 est.

130 566 257 628 Excutit
279 565 336 626 boc
358 564 469 647 beros,
491 584 657 644 rursusque
681 568 838 627 trementia
861 566 931 627 forti

130 654 206 715 Tela
229 671 320 715 manu
341 655 451 715 torsit:
472 671 579 715 rursus
602 656 666 714 sine
689 653 811 715 vulnere
835 673 944 734 corpus

62 757 117 805 100
131 744 354 821 sincerumque
377 742 454 803 luit.
484 740 554 819 [nec
577 743 667 803 tertia
689 744 790 821 cuspis
813 750 948 823 apertum

131 831 174 893 Et
196 849 230 892 se
253 831 446 912 praebentem
468 830 560 891 valuit
582 829 767 909 destringere
791 829 959 911 Cygnum]

131 919 222 980 Haud
246 937 333 980 secus
356 920 488 999 exarsit,
511 935 600 997 quam
623 920 704 980 circo
726 927 831 980 taurus
853 927 974 1002 aperto,

132 1007 212 1069 Cum
235 1025 290 1068 sua
310 1006 438 1069 terribili
460 1008 536 1086 petit
557 1009 723 1068 irritamina
745 1026 856 1090 cornu,

130 1097 299 1158 Poeniceas
320 1104 440 1175 restes,
462 1094 604 1174 elusaque
627 1095 750 1156 vulnera
772 1099 883 1157 sensit.

59 1198 115 1248 tos
130 1185 215 1246 Num
238 1192 337 1246 tamen
360 1182 504 1264 exciderit
526 1183 640 1244 ferrum
652 1232 663 1267 ,
686 1184 875 1267 considerat,
897 1184 1014 1247 hastae·

131 1271 286 1334 Haerebat
307 1273 409 1353 ligno.
437 1267 555 1333 ‘manus
577 1280 625 1333 eet
647 1290 712 1333 mea
735 1272 841 1334 debilis
863 1291 952 1354 ergo,

131 1355 291 1440 Quasque'
313 1363 355 1422 ait
377 1356 456 1422 ‘ante
478 1359 583 1422 babuit
604 1362 706 1442 vires,
729 1362 833 1422 effudit
854 1362 886 1422 in
909 1358 994 1422 uno?

131 1449 212 1510 Nam
235 1458 317 1510 certe
340 1448 418 1511 valui
430 1497 439 1530 ,
461 1449 508 1510 rel
532 1467 600 1509 cum
623 1448 766 1529 Lyrnesia
786 1451 902 1530 primus

131 1538 253 1599 Moenia
276 1537 393 1617 deieci,
414 1536 462 1599 vel
484 1555 552 1597 cum
575 1536 777 1617 Tenedonque
800 1554 915 1616 suoque

60 1640 117 1690 110
131 1625 296 1687 Eetioneas
318 1625 437 1705 implevi
460 1628 603 1704 sanguine
627 1625 760 1701 Thebas,

131 1713 190 1775 Vel
213 1731 282 1775 cum
303 1732 475 1794 purpureus
497 1713 634 1794 populari
656 1713 745 1775 caede
770 1713 875 1775 Caicus

132 1802 259 1885 Fluxit,
280 1820 417 1882 opusque
438 1819 522 1863 meae
544 1800 591 1862 bis
614 1805 709 1863 sensit
730 1801 880 1882 Telephus
901 1801 1021 1864 bastae.

134 1891 194 1951 Hic
218 1908 337 1970 quoque
359 1897 405 1952 tot
426 1892 521 1952 caesis
532 1937 542 1972 ,
564 1907 693 1969 quorum
715 1908 770 1969 per
792 1889 864 1951 litus
887 1909 1009 1952 acervos

134 1979 177 2040 Et
200 1979 259 2040 ieci
280 1987 312 2041 et
333 1978 441 2060 video,
463 1977 554 2040 valuit
576 1995 641 2039 mea
664 1978 769 2039 dextra
790 1978 925 2059 valetque
936 1974 955 2040 .'

62 2080 119 2132 111
135 2068 220 2128 Dixit
241 2075 273 2129 et
284 2102 297 2148 ,·
316 2074 385 2128 ente
407 2069 481 2127 actis
503 2065 595 2127 veluti
617 2066 693 2128 male
716 2065 875 2148 erederet,
897 2067 1011 2128 hastam

135 2156 220 2217 Misit
241 2158 273 2216 in
295 2155 452 2217 adversum
474 2153 563 2234 Lycia
585 2155 622 2216 de
644 2153 732 2235 plebe
754 2153 929 2237 Menoeten,

135 2243 334 2322 loricamque
358 2243 447 2304 simul
469 2241 662 2321 subiectaque
684 2250 807 2323 pectora
828 2245 929 2323 rupit.

137 2333 207 2405 Quo
230 2331 387 2412 plangente
409 2348 529 2410 gravem
551 2330 729 2393 moribundo
752 2333 863 2393 vertice
886 2339 997 2394 terram

136 2419 277 2482 Extrahit
296 2419 370 2481 illud
393 2419 472 2481 idem
495 2418 589 2480 calido
612 2418 650 2479 de
672 2419 794 2481 vulnere
817 2418 930 2502 telum,

64 2525 120 2575 110
136 2512 236 2588 Atque
263 2510 305 2570 ait
330 2504 416 2568 ‘baec
444 2525 549 2568 manus
577 2514 645 2588 est,
672 2507 745 2569 baec
757 2556 767 2591 ,
795 2526 853 2588 qua
880 2507 968 2569 modo

792 2598 940 2678 vicimus,
962 2597 1062 2659 basta.

135 2687 213 2749 Utar
225 2687 257 2746 ln
270 2684 327 2746 boc
340 2683 458 2767 isdem,
480 2686 568 2746 sitin
586 2684 665 2767 boc,
687 2702 818 2767 precor,
840 2686 937 2746 exitus
955 2686 1034 2746 idem
1044 2680 1063 2745 .’

137 2776 192 2836 Sic
214 2774 293 2835 latur
316 2772 509 2854 Cygnumque
531 2775 628 2855 petit,
650 2790 707 2834 nee
729 2774 863 2834 fraxinus
886 2781 984 2854 errat,

136 2864 235 2942 Inque
257 2879 361 2924 umero
384 2864 485 2923 sonuit
507 2880 567 2923 non
590 2864 698 2923 evitata
720 2864 860 2944 sinistr03

138 2951 213 3014 lnde
235 2949 317 3012 velut
338 2967 424 3011 muro
447 2949 598 3030 solidaque
622 2967 640 3010 a
662 2958 748 3012 caute
770 2950 890 3030 repulsa
911 2956 975 3011 est.

68 3041 207 3113 111011
228 3048 328 3102 temen
350 3042 429 3101 ictus
451 3045 536 3121 erat,
559 3040 708 3118 signatum
730 3042 873 3118 sanguine
896 3037 1030 3118 Cygnum

137 3128 262 3190 Viderat
282 3134 315 3189 et
335 3128 447 3188 frustra
469 3127 566 3188 iuerat
588 3129 706 3206 gavisus
728 3125 872 3188 Achilles.

135 3216 256 3279 Mulnus
279 3224 344 3278 erat
365 3214 502 3296 nullum3
525 3217 646 3295 sanguis
668 3223 733 3277 erat
755 3215 804 3277 ille
826 3214 997 3277 Menoetae.

140 3306 220 3367 Tum
242 3322 313 3366 vero
335 3321 478 3384 praeceps
500 3321 593 3365 curru
615 3303 830 3366 fremebundus
853 3303 889 3363 ab
912 3303 971 3364 alto

140 3392 268 3474 Desilit,
293 3399 325 3453 et
346 3390 440 3454 nitido
462 3409 603 3454 securum
626 3395 793 3453 comminus
814 3390 930 3452 bostem

72 3482 222 3548 11111111
244 3487 350 3562 petens
372 3497 505 3561 parmam
527 3480 622 3560 gladio
645 3480 816 3561 galeamque
839 3482 936 3542 cavari

141 3570 268 3653 Cernit,
289 3577 320 3631 at
340 3571 373 3631 in
395 3568 472 3631 duro
493 3567 570 3631 laedi
593 3587 712 3649 quoque
735 3586 860 3649 corpore
884 3569 1013 3631 serrum.

104 3681 191 3725 om.
204 3679 242 3722 n.
817 3674 851 3727 tt
