2467 4042
426 276 468 350 il,
491 270 687 337 aso-355.
1010 271 1069 337 197

165 430 252 491 Aere
266 445 328 490 non
344 435 444 504 oeno,
464 444 596 504 corpora
611 430 740 503 languor
754 428 854 509 habet

117 514 178 573 illa
194 512 319 588 quidem
337 514 447 572 valeat.
471 514 526 574 sed
542 513 569 573 si
584 513 663 571 male
677 512 764 571 finna
779 511 909 585 cubabit,

39 608 101 660 ³20
161 597 203 657 m
219 596 323 657 vitium
338 597 415 658 caeli
431 597 563 657 senserit
577 610 670 671 aegra
684 595 741 670 sni,

117 683 211 741 Tunc
228 696 314 741 amor
328 688 359 741 et
375 680 540 756 pietastua
555 681 595 741 sit
609 681 769 740 manifesta
785 681 914 755 puellae,

163 765 243 825 Tum
256 779 343 840 sere,
367 765 451 840 quod
466 765 559 840 plena
570 763 736 839 postmodo
752 765 830 823 laice
844 772 949 824 metas.

117 847 186 909 liae
202 848 255 909 tibi
270 849 386 908 morosi
405 849 528 909 veniant
541 847 665 908 fastidia
679 847 786 923 morbi,

162 932 284 1008 Perque
298 939 366 992 tuas
381 933 455 992 fiant
470 947 549 1007 quae
564 931 645 992 sinet
659 932 740 1007 ipsa,
763 947 881 992 manus.

41 1027 103 1080 ³25
115 1017 155 1076 Et
171 1017 275 1076 videat
290 1015 430 1090 flentem,
442 1020 510 1076 'nec
527 1016 647 1077 taedeat
662 1017 769 1077 osenla
783 1017 871 1091 ferre,

162 1100 203 1160 Et
216 1100 300 1160 sicco
317 1099 458 1161 lacrimas
475 1100 618 1161 conbibat
633 1116 687 1161 ore
701 1107 780 1160 tuas.

119 1185 216 1244 Multa
229 1200 327 1261 vove,
350 1184 407 1245 sed
422 1191 531 1245 cuneta
546 1185 657 1260 palam.
681 1184 866 1261 quotiesque
879 1184 992 1262 libebit,

164 1269 251 1343 Quae
264 1268 383 1330 releras
397 1269 455 1343 illi,
478 1268 597 1329 somnia
613 1270 693 1329 laeta
707 1268 788 1328 vide.

117 1353 155 1412 Et
170 1353 289 1427 veniat,
314 1368 394 1428 qnae
408 1354 517 1413 lustret
530 1368 608 1413 anus
624 1354 797 1430 lentumque
813 1354 985 1430 locumque,

44 1447 104 1501 330
158 1436 319 1497 Praeferat
332 1443 364 1497 et
379 1438 508 1497 tremula
522 1439 630 1512 sulpur
644 1443 674 1498 et
689 1453 748 1498 ova
760 1454 861 1499 manu.

119 1519 269 1581 omnibus
284 1520 334 1580 his
349 1521 470 1582 inerunt
484 1526 589 1596 gratae
606 1521 734 1596 vestigia
749 1536 855 1582 curaer

159 1605 197 1664 111
210 1604 331 1665 tabulas
346 1605 447 1665 multis
462 1604 539 1664 haee
554 1604 606 1664 via
622 1605 693 1665 iecit
707 1606 772 1665 iter.

113 1689 181 1748 Neo
195 1696 297 1749 tamen
313 1688 425 1749 officiis
441 1688 543 1749 odium
560 1696 724 1764 quaeratur
737 1689 775 1749 ab
791 1706 892 1766 aegra.

161 1771 209 1833 Sit
222 1789 299 1833 suus
314 1772 344 1832 in
360 1773 474 1833 blanda
488 1772 650 1833 sedulitate
664 1774 784 1833 modus.

49 1864 103 1918 335
116 1857 203 1917 Neve
217 1856 288 1916 eibo
304 1855 449 1932 prohibe,
469 1871 527 1916 nee
543 1857 637 1915 amari
654 1860 764 1932 poeula
778 1858 844 1919 suoi

157 1940 295 2016 Porrige.
317 1940 424 2001 rivalis
437 1939 565 2001 misceat
578 1940 630 2000 illa
644 1948 724 2001 tuus.

117 2023 179 2085 Sed
197 2040 260 2084 non
276 2040 339 2100 quo
355 2024 488 2085 dederas
503 2041 521 2084 a
536 2025 625 2086 litore
641 2025 769 2086 carbasa
784 2033 885 2102 vento,

158 2108 330 2182 Utendum,
351 2090 455 2168 medio
470 2123 538 2169 cum
553 2108 671 2183 potiere
686 2110 773 2170 ireto.

115 2194 194 2253 Dum
210 2209 312 2254 novus
327 2199 408 2253 errat
422 2208 523 2267 amor,
546 2194 626 2252 vires
642 2193 700 2252 sibi
715 2195 838 2270 colligat
850 2210 924 2256 usu=

50 2286 104 2338 310
156 2275 191 2337 Si
205 2276 285 2337 bene
299 2276 457 2350 nutrieris,
479 2284 617 2352 tempore
635 2277 740 2338 firmus
755 2278 820 2338 erit.

115 2360 211 2436 Quem
225 2367 346 2421 taurum
361 2361 485 2435 metuiS,
507 2361 632 2421 vibilum
646 2361 780 2422 mulcere
795 2363 934 2423 solebam
964 2386 966 2390 ·

157 2444 222 2505 Sub
239 2461 302 2520 qua
316 2460 398 2504 nune
412 2444 542 2506 recubas
558 2445 682 2517 arbore,
706 2446 791 2521 virga
806 2447 870 2508 luit.

113 2528 257 2589 Nascitur
270 2528 417 2604 exiguus,
439 2530 495 2590 sed
511 2544 588 2604 opes
603 2529 735 2613 adquirit
749 2531 861 2607 eundo,

158 2613 287 2689 Quaque
303 2612 398 2685 venit,
418 2614 529 2674 multas
544 2613 655 2689 accipit
669 2615 766 2674 amnis
782 2631 888 2690 aquas.

51 2707 100 2760 ito
112 2697 177 2757 Fae
189 2696 245 2758 tibi
260 2704 454 2758 consuescat.
478 2698 519 2756 nil
534 2698 738 2758 adsuetudine
752 2698 867 2760 maiust

155 2780 252 2855 Quam
266 2787 298 2840 tu
314 2782 386 2842 dum
401 2781 524 2858 capias,
545 2782 647 2844 taedia
664 2784 746 2842 nulla
761 2784 840 2859 luge.

110 2866 153 2926 Te
169 2880 295 2941 semper
308 2865 424 2941 videat,
447 2866 500 2928 tibi
516 2880 640 2941 semper
654 2867 799 2943 praebeat
813 2882 913 2941 aures,

152 2949 309 3011 Exhibeat
321 2952 423 3011 vultus
437 2966 562 3027 noxque
577 2951 708 3026 diesque
721 2959 802 3013 tuos.

111 3033 187 3096 Cum
200 3032 256 3094 tibi
271 3035 369 3094 maior
383 3035 439 3096 erit
454 3035 582 3109 fiducia,
607 3051 703 3110 posse
717 3035 839 3113 requiri,

52 3128 99 3180 350
152 3117 228 3179 Cum
242 3119 352 3195 procul
368 3119 486 3179 absenti
503 3134 576 3180 eura
592 3120 710 3180 iuturus
726 3122 797 3195 eris,

111 3204 157 3264 Da
171 3202 320 3279 requiem.
342 3204 498 3280 requietus
514 3219 588 3279 ager
601 3204 681 3265 bene
696 3205 811 3265 eredita
824 3204 941 3277 reddit,-

151 3289 308 3362 Terraque
324 3288 473 3348 caelestes
489 3288 576 3348 arida
590 3290 695 3348 sorbet
709 3305 818 3366 aquas.

109 3370 250 3451 Phyllida
266 3371 470 3448 Demophoon
486 3386 636 3448 praesens
651 3374 838 3434 moderatius
853 3373 946 3433 ussitr

149 3456 275 3517 Exarsit
290 3456 368 3517 velis
383 3456 483 3517 aerius
498 3457 549 3516 illa
564 3457 655 3516 datis.

49 3548 95 3601 tea
106 3541 284 3616 Penelopen
301 3539 416 3600 absens
431 3541 531 3600 solers
544 3540 708 3614 torquebat
722 3539 839 3600 Ulixes.
