2467 4042
517 209 600 280 xlv,
618 214 776 265 ear-421.
891 228 966 265 meus
1086 206 1151 274 293

151 388 218 439 385
232 375 333 437 Rebus
342 370 364 459 ,'
386 377 428 437 oit
450 370 515 437 ‘sed
533 392 634 436 amans
657 384 688 437 et
710 375 788 436 laesa
810 382 842 436 et
864 376 972 436 lomina
995 368 1151 454 Circel''³]

232 466 308 526 Tum
330 463 377 526 bis
400 464 437 525 ad
459 481 605 546 occasus,
628 462 674 525 bis
696 482 729 524 se
752 467 899 525 convertit
921 463 957 525 ad
979 473 1081 544 ortus,

231 552 291 614 'l'er
313 554 452 615 iuvenem
473 551 579 614 baculo
602 555 721 633 tetigit,
743 554 802 613 tria
824 553 954 613 carmina
977 551 1067 613 dixit.

231 640 284 702 llle
306 641 383 721 frigit
395 689 404 725 ,
428 639 481 702 sed
504 658 536 702 se
559 640 646 702 solito
669 640 800 702 velocius
823 641 886 720 ipse

232 729 362 791 Currere
384 731 531 791 miratur.
557 747 671 809 pennas
693 731 725 789 in
747 733 873 808 corpore
894 728 985 790 vidit:
1046 739 1151 782 mea.

153 830 217 880 390
232 817 331 897 Seque
354 835 461 879 noram
484 816 582 879 subito
606 816 697 879 Latiis
721 816 862 879 accedere
885 816 966 878 silvis

232 905 406 986 Indignatus
424 924 532 987 arem,
555 906 630 967 dtrro
654 907 717 967 iera
739 905 848 966 robora
869 914 968 967 rostro

231 994 332 1075 Figit,
355 1002 386 1056 et
407 996 502 1056 iratus
524 994 621 1073 longis
644 994 695 1055 dat
716 994 839 1055 vulnera
861 996 968 1055 ramis.

232 1082 424 1164 Purpureum
447 1082 608 1162 chlamydis
631 1100 746 1162 pennae
768 1091 887 1143 traxere
911 1082 1057 1162 colorem3

233 1170 339 1232 Fibula
366 1171 446 1250 quod
472 1171 571 1232 iuerat
583 1218 592 1254 ,
613 1179 786 1249 vestemque
809 1170 1009 1232 momorderat
1032 1187 1154 1248 aurum,

161 1269 218 1320 395
233 1259 337 1321 Pluma
360 1259 394 1320 iit
406 1306 415 1341 ,
438 1267 469 1320 et
491 1258 570 1320 lnlvo
595 1261 694 1320 cervix
716 1260 919 1338 praecingitur
941 1276 1031 1321 auro:

234 1347 296 1409 Nec
319 1349 479 1427 quicquam
502 1349 617 1427 antiqui
638 1347 709 1409 Pico
732 1349 793 1409 nisi
814 1349 934 1409 nomina
956 1354 1067 1408 restat.

233 1435 351 1497 Interea
374 1438 520 1517 comites,
543 1435 667 1497 clamato
692 1453 779 1516 saepe
801 1454 857 1515 per
879 1453 966 1514 agros

234 1523 421 1604 Nequiquam
442 1524 514 1587 Pico
537 1523 677 1603 nullaque
699 1527 731 1584 in
753 1533 837 1603 parte
859 1533 997 1605 reporto,

234 1612 394 1674 Invenient
416 1611 544 1693 Circen,
567 1644 611 1656 -
634 1630 703 1673 nam
724 1614 784 1673 iam
806 1620 979 1674 tenuaverat
1001 1629 1105 1694 auras,

165 1711 221 1761 ooo
234 1701 385 1780 Passaque
408 1708 472 1762 erat
494 1700 617 1762 nehtdas
640 1702 736 1763 ventis
760 1718 794 1762 ac
817 1700 878 1762 sole
901 1700 1016 1762 recludi
1033 1732 1077 1744 -

235 1787 476 1868 criminibusque
499 1796 641 1869 promunt
667 1791 746 1851 reris
758 1837 768 1871 ‚
791 1807 952 1870 regemque
978 1795 1156 1870 reposcunt,

234 1875 360 1956 Vimque
382 1877 484 1938 ferunt
496 1924 506 1958 ,
529 1879 683 1956 sacrisque
705 1886 811 1958 parant
831 1880 982 1940 incessere
1005 1877 1089 1939 telis.

235 1964 288 2026 llla
310 1981 421 2026 nocens
444 1968 557 2045 spargit
577 1967 660 2027 virus
683 1984 831 2046 sucosque
852 1969 981 2047 veneni,

235 2053 276 2115 Et
296 2052 422 2115 Noctem
444 2052 607 2133 Noctisque
630 2053 703 2116 deos
725 2054 884 2134 Ereboque
908 2054 1046 2134 Clraoque

167 2152 221 2202 405
237 2141 385 2203 Convocat
407 2151 438 2203 et
459 2141 555 2221 longis
577 2141 711 2204 Hecaton
733 2142 894 2204 ululatibus
917 2150 999 2205 oratr

236 2228 391 2290 Exsiluere
412 2229 478 2291 loco
502 2263 545 2274 -
568 2230 650 2292 dictu
673 2229 873 2292 mirabile-
896 2230 1003 2312 silvae,

237 2317 444 2398 ingemuitque
467 2318 586 2399 solum,
609 2321 763 2398 vicinaque
785 2319 889 2399 palluit
911 2318 1017 2401 arbor,

238 2405 405 2486 Sparsaque
429 2409 599 2486 sanguineis
622 2407 801 2469 maduerunt
822 2407 929 2487 pabula
951 2410 1061 2489 guttis,

237 2494 277 2554 Et
298 2493 410 2574 lapides
432 2497 489 2556 risi
511 2498 643 2574 mugitus
666 2496 755 2557 edere
778 2514 902 2579 raucos,

169 2593 223 2644 410
237 2582 277 2644 Et
297 2582 407 2644 latrare
430 2600 519 2644 canes
543 2592 573 2643 et
595 2583 705 2645 humus
727 2584 917 2665 serpentibus
940 2585 1013 2647 atris

238 2670 381 2750 Squalere
405 2679 436 2733 et
457 2679 565 2733 tennes
587 2674 702 2733 animae
724 2672 847 2735 volitare
871 2673 1029 2736 silentum.

237 2760 404 2821 Attonitum
425 2761 567 2821 monstris
589 2759 696 2840 vudgus
716 2770 825 2841 pavet:
848 2762 896 2823 illa
918 2762 1052 2842 parentis

238 2846 297 2909 Ora
320 2856 464 2909 venenata
486 2849 583 2928 tetigit
605 2851 743 2910 miramia
765 2853 863 2933 virga,

238 2935 330 2998 Cuius
353 2933 390 2996 al)
413 2944 524 2998 attactu
546 2939 695 2998 variarum
717 2946 850 3000 monstra
872 2939 1003 3000 ierarnm
1040 2950 1064 2991 t·
1077 2948 1156 2992 excid

170 3034 223 3085 415
237 3024 271 3086 ln
293 3025 416 3086 iuvenes
438 3027 581 3087 veniunt.
609 3025 685 3086 nulli
707 3044 760 3087 sua
783 3029 891 3088 mansit
912 3030 1025 3105 imago.

239 3112 395 3194 Sparserat
417 3113 560 3175 occiduus
582 3113 731 3175 Tartessia
752 3115 841 3176 litora
862 3113 1018 3195 Phoebus,

237 3200 275 3263 Et
297 3201 409 3263 frustra
431 3204 561 3263 coniunx
584 3202 678 3264 oeulis
701 3205 859 3282 animoque
883 3202 1022 3264 Canentis

236 3288 418 3370 Expectatus
442 3298 527 3351 erat.
555 3290 658 3352 lamuli
679 3291 867 3373 populusque
890 3308 945 3371 per
967 3307 1071 3352 omnes

237 3377 417 3440 discurrunt
440 3378 528 3440 silvae
550 3384 639 3459 atque
662 3379 748 3441 obvia
770 3378 882 3440 lumina
904 3387 1040 3460 portant.

171 3478 223 3529 sao
236 3465 299 3528 Neo
322 3467 394 3529 satis
416 3474 463 3528 est
484 3467 629 3548 nymplrae
652 3467 724 3529 llere
749 3475 780 3528 et
800 3467 932 3530 lacerare
955 3467 1075 3548 capillos

236 3554 275 3618 Et
297 3555 368 3618 dare
390 3554 584 3637 plangorem:
606 3556 678 3618 iacit
703 3555 777 3618 haee
803 3563 902 3618 tamen
925 3558 1023 3618 omnia
1034 3603 1044 3638 ‚
1067 3571 1158 3635 seque
