2467 4042
439 243 471 297 V.
489 254 528 294 111
541 246 646 295 36-1v
659 244 702 295 4⁷.
1032 242 1073 305 87

158 404 234 476 Quid
256 404 392 466 Priamus
414 403 532 484 doleat,
554 403 733 484 mirabitur,
757 402 884 466 Hectore
906 413 1011 487 rapto,

160 492 272 564 Quidve
295 492 476 553 Philoctetes
498 493 576 553 ictus
600 491 637 554 ab
660 510 756 571 angue
779 500 893 571 gemat.

159 580 194 641 lli
216 582 350 642 lacerent
372 582 507 661 utinam,
531 579 597 641 talis
620 587 715 641 status
736 589 818 642 esset
839 582 871 642 in
892 580 961 663 illo,

158 668 196 730 Ut
217 686 278 729 non
300 669 438 729 tristitiae
461 686 549 728 carisa
571 667 697 728 dolenda
719 666 813 729 lereti

112 768 145 817 15
159 756 228 816 Fert
250 764 372 834 tamen,
394 762 428 816 ut
451 754 540 816 dehet
552 801 561 835 ,
584 773 671 816 casus
693 757 840 835 patienter
862 773 994 834 amaros,

159 844 238 904 Mure
260 861 317 904 nec
339 843 476 904 indomiti
497 839 582 904 frena
604 851 724 914 recusat
746 843 831 922 equi.

159 931 219 993 Nec
240 933 306 993 lore
327 938 501 1011 perpetuam
525 939 625 1011 sperat
648 929 705 992 sibi
726 931 857 991 numinis
879 932 971 1011 iram,

159 1019 316 1099 Conscius,
341 1020 373 1079 iu
396 1018 483 1098 culpa
505 1036 565 1079 non
588 1018 686 1080 scelus
709 1037 775 1079 esse
799 1035 868 1079 sua.

161 1107 252 1187 Saepo
275 1108 390 1190 refert,
414 1109 453 1167 sit
475 1115 583 1185 quanta
607 1107 656 1168 dei
679 1106 856 1187 clementia,
879 1108 966 1168 culus

113 1207 146 1256 20
162 1195 200 1256 Se
221 1213 339 1275 quoque
361 1197 393 1256 in
416 1194 558 1273 exemplis
581 1194 775 1256 adnumerare
799 1194 892 1257 solet:

160 1283 252 1364 Nam,
275 1282 354 1361 quod
377 1301 449 1362 opes
472 1290 572 1343 teneat
593 1285 722 1363 patrias,
745 1280 824 1362 quod
842 1284 961 1344 nomina
984 1283 1075 1362 civis,

161 1370 292 1450 Denique
315 1368 394 1450 quod
417 1373 495 1431 vivat
507 1417 516 1451 ,
539 1388 648 1431 munus
670 1369 779 1431 habere
802 1368 868 1431 dei.

161 1458 203 1519 Te
225 1467 344 1538 tamen,
366 1476 385 1519 o
397 1506 406 1541 ,
430 1459 527 1538 siquid
551 1459 649 1542 credis
670 1457 765 1539 mihi,
788 1459 886 1519 carior
906 1458 950 1519 illi

163 1546 326 1627 Omnibus,
349 1548 380 1607 in
405 1553 467 1607 toto
489 1553 611 1625 pectore
635 1564 752 1626 semper
774 1545 880 1608 habet:

115 1647 148 1696 25
163 1634 260 1714 Teque
283 1634 509 1714 Menoetiaden,
533 1642 585 1715 te,
607 1636 661 1713 qui
683 1636 840 1695 comitatus
863 1633 1017 1714 Orestem,

163 1722 204 1783 Te
227 1731 309 1783 vocat
330 1721 462 1801 Aegiden
484 1721 705 1801 Euryalumque
728 1740 832 1783 suum.

161 1809 224 1871 Nec
245 1812 368 1890 patriam
391 1812 484 1889 magis
506 1809 556 1870 illc
579 1828 663 1871 suam
686 1809 835 1871 desiderat
857 1816 888 1871 et
911 1827 986 1888 quae

161 1898 287 1960 Plurima
310 1917 379 1960 cum
401 1901 496 1978 patria
520 1900 610 1959 sentit
633 1897 737 1959 abesse
761 1897 835 1978 sihi,

163 1984 257 2056 Quam
276 1986 375 2048 vultus
398 1986 560 2065 oculosque
584 1995 674 2065 tuos,
697 2004 714 2045 o
738 1985 853 2046 dulcior
874 1984 925 2046 illo

114 2087 147 2135 30
161 2074 269 2157 Melle,
289 2075 367 2155 quod
391 2077 422 2135 in
445 2076 523 2135 ceris
545 2072 642 2155 Attica
664 2075 748 2153 ponit
770 2075 851 2152 apis.

164 2162 258 2242 Saepe
279 2165 368 2224 etiam
391 2180 527 2223 maerens
550 2170 668 2241 tempus
691 2162 892 2222 reminiscitur
914 2161 1003 2241 illud,

166 2249 251 2321 Quod
273 2269 330 2311 non
353 2259 546 2330 praeventum
569 2257 665 2310 morte
688 2250 780 2311 luisse
803 2248 900 2330 dolet3

162 2338 293 2417 Cumque
316 2339 365 2399 alii
388 2340 527 2418 ingerent
550 2337 664 2400 subitae
688 2340 821 2417 contagia
845 2336 953 2418 cladis,

163 2425 223 2486 Nec
246 2426 352 2488 vellent
373 2429 450 2488 ictae
473 2426 563 2487 limen
586 2427 667 2487 adire
691 2426 814 2507 domus,

115 2526 149 2574 35
164 2513 205 2574 Te
229 2512 285 2574 sibi
306 2532 374 2575 cum
396 2516 499 2595 paucis
521 2517 656 2576 meminit
678 2517 821 2576 mansisse
841 2514 959 2575 'fidelem
971 2560 979 2592 ,

162 2601 195 2662 Si
217 2619 325 2681 paucos
347 2602 452 2683 aliquis
475 2611 572 2664 tresve
597 2603 708 2664 duosve
731 2610 832 2664 vocat.

162 2690 301 2762 Quamvis
321 2693 486 2771 attonitus,
510 2693 604 2752 sensit
626 2699 724 2752 tamen
748 2692 869 2772 omnia,
891 2708 947 2752 nec
970 2700 999 2752 te

161 2778 320 2840 Serninus
343 2779 474 2841 adversis
497 2780 659 2841 indoluisse
682 2782 761 2841 suis.

159 2865 255 2928 Verba
278 2868 352 2930 solet
373 2867 547 2947 vultumque
570 2876 655 2928 tuum
679 2870 865 2948 gemitusque
888 2868 1019 2948 reicere,

0 2986 2 2992 ‚
113 2966 148 3014 40
162 2953 200 3014 Et
222 2962 252 3014 te
274 2955 363 3017 ilente
386 2972 458 3016 suos
480 2955 645 3017 emaduisse
670 2958 771 3017 sinus:

161 3038 255 3110 Quram
278 3041 334 3102 sibi
355 3043 561 3123 praestiteris,
585 3060 645 3121 qua
666 3042 834 3104 consolatus
857 3043 984 3103 amicum

163 3127 211 3188 Sis
233 3146 312 3208 ope,
334 3129 472 3190 solandus
495 3148 564 3190 cum
587 3129 675 3189 simul
698 3131 761 3207 ipse
785 3132 883 3190 iores.

160 3215 219 3277 Pro
242 3216 351 3296 quibus
372 3217 501 3278 affirmat
522 3218 586 3278 lore
610 3234 642 3277 se
665 3233 885 3296 memoremque
913 3219 1078 3296 piumque,

161 3304 228 3366 Sive
252 3305 330 3367 diem
352 3305 449 3365 videat
461 3352 470 3386 ,
493 3307 554 3367 sive
578 3311 696 3384 tegatur
717 3304 831 3386 humo,

110 3404 145 3454 45
159 3391 218 3454 Per
240 3402 329 3473 caput
350 3396 414 3473 ipse
439 3411 525 3455 suum
549 3393 654 3455 solitus
676 3395 776 3455 iurare
799 3402 962 3472 tuumque,

160 3481 246 3552 Quod
269 3484 331 3543 scio
354 3500 414 3544 nun
437 3481 480 3543 illi
502 3482 589 3545 vilius
613 3499 680 3544 esse
704 3500 776 3544 suo.

158 3569 249 3632 Plena
271 3578 316 3633 tot
338 3589 373 3633 ac
394 3573 485 3633 tantis
508 3572 657 3633 referetur
680 3573 773 3651 gratia
796 3571 898 3651 lactis,
