2467 4042
302 225 443 292 290
707 245 858 282 men
1134 223 1463 280 METAMM
1478 264 1493 279 .

483 390 560 453 Et
603 392 797 472 tetigit
841 407 1105 453 summos
1149 391 1312 470 virga
1356 387 1469 452 dea
1512 390 1643 452 dira
1686 390 1965 475 capillos,
2016 424 2100 439 —

482 479 561 541 Et
594 480 780 559 pudet
814 488 876 541 et
910 478 1168 540 referam
1193 510 1281 522 —
1310 480 1488 540 saetis
1523 478 1876 542 horrescere
1911 485 2125 565 coepi,
2163 495 2211 540 ι.
2238 505 2368 539 exe.

352 580 457 631 280
485 568 609 629 Nec
653 571 772 629 iam
813 585 991 647 posse
1035 566 1245 650 loqui,
1288 584 1400 647 pro
1444 566 1646 629 verbis
1689 567 1868 629 edere
1911 586 2176 633 raucum

482 657 752 718 Murmur
777 703 797 737 ‚
843 663 904 717 et
947 657 1010 716 in
1056 664 1280 717 terram
1324 662 1450 717 toto
1495 654 1891 736 procumbere
1934 659 2148 743 vultu3

485 744 687 823 Osque
733 761 933 806 meum
978 745 1139 805 sensi
1181 743 1377 824 pando
1424 743 1816 806 occallescere
1860 755 2060 809 rostro
2076 796 2098 831 ,

484 832 645 895 Colla
691 840 924 895 tumere
971 834 1120 893 toris
1145 878 1165 912 ‚
1212 840 1276 892 et
1318 849 1434 911 qua
1477 832 1653 892 modo
1698 832 1913 912 pocula
1952 845 2134 917 parte

486 921 733 1001 Sumpta
777 920 923 982 mihi
967 921 1206 982 fuerant
1228 966 1249 1002 ‚
1291 919 1392 981 illa
1435 922 1683 1000 vestigia
1726 920 1843 982 feci
1861 966 1876 982 .

354 1021 456 1073 285
485 1008 752 1088 Cumque
799 1008 1005 1071 eadem
1047 1009 1240 1088 passis
1285 1039 1371 1052 -—
1415 1016 1648 1070 tantum
1692 1009 2083 1070 medicamina

1909 1095 2210 1178 possunt!
2256 1131 2357 1145 —

486 1186 741 1249 Claudor
785 1186 929 1248 hara
956 1232 971 1248 .
1028 1185 1341 1265 solumque
1390 1187 1517 1248 suis
1564 1188 1828 1247 caruisse
1873 1187 2065 1266 figura

485 1275 752 1337 Vidimus
797 1273 1244 1354 Eurylochum:
1290 1274 1454 1336 solus
1499 1272 1633 1335 data
1676 1273 1893 1354 pocula
1937 1274 2091 1354 fugit
2109 1322 2126 1336 .

487 1363 649 1435 Quae
694 1365 813 1424 nisi
854 1365 1098 1425 vitasset
1121 1409 1139 1443 ‚
1184 1364 1421 1442 pecoris
1464 1379 1605 1442 pars
1649 1379 1769 1424 una
1810 1380 2120 1423 manerem

485 1451 658 1513 Nunc
703 1469 940 1532 quoque
985 1453 1264 1530 saetigeri
1288 1496 1308 1532 ‚
1353 1467 1466 1512 nec
1510 1457 1707 1511 tantae
1752 1449 1937 1511 cladis
1981 1450 2061 1512 ab
2104 1450 2217 1513 illo

355 1551 457 1603 290
485 1539 721 1602 Certior
763 1539 836 1600 ad
884 1537 1096 1600 Circen
1141 1538 1303 1600 ultor
1345 1540 1607 1600 venisset
1648 1536 1850 1600 Ulixes
1867 1585 1884 1599 .

486 1627 718 1689 Pacifer
763 1627 902 1689 huic
949 1626 1194 1689 dederat
1235 1627 1445 1689 florem
1492 1625 1788 1705 Cyllenius
1835 1626 2038 1689 album
2053 1675 2075 1710 ,

485 1715 638 1795 Moly
682 1724 896 1777 vocant
939 1717 1187 1796 superi:
1230 1717 1401 1794 nigra
1443 1714 1643 1776 radice
1689 1722 1931 1777 tenetur
1949 1762 1964 1776 .

485 1805 677 1867 Tutus
723 1822 795 1865 eo
840 1806 1201 1884 monitisque
1248 1803 1424 1865 simul
1468 1801 1825 1865 caelestibus
1867 1805 2057 1866 intrat

484 1893 587 1953 Ille
634 1892 875 1954 domum
921 1891 1125 1954 Circes
1150 1940 1168 1974 ,
1215 1900 1277 1953 et
1320 1891 1393 1953 ad
1436 1889 1721 1952 insidiosa
1763 1900 2009 1953 vocatus

352 1992 453 2044 295
484 1981 701 2043 Pocula
726 2028 744 2062 ‚
791 1986 1104 2043 conantem
1147 1981 1313 2059 virga
1357 1979 1620 2041 mulcere
1666 1978 1908 2060 capillos

483 2069 805 2151 Reppulit,
851 2077 913 2131 et
957 2071 1164 2131 stricto
1208 2067 1479 2149 pavidam
1523 2067 1818 2130 deterruit
1860 2085 2005 2129 ense
2024 2115 2042 2130 .

483 2157 624 2220 Inde
671 2157 818 2219 fides
864 2157 1223 2236 dextraeque
1271 2155 1484 2219 datae:
1528 2155 1903 2235 thalamoque
1947 2165 2240 2238 receptus

485 2246 758 2325 Coniugii
803 2246 1001 2308 dotem
1047 2246 1348 2307 sociorum
1394 2262 1645 2324 corpora
1688 2246 1883 2325 poscit
1899 2291 1915 2304 .

489 2334 831 2414 Spargimur
875 2337 1109 2414 ignotae
1154 2335 1316 2396 sucis
1360 2332 1706 2395 melioribus
1751 2331 1970 2395 herbae
1987 2380 2009 2415 ,

356 2438 457 2482 :inm
489 2426 943 2503 Perculiturque
988 2428 1168 2503 caput
1208 2439 1529 2484 conversae
1575 2419 1824 2483 verbere
1867 2423 2107 2505 virgae,

489 2514 793 2590 Verbaque
840 2511 1121 2573 dicuntur
1167 2510 1342 2572 dictis
1387 2511 1684 2572 contraria
1728 2508 1960 2571 verbis:

485 2602 613 2670 [lun
669 2602 847 2678 magis
881 2599 979 2660 illa
1015 2601 1174 2661 canit
1197 2647 1216 2681 ,
1260 2600 1445 2679 magis
1482 2598 1596 2660 hoc
1631 2596 1844 2660 tellure
1880 2597 2056 2660 levati
2126 2611 2171 2653 ι.
2200 2613 2322 2657 ud.

489 2690 785 2766 {erigimur
808 2736 828 2770 ‚
875 2696 1186 2767 saetaeque
1234 2687 1454 2749 cadunt
1476 2734 1496 2768 ‚
1541 2686 1872 2766 bifidosque
1916 2687 2205 2769 relinquit

489 2778 649 2838 Rima
701 2777 877 2854 pedes
904 2825 922 2859 ‚
965 2776 1222 2838 redeunt
1265 2777 1462 2838 umeri
1507 2783 1569 2837 et
1613 2774 1880 2837 subiecta
1923 2774 2166 2840 lacertis

352 2882 453 2930 :ma
485 2866 765 2926 Bracchia
810 2873 950 2928 sunt
976 2913 991 2927 .
1046 2863 1289 2927 flentem
1333 2864 1545 2926 flentes
1591 2863 2005 2943 amplectimur
2047 2868 2200 2948 ipsi,

489 2958 926 3034 llanrssmnsque
975 2955 1145 3017 ducis
1190 2953 1341 3015 collo
1371 3000 1385 3015 .
1440 2971 1553 3014 nec
1596 2951 1777 3014 verba
1820 2952 2028 3014 locuti·

489 3046 609 3106 lilla
657 3046 854 3122 priora
901 3060 1107 3104 sumus
1131 3089 1152 3124 ,
1197 3058 1376 3122 quam
1420 3059 1530 3103 nos
1575 3042 1851 3103 testantia
1898 3048 2134 3121 gratos.

485 3138 689 3194 Armua
733 3150 837 3194 nos
882 3130 1003 3193 illic
1048 3133 1243 3193 tenuit
1277 3147 1488 3192 mora:
1531 3129 1833 3208 multaque
1878 3146 2166 3210 praesens

485 3222 777 3302 Tempore
821 3228 942 3281 tam
986 3219 1161 3300 longo
1205 3218 1368 3300 vidi,
1414 3218 1600 3280 multa
1643 3217 1888 3279 auribus
1933 3217 2138 3280 hausi.

352 3326 457 3370 etr]
493 3310 613 3370 Πῦρ.
653 3327 888 3389 {pinque
926 3326 1064 3369 cum
1100 3308 1302 3369 multis
1327 3355 1346 3391 ,
1393 3306 1553 3386 quod
1590 3306 1741 3368 clam
1776 3305 1921 3367 mihi
1948 3306 2180 3369 rettulit
2204 3324 2313 3370 una

485 3398 777 3466 [nmmum
822 3414 856 3456 e
901 3394 1134 3458 famulis
1180 3395 1255 3456 ad
1300 3395 1438 3457 talia
1482 3412 1651 3456 sacra
1693 3397 1916 3475 paratis
1935 3441 1950 3455 .

485 3486 625 3542 [Ίιιπιῑι
681 3486 827 3543 :luce
873 3501 1127 3563 namque
1173 3500 1307 3544 meo
1354 3482 1527 3545 Circe
1573 3482 1715 3544 dum
1760 3482 1884 3544 sola
1919 3491 2219 3566 moratur,

485 3570 581 3626 illa
633 3574 769 3630 mihi
815 3572 985 3631 niveo
1033 3572 1255 3632 sactum
1300 3569 1373 3633 de
1420 3588 1714 3633 marmore
1760 3573 1996 3652 signum
