2467 4042
1020 213 1098 269 xvu

86 382 198 449 libello,
211 381 244 439 iu
256 383 344 441 tanta
356 379 628 439 additamentorum
638 379 795 456 brevitate,
809 380 982 458 dignoscere
991 380 1096 454 44444,

88 469 222 547 quaein
249 468 364 528 codices
389 471 509 528 nostros
535 472 598 527 tres
626 468 737 527 saeculi
762 486 808 528 xn
835 473 1003 528 commenta
1031 487 1096 528 sae-

87 559 147 618 culi
169 570 194 617 x
217 560 269 617 aut
286 569 324 616 xl
346 556 452 615 inferri
474 558 505 615 et
528 554 648 616 scholiis
671 555 788 615 4444444
809 557 971 632 potuerint.
1027 559 1097 616 sunt

86 647 169 721 inp.
195 647 235 706 23
259 644 397 721 vulgaria
418 645 513 720 plura.

175 733 261 792 Duae
283 735 400 792 restant
421 733 547 808 paginas
569 731 735 808 proximas,
763 724 836 813 (24)
858 736 890 793 44
913 725 1001 814 (25),
1025 752 1095 808 qua·

87 841 155 881 rum
179 839 295 881 summa
317 836 458 881 versuum
480 820 613 880 distichis
628 820 744 880 duobus
757 821 926 898 legitimum
939 840 1096 880 numerum

86 909 209 970 excedit.
263 909 296 968 in
321 909 415 985 priori
438 907 521 985 quod
549 909 747 985 suspicionem
775 927 869 986 snpra
890 910 1012 969 modum
1034 928 1095 969 mo·

86 1001 170 1074 veat,
192 998 270 1057 nihil
291 997 391 1073 video,
418 997 477 1056 nisi
499 1016 526 1057 v.
550 996 613 1056 517
639 995 834 1074 Peregrinum
856 998 1000 1058 Proteum
1023 997 1095 1056 deli·

87 1087 194 1147 tiscsre
229 1086 398 1160 credamus,
439 1082 520 1161 quod
555 1085 743 1160 exploratum
778 1103 838 1146 noa
874 1089 928 1147 444
978 1086 1046 1145 inde
1078 1104 1097 1145 a

87 1194 132 1235 vv.
163 1177 226 1234 533
255 1178 287 1234 et
315 1176 377 1235 551
406 1173 537 1232 ubertim
564 1173 686 1248 444444,
710 1191 789 1249 >quaa
813 1174 913 1250 quivis
940 1174 1096 1233 mediocris

88 1263 270 1322 versificator
297 1261 501 1322 consarcinare
529 1261 637 1337 potuit.
687 1262 781 1338 selegi
807 1262 879 1336 duo,
906 1282 983 1339 quae
1010 1281 1096 1339 pacu-

87 1351 194 1409 liarem
221 1350 387 1409 labeculam
415 1349 595 1424 praeferunt.
651 1349 798 1409 distichon
822 1351 885 1410 539
909 1353 975 1412 540
997 1351 1029 1411 in
1050 1369 1097 1410 co·

88 1439 203 1497 dicihus
236 1437 373 1497 omnihus
404 1440 590 1513 corruptum,
623 1437 742 1497 scholiis
774 1438 934 1498 distortm
960 1439 1096 1499 eruditae

86 1527 224 1586 lectionis
246 1525 466 1602 aliquantulum
488 1525 601 1601 prodit,
624 1525 747 1584 indiculi
769 1525 904 1586 historici
926 1529 957 1586 44
979 1527 1095 1586 fabula·

86 1634 168 1690 rum,
196 1614 292 1690 qualis
314 1614 553 1690 mythographus
576 1614 741 1673 Vaticanus
763 1614 891 1691 primus,
913 1615 965 1691 qui
986 1615 1096 1674 montis

87 1701 184 1779 Cyrae
207 1706 238 1762 et
260 1702 344 1761 Batti
366 1702 553 1777 migrationis
575 1701 758 1761 mentionem
780 1703 893 1762 habuit.
948 1703 1097 1778 scriptura

87 1791 223 1849 codicum
236 1791 382 1849 bonorum
394 1794 444 1850 est
457 1789 595 1850 Conditor
606 1795 641 1850 ut
654 1792 770 1866 tardum
789 1790 826 1849 de
840 1809 975 1849 errorum
989 1791 1095 1850 eximio

87 1894 211 1938 numero
235 1879 312 1937 ratio
335 1878 488 1938 hominem
506 1877 623 1937 fefellit.
650 1908 688 1919 -
713 1897 761 1937 vv.
779 1880 843 1938 543
863 1878 929 1939 544
948 1898 1006 1955 quo
1020 1882 1095 1938 tem·

87 1984 159 2043 pore
190 1966 382 2042 interpositos
413 1967 521 2042 dicam,
553 1984 614 2025 non
645 1966 750 2027 habeo.
803 1966 861 2025 soli
892 1970 995 2026 tamen
1026 1969 1096 2027 sunt

86 2057 116 2113 in
139 2055 187 2114 his
205 2066 277 2115 xxv
300 2055 456 2131 archetypi
477 2054 602 2131 paginis,
627 2054 734 2130 quibus
756 2054 860 2114 fabula
881 2056 942 2113 iam
965 2055 1096 2114 delibata

86 2144 221 2203 iteratur.
276 2142 425 2203 distichon
451 2146 513 2203 291
544 2145 608 2202 292
637 2160 656 2200 4
682 2142 818 2202 Bentleio
850 2143 1019 2203 confossum
1046 2143 1096 2203 vix

86 2233 184 2307 ipsum
216 2232 391 2307 genuinum,
428 2230 482 2289 sed
513 2231 551 2290 ab
584 2231 748 2306 archetypo
781 2230 892 2290 ciuisse
923 2250 982 2291 non
1013 2234 1094 2306 puto.

86 2320 208 2378 nomina
222 2323 253 2378 et
267 2334 409 2395 personas
424 2318 603 2394 aliquotiens
616 2322 740 2395 propter
753 2318 837 2379 varia
851 2337 926 2396 quac
940 2319 1096 2379 subierunt

89 2410 142 2466 aut
165 2411 377 2483 perpetrarunt
400 2406 545 2482 supplicia
567 2411 621 2467 aut
643 2407 788 2482 facinora,
810 2408 923 2483 induci,
943 2408 1027 2468 velut
1049 2411 1095 2467 est

87 2496 120 2554 in
133 2495 271 2571 Lycaone
291 2497 355 2555 327
371 2497 445 2563 431,
463 2498 517 2554 444
535 2495 633 2554 obiter
650 2497 884 2570 commemorari,
902 2500 937 2555 ut
951 2496 1096 2556 Irimonsn

88 2585 161 2657 335,
184 2584 259 2643 nihil
282 2583 403 2642 mirum:
426 2586 459 2642 at
480 2583 603 2660 reliqua,
628 2601 704 2661 quae
717 2583 840 2644 Ellisius
862 2585 1095 2660 4447114444-

86 2672 223 2732 divarum
245 2672 416 2733 fabularum
439 2672 575 2748 ensmpla
592 2672 761 2749 proposuit,
783 2691 923 2733 numeros
946 2691 1095 2750 versuum,

87 2762 139 2838 qui
162 2765 232 2822 sunt
254 2764 324 2837 post
346 2763 410 2821 556
433 2780 488 2835 444
509 2762 541 2819 in
559 2778 680 2820 censum
698 2760 831 2838 veniunt,
854 2762 966 2821 referre
984 2762 1095 2837 videas,

86 2849 222 2925 inprimis
246 2852 310 2910 563
336 2851 400 2910 564
424 2853 487 2910 565
513 2851 577 2909 566
602 2851 666 2909 577
691 2852 764 2910 578.

175 2937 300 2996 Utilitas
322 2938 354 2995 in
376 2938 423 2996 his
446 2937 622 2997 ratiunculis
640 2937 714 2996 haec
732 2939 920 3012 potissimum
938 2941 993 3013 est,
1017 2936 1095 3013 qnod

86 3024 260 3084 siccorum
286 3043 346 3083 non
374 3043 536 3100 paucorum
560 3024 766 3084 emendatione
789 3044 911 3100 prorsus
935 3029 982 3084 est
1005 3025 1097 3084 absti-

86 3111 224 3171 nendum.
277 3112 376 3171 nescio
403 3130 443 3170 an
469 3111 654 3187 praestiterit
682 3112 773 3171 etiarn
801 3114 839 3172 ab
867 3114 910 3171 eis
944 3113 1096 3187 abstineri,

86 3201 138 3277 qui
165 3199 292 3258 saeculis
319 3200 468 3274 prioribus
497 3199 606 3258 adiecti
636 3199 784 3259 ridentur.
838 3200 967 3258 Pacatus
994 3201 1097 3260 rhetor

86 3288 162 3365 legit
192 3287 341 3347 distichon
369 3289 431 3348 159
468 3289 531 3347 160
560 3291 687 3347 exeunte
719 3288 838 3347 saeculo
870 3293 990 3364 quarto,
1021 3289 1096 3364 legit

85 3378 214 3438 fortasse
238 3376 282 3435 ita
304 3377 508 3451 emendatum,
535 3376 581 3436 uti
608 3375 724 3452 pridem
747 3374 941 3435 conieceram:
971 3380 1004 3436 44
1025 3376 1095 3435 insi-

85 3466 189 3525 ticium
221 3468 319 3524 totum
349 3468 435 3543 puto,
467 3464 598 3525 effictum
630 3467 754 3542 propter
779 3464 948 3524 intellectas
975 3485 1002 3526 v.
1033 3468 1093 3525 161

85 3573 146 3613 non
167 3554 271 3630 furias,
286 3555 341 3617 ,uti
358 3554 440 3616 Fast.
460 3553 503 3612 VI
522 3556 595 3631 489,
620 3553 673 3613 sed
695 3552 854 3613 Furiarum
876 3553 1028 3614 ultricium
1050 3573 1096 3613 co-

139 3662 272 3704 cvrum
865 3652 884 3706 b
