2467 4042
357 175 485 242 120
680 194 978 231 moun.
1182 174 1508 230 METAMM
1527 215 1541 231 .

529 341 799 404 Vincitur
842 340 1147 404 ambarum
1191 343 1426 421 genitor
1469 360 1650 422 prece
1679 390 1692 405 .
1739 344 1954 424 gaudet
1995 347 2205 425 agitque

529 431 633 493 Illa
676 432 832 512 patri
877 438 1073 510 grates
1099 476 1119 512 ‚
1156 438 1217 491 et
1263 433 1626 493 successisse
1672 431 1903 494 duabus

396 530 501 583 486
530 521 595 581 ld
638 527 811 600 putat
852 519 1055 580 infelix
1080 567 1100 599 ,
1145 520 1304 599 quod
1349 521 1466 581 erit
1508 518 1762 599 lugubre
1805 520 2028 583 duabus
2046 569 2059 585 .

527 608 650 670 lam
693 607 862 668 labor
907 610 1156 687 exiguus
1201 606 1442 669 Phoebo
1479 608 1742 670 restabat
1765 657 1784 691 ,
1831 612 2076 689 equique

528 695 851 760 Pulsahant
891 695 1143 776 pedibus
1189 699 1448 776 spatium
1492 696 1733 758 declivis
1779 696 2040 778 Olympi:

528 784 776 865 Regales
823 784 1029 865 epulae
1074 787 1297 846 mensis
1344 793 1406 846 et
1447 783 1716 848 Bacchus
1759 788 1823 846 in
1870 804 2011 848 auro

530 874 781 937 Ponitur
809 920 824 934 .
879 874 1018 934 hinc
1062 873 1292 953 placido
1340 872 1559 935 dantur
1605 892 1712 936 sua
1758 892 2007 957 corpora
2049 891 2229 935 somno
2249 920 2269 933 .

398 975 501 1024 490
532 961 635 1041 [At
677 980 784 1023 rex
830 960 1119 1041 Odrysius
1144 1009 1163 1042 ,
1209 965 1476 1042 quamvis
1522 965 1771 1024 secessit
1793 1011 1813 1044 ‚
1850 965 1913 1024 in
1966 963 2059 1024 illa

529 1053 819 1132 Aestuat3
864 1059 926 1112 et
967 1058 1251 1131 repetens
1299 1051 1511 1111 faciem
1555 1060 1871 1131 motusque
1920 1069 2222 1130 manusque

532 1139 739 1211 Qualia
782 1138 909 1200 vult
951 1139 1121 1218 fingit
1166 1156 1317 1218 quae
1362 1138 1626 1200 nondum
1670 1139 1818 1201 vidit
1840 1187 1860 1222 ,
1905 1148 1967 1200 et
2008 1142 2165 1220 ignes

530 1228 664 1309 Ipse
710 1246 852 1289 suos
897 1230 1090 1288 nutrit
1133 1244 1277 1289 cura
1322 1237 1665 1289 removente
1711 1245 1988 1308 soporem
2008 1226 2050 1306 .]

530 1314 659 1377 Lux
706 1324 876 1396 erat,
921 1324 983 1376 et
1027 1318 1234 1395 generi
1279 1315 1548 1377 dextram
1593 1316 1934 1397 complexus
1980 1319 2172 1378 euntis

397 1415 500 1466 495
529 1404 796 1466 Pandion
842 1406 1121 1466 comitem
1165 1403 1424 1466 lacrimis
1471 1404 1847 1466 commendat
1888 1404 2146 1466 obortis:

532 1490 722 1554 ‘Hanc
767 1511 876 1572 ego
894 1540 913 1575 ‚
958 1510 1095 1555 care
1142 1510 1362 1575 gener,
1411 1495 1689 1573 quoniam
1731 1495 1830 1573 pia
1876 1511 2052 1555 causa
2097 1492 2290 1572 coegit,

529 1581 608 1642 Et
650 1581 893 1642 voluere
940 1579 1145 1643 ambae
1170 1629 1189 1664 ‚
1234 1581 1478 1642 voluisti
1521 1590 1588 1643 tu
1636 1598 1872 1661 quoque
1897 1631 1916 1662 ,
1961 1580 2155 1642 Tereu
2171 1629 2188 1661 ,

531 1670 616 1731 Do
662 1669 772 1731 tibi
800 1716 814 1731 .
867 1687 1097 1750 perque
1142 1669 1320 1731 fidem
1365 1678 1731 1750 cognataque
1776 1679 2019 1750 pectora
2063 1669 2302 1750 supplex,

529 1758 647 1819 Per
693 1775 943 1838 superos
991 1776 1097 1818 oro
1124 1806 1143 1839 ‚
1186 1759 1378 1838 patrio
1425 1767 1494 1820 ut
1539 1761 1761 1820 tuearis
1809 1776 2008 1820 amore
2024 1805 2044 1840 ‚

398 1858 502 1911 ooo
530 1846 607 1907 Et
650 1844 795 1907 mihi
842 1846 1130 1907 sollicitae
1175 1846 1437 1907 lenimen
1482 1846 1655 1907 dulce
1702 1854 1975 1907 senectae

533 1934 723 2006 Quam
766 1936 1025 2013 primum
1074 1967 1157 1978 —
1206 1937 1399 1995 omnis
1456 1937 1570 1995 erit
1623 1933 1796 1996 nobis
1848 1953 2012 1996 mora
2065 1934 2222 2014 longa
2260 1965 2322 1976 —

741 2019 761 2037 ⁸
1749 2025 2016 2084 remittas
2035 2070 2048 2083 .

529 2111 623 2174 Tu
678 2129 917 2191 quoque
973 2129 1148 2190 quam
1202 2113 1464 2190 primum
1510 2134 1593 2154 -ι
1641 2113 1784 2173 satis
1839 2120 1931 2173 est
1980 2111 2182 2191 procul
2221 2126 2322 2171 esse

1654 2217 1922 2261 sororem
1967 2230 2051 2243 —

532 2289 598 2352 Si
641 2291 831 2368 pietas
880 2287 995 2348 ulla
1041 2296 1134 2349 est
1158 2335 1177 2370 ‚
1222 2287 1295 2349 ad
1343 2305 1438 2348 me
1465 2335 1483 2369 ,
1529 2287 1852 2349 Philomela
1876 2336 1896 2368 ‚
1940 2287 2129 2349 redito
2150 2284 2183 2348 .’

534 2376 838 2436 Mandabat
866 2428 882 2456 ,
930 2378 1270 2457 pariterque
1317 2394 1459 2437 suae
1504 2375 1678 2437 dabat
1723 2376 1924 2438 oscula
1968 2385 2168 2456 natae,

401 2480 497 2528 5⁴35
534 2464 606 2524 Ei
658 2468 926 2524 lacrimae
974 2464 1126 2526 dites
1170 2467 1329 2525 inter
1373 2463 1644 2526 mandata
1689 2463 2009 2525 cadebant.

538 2552 726 2632 thue
778 2556 886 2612 fide
934 2556 1147 2632 pignus
1192 2553 1431 2614 dextras
1476 2554 1792 2633 utriusque
1836 2554 2139 2634 poposcit,

534 2644 694 2700 luter
742 2660 926 2720 seque
974 2642 1134 2703 datas
1179 2643 1375 2702 iunxit
1398 2689 1417 2724 ‚
1463 2649 1778 2722 natamque
1823 2649 2206 2721 nepotemque

534 2728 822 2788 absentes
874 2748 978 2808 pro
1024 2747 1089 2791 se
1134 2732 1387 2791 memori
1431 2738 1601 2809 rogat
1644 2748 1748 2791 ore
1797 2728 2088 2810 salutent;

534 2820 1010 2896 Supremumque
1056 2817 1181 2879 vale
1225 2817 1402 2898 pleno
1449 2817 1805 2897 singultibus
1851 2835 1955 2879 ore

401 2920 501 2968 filu
534 2908 638 2968 Vix
690 2908 834 2968 dixit.
858 2960 874 2988 ,
922 2908 1240 2987 timuitque
1286 2924 1428 2968 suae
1472 2909 1776 2986 praesagia
1822 2907 2070 2967 mentis.

538 2996 610 3056 Ut
658 2996 834 3056 semel
882 2997 1137 3076 inposita
1183 3003 1275 3056 est
1318 2996 1515 3074 pictae
1558 2994 1882 3057 Philomela
1927 2997 2190 3074 carinae,

534 3084 966 3164 Aslmotumque
1012 3084 1232 3145 fretum
1278 3085 1460 3144 remis
1506 3082 1801 3164 tellusque
1846 3083 2084 3163 repulsa
2128 3091 2239 3161 est,

538 3168 818 3232 *Vicimus
850 3168 886 3232 Γ
934 3171 1220 3233 exclamat
1267 3167 1525 3233 ‘mecum
1570 3190 1699 3233 mea
1745 3180 1879 3233 vota
1923 3172 2192 3233 feruntur
2207 3164 2238 3230 1’

538 3260 890 3340 Exultaique
938 3271 998 3321 et
1042 3262 1137 3322 vix
1183 3261 1378 3320 animo
1425 3277 1532 3322 sua
1576 3260 1788 3340 gaudia
1832 3259 2033 3321 differt

401 3360 501 3408 515
538 3348 826 3408 Barbarus
858 3396 874 3424 ‚
922 3360 982 3408 et
1025 3365 1318 3427 nusquam
1362 3347 1565 3408 lumen
1613 3348 1929 3428 detorquet
1965 3347 2038 3408 ab
2083 3346 2205 3408 illa:

534 3436 662 3492 Non
713 3436 878 3492 aliter
910 3484 926 3508 ,
974 3452 1149 3513 quam
1194 3453 1333 3495 cum
1378 3434 1630 3514 pedibus
1675 3434 1992 3515 praedator
2037 3434 2260 3496 obuncis

538 3520 822 3596 Deposuit
870 3520 1004 3580 nido
1050 3521 1317 3601 leporem
1364 3521 1516 3583 Iovis
1564 3522 1686 3583 ales
1731 3524 1796 3584 in
1841 3523 1994 3604 alto;
