2467 4042
195 265 253 328 158
563 261 837 323 EPISTULAE.

275 417 362 492 Quod
377 418 449 492 quia
462 417 501 476 sit
515 414 626 476 tectum
641 421 748 475 sancta
762 423 926 492 praesente
939 416 1048 487 Diana,

315 502 395 562 Esse
409 508 491 560 tuem
505 500 637 560 vinctam
652 499 777 561 numine
790 507 868 563 teste
882 500 984 561 fldem.

273 587 316 646 Ne
330 594 430 646 tamen
446 584 565 659 ignoret
580 583 686 659 scripti
700 582 853 647 sententia
867 601 946 659 quae
963 584 1011 659 sit,

313 672 406 730 Lecta
420 668 473 728 tibi
490 668 645 743 quendem
660 684 742 729 nunc
757 684 882 744 quoque
895 669 990 730 verba
1003 669 1097 729 refer.

209 755 385 827 215²Nube,
408 755 546 828 piccus,³
569 752 650 813 dicet
664 753 725 813 ‘cui
740 760 771 813 te
784 752 868 813 bona
882 752 1007 815 numina
1021 754 1166 830 iungunt

315 837 410 912 Quem
424 838 491 896 iere
503 837 627 911 iurasti,
648 835 688 896 sit
700 852 795 912 gener
811 836 862 899 ille
877 836 960 899 mihi.

273 922 417 997 Quisquis
432 921 459 981 is
474 928 535 997 est,
556 924 691 996 placeat,
712 920 856 996 quoniam
870 923 971 996 placet
982 928 1056 984 ante
1071 923 1216 985 Dianae?

313 1007 393 1066 Talis
409 1005 466 1066 erit
477 1012 587 1078 mater,
609 1005 636 1065 si
651 1006 745 1066 modo
759 1005 936 1067 macerarit.

272 1089 334 1150 Sed
350 1098 451 1150 tamen
466 1095 654 1164 ecquacmt,
675 1090 745 1166 quis
760 1088 817 1149 sim
833 1090 1010 1167 qualisque,
1035 1091 1159 1152 videtne

209 1185 261 1237 220
312 1174 449 1235 Inveniet
464 1173 553 1234 vobis
568 1173 762 1235 consuluisse
776 1174 875 1235 deam.

272 1259 389 1333 Insula,
411 1257 551 1337 Coryciis
566 1259 720 1333 quondam
736 1257 935 1321 celeberrima
947 1260 1107 1336 nymphis,

314 1341 449 1419 cingitur
462 1344 603 1418 Aegaeo,
624 1342 748 1403 nomine
762 1341 837 1417 cea,
859 1343 949 1403 muria

272 1427 327 1486 lita
340 1427 412 1486 mihi
428 1428 527 1503 patn‘a
541 1433 598 1487 est.
620 1441 694 1501 nec,
716 1427 743 1487 si
758 1441 910 1502 generosa
925 1427 1065 1502 probatis

313 1511 458 1585 Nomina,
481 1510 638 1587 despectis
653 1527 765 1586 unguor
778 1518 864 1573 ortus
878 1511 957 1572 uvis.

209 1605 259 1658 ηδ
271 1594 348 1656 Sunt
361 1603 392 1655 et
405 1611 484 1671 opes
498 1594 605 1670 nobis,
628 1602 745 1656 suntet
759 1595 827 1655 sine
841 1594 966 1657 crimine
979 1612 1103 1659 menese

313 1680 454 1755 Amplius
470 1686 566 1755 utque
579 1679 668 1753 nihii,
688 1694 737 1740 me
751 1678 804 1739 tihi
822 1678 918 1754 iungit
932 1692 1029 1742 amer.

271 1767 445 1840 Appeteres
460 1765 551 1824 telem
565 1764 616 1822 vet
629 1778 692 1823 nun
707 1763 805 1823 iurata
818 1764 968 1825 nimitum.

313 1849 432 1909 lunatae
446 1849 495 1907 vei
510 1863 572 1907 non
586 1846 656 1907 talis
671 1847 832 1908 habendus
846 1855 921 1907 erat.

270 1931 356 1991 Haec
370 1930 423 1991 tibi
437 1930 529 1991 mein
546 1932 664 1993 somnis
679 1930 837 1992 iaculatrix
854 1930 988 1992 scribere
1001 1930 1139 2007 Phoebe

207 2023 260 2078 ‘230
311 2015 396 2075 Haec
407 2014 462 2076 tibi
475 2030 525 2076 me
539 2015 661 2092 vigilem
676 2014 812 2076 smibere
825 2014 914 2077 iussit
926 2017 1037 2077 Amor:

271 2099 297 2159 Ε
312 2099 423 2174 quibus
439 2099 563 2160 citerius
578 2100 652 2160 mihi
666 2100 725 2160 iam
740 2115 875 2161 nocuere
889 2099 1028 2175 sagittae,

314 2183 448 2244 Alterius
463 2191 594 2246 noceant
607 2200 648 2244 ne
661 2183 715 2245 tibi
729 2184 803 2257 teta,
826 2199 912 2245 cave.

270 2269 374 2330 Iuncta
392 2269 477 2328 satus
493 2275 599 2328 nostre
613 2273 670 2328 est.
691 2267 837 2329 miserere
851 2268 974 2343 meique
987 2269 1105 2346 tuique.

314 2351 391 2426 Quid
408 2351 531 2412 dubitas
543 2368 635 2412 unam
650 2354 731 2415 ieme
744 2351 866 2415 duobus
881 2358 994 2429 cpcmt

208 2445 259 2499 235
272 2436 361 2511 Quod
375 2437 401 2496 si
417 2436 590 2512 contigerit,
614 2452 683 2496 cum
698 2436 759 2496 iam
775 2437 848 2499 deta
860 2437 950 2512 signa
962 2436 1117 2499 sonabunt

312 2520 480 2597 Tinctaque
492 2521 597 2583 votivo
613 2521 764 2596 sanguine
777 2521 873 2582 Delos
886 2522 952 2596 enit,

271 2607 374 2665 Aurea
388 2613 520 2681 ponetur
535 2606 606 2666 mati
621 2605 844 2681 felicisimum),

314 2689 476 2766 Causaque
490 2689 650 2750 versiculis
665 2689 778 2766 scriptu
795 2689 919 2752 duobus
933 2688 1004 2749 erit:

272 2773 395 2848 ‘Effigie
410 2775 491 2850 pomi
506 2781 636 2836 testetur
648 2773 799 2834 Acontius
813 2773 913 2845 huius,

141 2858 144 2859 ’
210 2867 261 2920 240
314 2857 397 2932 Qtnae
411 2858 521 2919 tuerint
535 2857 568 2918 in·
581 2874 621 2919 eo
634 2858 762 2934 scripta,
784 2858 881 2919 fuisse
893 2860 981 2918 mm?

271 2942 406 3016 Longior
418 2943 569 3007 infirmum
584 2959 624 3002 ne
637 2945 735 3003 lasset
748 2942 880 3018 epistula
896 2956 1021 3018 corpus,

316 3026 488 3102 clausaque
502 3034 651 3088 consueto
665 3026 706 3087 sit
718 3027 772 3087 tibi
786 3027 864 3101 fine,
885 3027 967 3087 vaiet

662 3244 727 3309 XX.

272 3329 434 3438 pertimui,
455 3330 674 3440 scriptumque
683 3371 767 3424 tuum
781 3364 849 3425 sine
862 3379 1017 3426 murmure
1031 3364 1103 3440 tegi,

314 3449 430 3510 {munet
443 3463 563 3523 neqnos
578 3447 676 3509 inscia
689 3448 793 3524 lingua
806 3448 895 3510 deos.

272 3533 311 3594 Ut
325 3538 417 3608 puto,
439 3540 600 3609 captasses
615 3534 737 3607 iteum,
757 3533 833 3607 nisi,
856 3540 888 3595 ut
901 3531 970 3609 ipse
982 3532 1098 3599 icteris
1114 3508 1117 3513 ’
