2467 4042
177 224 241 291 160
351 241 471 279 carnos
590 222 769 279 METAMM.

264 388 435 453 Abstulerat
457 388 576 471 iaculo;
598 388 712 467 lignum
735 390 799 450 sine
823 391 958 452 acumine
982 392 1085 452 venit.

198 491 250 543 tib
265 479 313 541 ira
334 480 392 541 leri
413 485 494 539 mota
516 485 562 538 est
573 525 582 559 ,
606 495 663 538 nec
686 476 809 539 fulmine
832 477 929 540 leuius
951 481 1044 540 arsit:

264 568 380 630 Emicat
402 583 439 628 ex
462 564 580 647 oculis,
602 567 696 645 spirat
718 584 836 646 quoque
859 574 980 646 pectore
1002 566 1141 629 llamma.

265 656 363 735 thue
385 654 463 716 volat
485 654 578 716 moles
601 654 727 717 adducto
750 656 867 717 concite
888 673 998 736 nervo,

266 744 341 806 Cum
362 745 438 824 petit
460 751 512 804 aut
533 759 636 804 muros
659 750 710 804 aut
731 742 834 822 plenas
855 743 950 806 milite
972 753 1094 825 turres,

265 833 299 894 ln
321 835 443 894 iuvenes
466 840 547 893 vasto
571 834 614 892 sic
637 834 747 910 impete
770 831 927 894 vulnificus
950 850 1001 894 sus

200 935 253 985 sco
267 921 394 1002 Fertur,
413 928 444 982 et
464 918 647 999 Eupalamon
669 919 897 1002 Pelagonaque,
919 921 1024 983 dextra
1049 929 1169 985 tuentes

267 1011 408 1090 Cornua,
429 1010 614 1089 prosternit.
643 1009 718 1069 socii
739 1025 865 1088 rapuere
888 1011 1037 1072 iacentes.

266 1102 304 1160 At
326 1116 386 1160 non
408 1096 542 1158 letiferos
566 1097 669 1176 elingit
690 1095 866 1159 Enaesimus
888 1099 967 1159 ictus

265 1187 470 1267 Hippocoonte
493 1192 596 1247 satus.
624 1184 822 1265 trepidantem
845 1193 875 1246 et
897 1193 980 1266 terga
1002 1195 1161 1266 parantem

266 1275 389 1336 Vertere
412 1276 530 1336 succiso
552 1273 705 1352 liquerunt
726 1274 837 1353 poplite
860 1276 962 1336 nervi.

200 1376 252 1427 oco
266 1363 404 1425 Forsitan
426 1370 457 1424 et
478 1361 579 1441 Pylius
601 1363 677 1423 citra
695 1360 822 1423 Troiana
843 1364 972 1442 perisset

266 1453 434 1532 Tempora:
457 1450 509 1512 sed
532 1458 651 1532 sumpto
674 1452 771 1530 posita
793 1453 947 1513 conamine
970 1451 1008 1513 ab
1029 1451 1118 1514 hasta

267 1541 390 1603 Arboris
412 1539 549 1621 insiluit,
573 1557 649 1620 quae
672 1537 768 1601 stabat
789 1542 924 1619 proxima
935 1588 946 1623 ,
968 1544 1080 1623 ramis,

267 1630 489 1710 Despexitque,
511 1627 576 1689 loco
600 1636 706 1709 tutus,
729 1645 819 1706 quem
840 1629 959 1708 lugeret
980 1629 1119 1691 hostem.

266 1717 411 1780 Dentibus
432 1716 481 1778 iile
504 1716 588 1778 ferox
611 1719 642 1778 in
666 1734 779 1795 querno
803 1718 905 1797 stipite
927 1718 1006 1780 tritis

201 1821 253 1871 tto
268 1807 421 1886 [imminet
442 1807 554 1887 exitio,
577 1803 730 1884 fidensque
749 1804 921 1868 recentibus
944 1805 1049 1885 ermis]

266 1894 426 1975 Eurytidae
450 1896 549 1974 magui
570 1901 671 1955 rostro
694 1894 791 1955 lemur
813 1893 912 1956 bausit
935 1894 1070 1957 adunco.

265 1987 304 2047 At
325 1986 457 2065 gemini,
481 1982 613 2045 nondum
636 1980 773 2043 caelestia
795 1981 915 2065 sidera,
938 1983 1073 2065 iratres,

265 2072 359 2135 Ambo
383 2074 560 2154 conspicui,
581 2073 650 2132 nive
673 2069 892 2133 candidioribus
916 2071 1002 2133 ambo

266 2160 464 2224 vectabantur
487 2162 594 2242 equis,
616 2158 703 2220 ambo
725 2158 838 2221 vibrata
859 2178 914 2240 per
937 2178 1024 2223 auras

200 2264 251 2315 ³⁷5
266 2251 425 2313 Hastarum
447 2249 574 2311 tremulo
598 2246 771 2334 quatiebant
793 2248 906 2328 spictda
926 2258 1028 2311 motu.

266 2339 394 2402 Vulnera
418 2339 581 2419 iecissent,
603 2338 662 2398 nisi
685 2339 814 2416 saetiger
835 2339 915 2398 inter
938 2352 1064 2420 opacas,

265 2428 327 2490 Nec
350 2427 454 2489 iaculis
476 2428 550 2488 isset
572 2442 629 2486 nec
652 2443 729 2504 equo
753 2425 816 2486 loca
838 2427 939 2506 pervia
951 2474 962 2508 ,
985 2427 1090 2489 silvas.

265 2518 460 2596 Persequitur
483 2514 646 2596 Telamon,
668 2513 826 2592 studioque
849 2516 987 2577 incautus
1010 2516 1100 2577 eundi

266 2606 383 2667 Pronus
406 2603 442 2665 ab
466 2603 590 2665 arborea
612 2603 721 2665 cecidit
742 2601 841 2664 radice
864 2611 1016 2666 retentus.

200 2706 253 2757 eso
266 2695 343 2756 lium
365 2694 442 2755 levat
464 2693 544 2755 hunc
565 2691 696 2774 Peleus,
719 2691 847 2753 celerem
869 2690 1004 2772 Tegeaea
1026 2695 1161 2773 sagittam

267 2784 400 2865 inposuit
422 2800 514 2844 nervo
537 2783 715 2860 sinuatoque
738 2779 851 2861 expulit
873 2797 962 2843 arcu.

266 2873 336 2933 Fixa
359 2869 416 2933 sub
439 2889 510 2933 aure
533 2871 590 2931 leri
612 2887 761 2932 summum
785 2868 943 2949 destringit
964 2869 1101 2932 harundo

267 2961 405 3042 Corpus,
427 2967 458 3022 et
480 2961 587 3039 exiguo
609 2956 758 3021 rubelecit
779 2960 923 3037 sanguine
946 2965 1060 3020 saetas.

267 3049 329 3111 Nec
353 3057 450 3110 tamur
473 3048 522 3110 illa
544 3049 592 3109 sui
615 3065 757 3110 successu
779 3045 885 3109 laetior
906 3048 1007 3129 ictus,

200 3148 252 3199 385
267 3138 362 3210 eram
384 3137 547 3217 Meleagros
570 3144 655 3197 erat.
682 3138 797 3217 primus
819 3134 927 3198 vidisse
949 3143 1096 3219 putatur,

267 3227 306 3288 Et
327 3228 443 3307 primus
466 3227 555 3288 sociis
577 3227 674 3286 ristun
697 3223 863 3286 ostendisse
886 3241 1045 3308 cruorem,

266 3315 305 3377 Et
328 3310 491 3377 ‘meritum’
514 3313 624 3376 dixisse
648 3308 739 3375 ‘feres
761 3314 881 3376 virtutis
902 3313 1049 3375 honorem
1059 3308 1081 3376 .’

266 3403 422 3466 Erubuere
445 3406 522 3485 riri,
545 3421 638 3482 seque
661 3402 857 3464 exhortantur
878 3410 909 3463 et
932 3401 1046 3464 addunt

267 3491 342 3553 Cum
365 3492 492 3554 clamore
516 3494 652 3574 animos,
674 3494 844 3571 iaciuntque
867 3493 932 3553 sine
956 3490 1063 3552 ordine
1088 3491 1159 3555 tela.

201 3592 253 3643 oso
267 3578 368 3642 'inrba
390 3591 479 3643 nocet
500 3583 585 3643 iactis
597 3627 608 3658 ,
631 3576 664 3642 et'
684 3599 760 3661 quos
781 3581 857 3663 petit
869 3627 879 3662 ,
900 3579 1026 3662 impedit
1049 3583 1145 3644 ictus.
