2467 4042
199 262 258 329 154
571 259 842 324 uplsrutali.

279 415 317 477 Et
330 415 426 476 decor
440 419 471 475 et
484 415 586 475 vultus
601 415 669 474 sine
682 413 850 475 rusticitate
866 415 1027 493 pudentes,

237 510 272 565 ao
324 499 375 573 Et,
398 498 533 559 Thetidis
549 497 649 573 qualis
667 498 718 557 vix
734 513 804 559 rear
817 514 905 575 esse,
928 500 1035 575 pedes.

281 583 386 644 cetera
402 581 430 644 si
445 598 570 658 possem
582 582 723 654 laudare,
745 582 864 657 beatior
877 598 996 644 essem:

321 668 384 728 Nee
399 666 520 740 dubito,
544 673 639 728 totum
655 666 726 740 quin
742 665 801 727 sibi
815 683 872 743 par
886 668 927 728 sit
940 683 1032 744 opus.

281 752 345 812 Hae
359 767 417 827 ego
434 751 629 826 compulsus,
650 765 711 811 non
725 756 776 811 est
788 750 941 827 mirabile,
964 752 1076 832 forma,

325 833 358 896 Si
374 835 485 911 pignus
499 835 583 895 volui
598 833 685 895 vocis
698 833 813 895 babere
828 841 909 897 tuae

238 927 271 983 65
284 918 436 995 lienique,
459 918 531 979 dum
545 924 666 993 captam
682 926 716 979 tu
731 924 761 979 te
777 933 890 995 cogare
905 919 1000 993 lateri,

322 1003 444 1064 Insidiis
460 1011 526 1065 esto
542 1009 632 1078 capta
646 1004 750 1078 puella
763 1002 849 1063 meis.

280 1088 427 1148 invidiam
443 1087 549 1164 patiar.
573 1100 669 1161 passo
685 1102 743 1146 sua
758 1086 893 1163 praemia
907 1087 1025 1149 dentur.

323 1171 383 1233 Cur
398 1188 473 1233 suus
488 1187 506 1231 a
520 1176 602 1232 tanto
618 1169 744 1230 rumine
759 1171 873 1232 lruetus
888 1171 996 1233 abestt

280 1256 433 1316 Hesionen
448 1255 607 1329 Telamon,
630 1253 771 1315 Briseida
785 1255 867 1331 cepit
879 1255 1032 1316 Achilles:

238 1346 272 1403 io
325 1341 460 1416 Utraque
475 1338 621 1400 victorem
635 1354 746 1414 nempe
760 1346 865 1400 secuta
880 1338 987 1400 virum.

280 1423 450 1498 Quamlibet
463 1437 593 1485 accuses
607 1428 638 1483 et
650 1422 697 1483 sis
711 1422 787 1485 irata
801 1422 912 1497 licebit,

320 1508 399 1568 irata
413 1508 502 1568 liceat
515 1508 587 1568 dum
601 1506 674 1569 mihi
690 1522 786 1582 posse
799 1506 867 1568 lrui.

278 1593 377 1666 Idem,
400 1591 452 1668 qui
466 1592 609 1662 lauimus,
634 1592 748 1651 laetam.
758 1590 950 1652 tenuabimus
966 1592 1053 1668 iram,

321 1676 417 1752 Copia
431 1673 629 1752 placandisit
643 1676 736 1736 modo
752 1690 847 1750 parva
864 1674 928 1735 tui:

236 1766 269 1823 io
280 1759 360 1820 Ante
374 1767 443 1820 tuos
460 1758 550 1823 beeat
564 1758 686 1820 flentem
702 1759 872 1820 consistere
885 1760 997 1832 vultus,

319 1844 357 1905 Et
371 1845 461 1905 liceat
474 1843 608 1904 lacrimis
624 1843 741 1903 addere
753 1843 848 1904 verba
863 1842 943 1905 suis=

205 1932 208 1942 '
277 1929 378 2003 thue
388 1929 494 1989 solent
507 1927 626 2001 lamuli,
648 1941 717 1987 amn
731 1926 860 1987 verbera
874 1942 970 1991 saera
983 1937 1127 1993 verentia

318 2013 456 2072 Tendere
470 2011 653 2072 summissas
669 2010 710 2077 ad
725 2017 777 2072 tua
790 2026 880 2072 erum
892 2026 1012 2074 manus.

277 2096 403 2172 ignoras
419 2103 469 2156 tua
483 2097 559 2156 iura.
584 2108 671 2155 voca.
694 2111 749 2156 cur
762 2110 876 2171 arguor
889 2094 1024 2156 absenst

234 2189 269 2242 80
320 2180 500 2241 Iamdudum
516 2179 660 2241 dominae
675 2194 760 2239 more
775 2179 880 2239 venire
894 2179 974 2241 iube.
1089 2191 1094 2195 ’

276 2263 348 2339 lpsa
362 2260 449 2324 meos
464 2263 589 2325 scindas
604 2263 676 2323 licet
688 2263 845 2339 inperiosa
859 2263 999 2340 capillos,

319 2345 440 2423 Oraque
455 2348 516 2408 sint
529 2346 631 2424 digitis
646 2346 739 2407 livida
753 2354 859 2409 nostra
872 2347 942 2408 tuis.

277 2430 384 2493 Omnia
400 2431 563 2508 perpetiar.
586 2438 701 2493 tanturn
716 2432 849 2492 tortasse
862 2431 985 2507 timebo,

318 2516 452 2592 Corpore
467 2515 605 2576 laedatur
620 2530 659 2576 nc
673 2531 781 2576 manus
795 2515 855 2576 ista
870 2531 948 2577 meo.

232 2609 266 2662 eo
278 2599 341 2661 Sed
355 2615 457 2675 neque
471 2598 687 2675 compedibus,
711 2614 830 2661 neema
845 2615 1001 2676 conpesce
1015 2603 1145 2665 catenis.

318 2682 473 2745 Servabor
486 2685 573 2745 firmo
589 2684 711 2745 vinctus
725 2699 830 2744 amore
844 2685 895 2746 tui.

276 2768 348 2829 Cum
362 2767 442 2828 bene
457 2784 507 2843 se,
531 2774 740 2843 quantumque
755 2770 850 2843 volet,
871 2768 1029 2831 satiaverit
1043 2769 1099 2843 ira,

316 2853 389 2927 ipsa
402 2852 456 2912 tibi
471 2850 558 2912 diaes
574 2854 679 2927 ‘quarn
695 2852 844 2928 patienter
854 2855 965 2914 amatt’

275 2937 345 3012 lpsa
360 2935 412 2997 tlbl
429 2936 530 3012 dices,
553 2934 605 2995 ubi
618 2935 735 2997 videris
751 2937 852 2997 omnia
867 2937 956 3012 ferre,

232 3027 266 3081 90
318 3020 404 3080 ‘Tam
421 3020 501 3080 bene
515 3019 568 3094 qui
582 3022 690 3095 servit,
710 3021 825 3083 serviat
839 3020 896 3082 iste
910 3019 1006 3081 mihi?

274 3103 359 3165 Nune
371 3120 443 3166 reus
459 3103 565 3164 infelix
580 3102 695 3163 absens
710 3120 794 3180 agor.
816 3112 847 3165 et
860 3121 944 3179 mea,
964 3121 1032 3167 erun
1047 3108 1089 3169 sit

316 3186 450 3267 Optima,
472 3203 533 3247 non
549 3188 612 3249 ullo
628 3196 723 3248 causa
740 3195 842 3249 tuente
857 3189 945 3265 perit.

273 3270 338 3333 Hoc
350 3286 488 3347 quoque,
511 3271 595 3347 quod
607 3277 639 3333 tu
651 3272 714 3347 vis,
729 3273 769 3333 sit
781 3272 927 3349 scriptum
939 3272 1048 3334 iniuria
1059 3283 1203 3339 nostrum

314 3355 401 3430 Quod
418 3356 457 3416 de
471 3371 520 3417 me
534 3356 603 3417 solo
622 3371 733 3432 nempe
747 3357 902 3432 queraris,
924 3356 1032 3418 habes.

235 3445 265 3500 ia
277 3438 341 3500 Non
357 3437 466 3500 meruit
480 3440 541 3500 lalli
556 3453 676 3500 meeum
692 3456 817 3516 quoque
831 3441 926 3502 Delia.
949 3441 976 3501 si
990 3456 1052 3502 uon

314 3520 371 3583 Vis
385 3522 458 3582 mihi
473 3524 657 3599 promissum
672 3524 819 3599 reddere,
842 3524 939 3585 redde
953 3525 1040 3586 deae.
