2467 4042
257 221 384 287 292
651 238 800 275 ricus
1079 217 1404 274 METAMM
1424 258 1440 275 .

434 386 806 465 Flammaque
851 403 961 465 per
1005 392 1160 446 totas
1203 387 1329 446 visa
1374 392 1466 447 est
1510 403 1713 447 errare
1759 387 2083 451 medullas,

432 476 508 535 Ut
554 476 812 553 primum
855 472 1043 534 valido
1091 482 1351 534 mentem
1399 473 1638 553 collegit
1681 473 1753 535 ab
1800 484 2007 558 aestu,

434 562 588 634 Quid
634 569 882 642 cuperet
906 608 923 641 ,
967 562 1196 623 fassura
1243 562 1357 622 fuit
1382 609 1396 623 .
1453 580 1530 622 ne
1574 571 1779 642 posset
1823 564 2028 646 adire,

433 651 657 719 Cursus
703 652 842 729 equi
885 650 1028 711 fecit
1072 650 1592 729 circumfususque
1639 650 1873 712 satelles
1894 698 1907 712 .

300 751 402 802 355
433 734 658 801 “‘Non'
705 740 786 799 ait
832 726 1114 817 ‘effugies¹
1127 784 1146 820 ,
1192 746 1367 800 vento
1413 741 1645 818 rapiare
1690 739 1893 801 licebit
1909 786 1928 822 ‚

433 828 496 889 Si
541 825 716 889 modo
762 844 858 887 me
903 827 1041 888 novi
1064 874 1082 908 ‚
1129 828 1182 888 si
1225 844 1346 888 non
1391 830 1629 889 evanuit
1674 830 1866 888 omnis

429 915 764 978 Herbarum
808 917 998 976 virtus
1022 962 1040 996 ‚
1085 933 1197 976 nec
1244 933 1339 976 me
1384 933 1515 977 mea
1560 918 1820 977 carmina
1866 917 2081 978 fallunt
2099 913 2200 979 .'’'

432 1005 633 1086 Dixit,
678 1012 740 1066 et
783 1004 1040 1083 effigiem
1064 1051 1083 1084 ,
1129 1003 1290 1064 nullo
1337 1022 1475 1065 cum
1521 1022 1770 1084 corpore
1796 1052 1814 1086 ‚
1860 1005 1994 1066 falsi

429 1093 628 1155 Finxit
673 1095 845 1175 apri,
891 1100 1248 1173 praeterque
1296 1092 1501 1153 oculos
1546 1101 1963 1155 transcurrere
2011 1097 2177 1173 regis

299 1196 405 1245 360
432 1183 611 1243 Iussit
634 1228 654 1262 ‚
701 1189 762 1242 et
805 1183 869 1241 in
915 1180 1167 1241 densum
1209 1179 1479 1241 trabibus
1524 1198 1735 1242 nemus
1781 1182 1871 1243 ire
1918 1182 2147 1264 videri,

431 1269 692 1331 Plurima
737 1287 854 1348 qua
898 1268 1042 1329 silva
1087 1276 1180 1329 est
1221 1276 1285 1329 et
1330 1287 1485 1348 equo
1530 1268 1659 1331 loca
1693 1271 1896 1349 pervia
1932 1287 2056 1330 non
2102 1281 2285 1333 sunt.

429 1358 598 1420 Haud
643 1375 809 1419 mora
833 1406 852 1439 ‚
898 1359 1180 1418 continuo
1225 1356 1478 1437 praedae
1527 1359 1679 1437 petit
1730 1359 1956 1419 inscius
2002 1359 2285 1420 umbram

431 1446 608 1509 Picus
634 1493 652 1527 ‚
697 1448 954 1525 equique
1002 1444 1161 1506 celer
1206 1447 1539 1525 spumantia
1583 1453 1750 1525 terga
1793 1445 2119 1528 relinquit,

433 1535 729 1615 Spemque
776 1551 1034 1612 sequens
1079 1551 1287 1594 vanam
1334 1533 1478 1594 silva
1520 1533 1705 1613 pedes
1750 1543 1913 1595 errat
1957 1537 2022 1596 in
2071 1535 2189 1596 alta
2210 1584 2224 1596 .

299 1637 403 1688 365
433 1624 704 1703 Concipit
746 1621 844 1683 illa
890 1639 1102 1701 preces
1149 1630 1209 1682 et
1254 1621 1433 1682 verba
1477 1622 1738 1683 venefica
1782 1621 1928 1683 dicit

430 1712 786 1792 Ignotosque
834 1711 978 1772 deos
1022 1713 1224 1788 ignoto
1273 1712 1531 1771 carmine
1579 1709 1786 1772 adorat
1800 1757 1821 1793 ‚

431 1800 562 1872 Quo
610 1799 762 1861 solet
805 1807 868 1860 et
910 1801 1113 1860 niveae
1159 1798 1388 1860 vultum
1435 1798 1801 1860 confundere
1846 1797 2049 1860 Lunae

429 1888 506 1951 Et
551 1890 743 1969 patrio
790 1889 969 1967 capiti
1013 1886 1245 1948 bibulas
1293 1885 1607 1948 subtexere
1654 1885 1846 1947 nubes
1866 1934 1881 1947 .

430 1978 584 2039 Tum
628 1994 865 2056 quoque
913 1982 1144 2037 cantato
1192 1974 1476 2036 densetur
1521 1977 1780 2035 carmine
1828 1974 2060 2035 caelum

301 2079 404 2130 370
430 2066 507 2127 Et
551 2063 797 2127 nebulas
844 2063 1074 2125 exhalat
1116 2062 1336 2124 humus
1361 2111 1380 2144 ,
1427 2064 1736 2142 caecisque
1783 2071 2072 2141 vagantur

433 2152 745 2216 Limitibus
790 2154 1037 2214 comites
1063 2198 1082 2234 ,
1128 2159 1190 2212 et
1234 2149 1405 2212 abest
1448 2150 1717 2212 custodia
1760 2154 1923 2230 regi.

431 2243 612 2305 Nacta
653 2241 853 2304 locum
887 2249 1241 2320 tempusque
1279 2235 1460 2320 “‘per
1485 2286 1502 2320 ‚
1549 2256 1584 2299 o
1610 2285 1629 2321 ,
1674 2247 1777 2300 tua
1811 2235 2099 2320 lumina,'
2129 2239 2279 2301 dixit

431 2328 617 2402 ‘Quae
662 2348 793 2391 mea
838 2335 1128 2409 ceperunt
1149 2374 1170 2410 ‚
1212 2345 1441 2408 perque
1487 2326 1639 2388 hanc
1665 2374 1683 2408 ‚
1728 2326 2131 2406 pulcherrime
2151 2377 2170 2408 ‚

1986 2417 2237 2477 formam
2256 2466 2274 2498 ,

437 2518 593 2578 muz-m
645 2510 781 2570 facit
804 2554 822 2588 ‚
869 2514 937 2568 ut
982 2504 1229 2585 supplex
1274 2504 1385 2566 tibi
1422 2506 1534 2566 sim
1571 2502 1681 2566 dea
1704 2551 1724 2585 ‚
1770 2502 2014 2565 consule
2052 2507 2273 2566 nostris

304 2614 401 2658 :21:12
437 2598 673 2674 ign-libus
701 2646 721 2678 ,
766 2604 828 2657 et
872 2612 1146 2655 socerum
1173 2641 1192 2674 ‚
1239 2595 1343 2673 qui
1386 2592 1657 2672 pervidet
1700 2594 1896 2653 omnia
1921 2639 1939 2673 ‚
1986 2591 2188 2655 Solem

437 2690 689 2762 scripu,
741 2701 848 2744 nec
895 2683 1080 2744 durus
1125 2680 1398 2742 Titanida
1443 2680 1681 2760 despice
1730 2679 1942 2742 Circen
1962 2675 2052 2742 .'''

441 2774 711 2834 uixerat.
765 2771 863 2833 ille
912 2773 1078 2831 ferox
1125 2773 1430 2850 ipsamque
1477 2786 1807 2849 precesque
1852 2768 2123 2852 repellit,

437 2862 509 2922 Et
557 2858 1034 2938 wquaecumque
1081 2876 1148 2920 es
1173 2853 1217 2939 ‚⁹
1266 2860 1347 2918 ait
1391 2852 1534 2919 ‘non
1581 2875 1715 2919 sum
1760 2865 1901 2919 tuus
1928 2904 1944 2918 .
2001 2856 2186 2918 altera

2036 2956 2267 3026 captum

437 3042 525 3098 Me
565 3050 725 3098 [1311th
753 3086 768 3118 ,
806 3045 867 3098 et
901 3044 1100 3097 teneat
1134 3053 1244 3115 per
1280 3034 1522 3115 longum
1546 3083 1565 3116 ,
1612 3052 1994 3117 comprecor,
2031 3052 2264 3096 aevum.

308 3142 405 3186 aad
439 3134 553 3186 Mc
608 3126 829 3186 venere
875 3132 1120 3184 externa
1165 3123 1402 3184 socialia
1446 3123 1684 3184 foedera
1728 3123 1990 3204 laedam,

441 3218 585 3274 lium
637 3214 776 3274 mihi
820 3211 1156 3291 lanigenam
1200 3211 1521 3272 servabunt
1567 3212 1683 3272 fata
1730 3211 2049 3273 Canentem
2069 3205 2158 3272 .'''

441 3306 625 3382 Saepe
677 3303 1038 3381 retemptatis
1084 3299 1365 3378 precibus
1410 3299 1641 3360 Titania
1687 3300 1941 3381 frustra,

437 3388 633 3450 ΠἾῧῖωμιι
689 3394 904 3466 inpune
951 3388 1109 3448 feres
1134 3433 1154 3467 ‚
1200 3383 1419 3467 neque'
1475 3389 1556 3448 ait
1601 3383 1873 3448 ‘reddere
1919 3387 2166 3451 Canenti
2182 3383 2261 3451 !’”

437 3478 765 3550 [Lassaque
810 3474 952 3553 quid
999 3475 1173 3535 faciat
1195 3520 1216 3555 ,
1264 3474 1406 3553 quid
1453 3493 1653 3536 amans
1679 3522 1698 3558 ,
1746 3475 1886 3555 quid
1933 3476 2184 3557 femina,

2080 3564 2262 3626 disces
