<?xml version="1.0" encoding="UTF-8"?>
<!DOCTYPE html PUBLIC "-//W3C//DTD XHTML 1.0 Transitional//EN"
    "http://www.w3.org/TR/xhtml1/DTD/xhtml1-transitional.dtd">
<html xmlns="http://www.w3.org/1999/xhtml" xml:lang="en" lang="en">
 <head>
  <title>
</title>
<meta http-equiv="Content-Type" content="text/html;charset=utf-8" />
  <meta name='ocr-system' content='tesseract 3.04.00' />
  <meta name='ocr-capabilities' content='ocr_page ocr_carea ocr_par ocr_line ocrx_word'/>
</head>
<body>
  <div class='ocr_page' id='page_1' title='image "./povidiusnaso00ehwagoog_0982.png"; bbox 0 0 2467 4042; ppageno 0'>
   <div class='ocr_carea' id='block_1_1' title="bbox 179 231 778 299">
    <p class='ocr_par' dir='ltr' id='par_1_1' title="bbox 179 231 778 299">
     <span class='ocr_line' id='line_1_1' title="bbox 179 231 778 299; baseline 0.002 -16"><span class='ocrx_word' id='word_1_1' title='bbox 179 233 245 299; x_wconf 76' lang='lat'>152</span> <span class='ocrx_word' id='word_1_2' title='bbox 590 231 778 284; x_wconf 77' lang='lat' dir='ltr'>nxoouro</span> 
     </span>
    </p>
   </div>
   <div class='ocr_carea' id='block_1_2' title="bbox 218 395 1205 1886">
    <p class='ocr_par' dir='ltr' id='par_1_2' title="bbox 218 395 1205 1886">
     <span class='ocr_line' id='line_1_2' title="bbox 311 395 970 476; baseline 0.003 -19"><span class='ocrx_word' id='word_1_3' title='bbox 311 396 453 458; x_wconf 88' lang='lat' dir='ltr'>Eiusdem</span> <span class='ocrx_word' id='word_1_4' title='bbox 476 398 553 458; x_wconf 89' lang='lat' dir='ltr'>sacri</span> <span class='ocrx_word' id='word_1_5' title='bbox 576 395 674 457; x_wconf 87' lang='lat' dir='ltr'>enitor</span> <span class='ocrx_word' id='word_1_6' title='bbox 696 403 825 476; x_wconf 87' lang='lat' dir='ltr'>uterquc</span> <span class='ocrx_word' id='word_1_7' title='bbox 849 415 970 459; x_wconf 84' lang='lat' dir='ltr'>snmus.</span> 
     </span>
     <span class='ocr_line' id='line_1_3' title="bbox 218 483 948 566; baseline -0.007 -16"><span class='ocrx_word' id='word_1_8' title='bbox 218 498 251 550; x_wconf 79' lang='lat' dir='ltr'>oo</span> <span class='ocrx_word' id='word_1_9' title='bbox 265 484 310 546; x_wconf 78' lang='lat' dir='ltr'>Ad</span> <span class='ocrx_word' id='word_1_10' title='bbox 333 493 429 546; x_wconf 87' lang='lat' dir='ltr'>vatem</span> <span class='ocrx_word' id='word_1_11' title='bbox 452 493 534 545; x_wconf 85' lang='lat' dir='ltr'>vates</span> <span class='ocrx_word' id='word_1_12' title='bbox 558 486 673 544; x_wconf 83' lang='lat' dir='ltr'>orantia</span> <span class='ocrx_word' id='word_1_13' title='bbox 695 483 816 546; x_wconf 89' lang='lat' dir='ltr'>brachia</span> <span class='ocrx_word' id='word_1_14' title='bbox 839 485 948 566; x_wconf 90' lang='lat' dir='ltr'>tendo,</span> 
     </span>
     <span class='ocr_line' id='line_1_4' title="bbox 311 572 913 634; baseline 0.002 -1"><span class='ocrx_word' id='word_1_15' title='bbox 311 572 404 634; x_wconf 81' lang='lat' dir='ltr'>Terra</span> <span class='ocrx_word' id='word_1_16' title='bbox 428 575 467 633; x_wconf 91' lang='lat' dir='ltr'>sit</span> <span class='ocrx_word' id='word_1_17' title='bbox 490 572 586 633; x_wconf 79' lang='lat' dir='ltr'>exitiis</span> <span class='ocrx_word' id='word_1_18' title='bbox 609 580 644 633; x_wconf 89' lang='lat' dir='ltr'>ut</span> <span class='ocrx_word' id='word_1_19' title='bbox 665 580 717 633; x_wconf 91' lang='lat' dir='ltr'>tna</span> <span class='ocrx_word' id='word_1_20' title='bbox 740 573 797 633; x_wconf 87' lang='lat' dir='ltr'>tida</span> <span class='ocrx_word' id='word_1_21' title='bbox 821 575 913 634; x_wconf 89' lang='lat' dir='ltr'>meis.</span> 
     </span>
     <span class='ocr_line' id='line_1_5' title="bbox 265 651 1056 744; baseline 0.001 -22"><span class='ocrx_word' id='word_1_22' title='bbox 265 661 331 722; x_wconf 87' lang='lat' dir='ltr'>Non</span> <span class='ocrx_word' id='word_1_23' title='bbox 355 678 411 740; x_wconf 79' lang='lat' dir='ltr'>ego</span> <span class='ocrx_word' id='word_1_24' title='bbox 435 660 524 722; x_wconf 86' lang='lat' dir='ltr'>caede</span> <span class='ocrx_word' id='word_1_25' title='bbox 548 651 715 720; x_wconf 73' lang='lat' dir='ltr'>noeens&#39;in</span> <span class='ocrx_word' id='word_1_26' title='bbox 738 662 828 722; x_wconf 92' lang='lat' dir='ltr'>Ponti</span> <span class='ocrx_word' id='word_1_27' title='bbox 850 661 938 721; x_wconf 88' lang='lat' dir='ltr'>litora</span> <span class='ocrx_word' id='word_1_28' title='bbox 960 665 1033 723; x_wconf 83' lang='lat' dir='ltr'>veni</span> <span class='ocrx_word' id='word_1_29' title='bbox 1044 711 1056 744; x_wconf 85' lang='lat'>‚</span> 
     </span>
     <span class='ocr_line' id='line_1_6' title="bbox 310 748 1012 811; baseline 0 -1"><span class='ocrx_word' id='word_1_30' title='bbox 310 750 434 810; x_wconf 81' lang='lat' dir='ltr'>Mixtave</span> <span class='ocrx_word' id='word_1_31' title='bbox 458 755 529 811; x_wconf 77' lang='lat' dir='ltr'>scrut</span> <span class='ocrx_word' id='word_1_32' title='bbox 552 756 655 809; x_wconf 82' lang='lat' dir='ltr'>nostra</span> <span class='ocrx_word' id='word_1_33' title='bbox 678 748 742 808; x_wconf 88' lang='lat' dir='ltr'>dira</span> <span class='ocrx_word' id='word_1_34' title='bbox 765 767 877 809; x_wconf 84' lang='lat' dir='ltr'>venena</span> <span class='ocrx_word' id='word_1_35' title='bbox 902 766 1012 810; x_wconf 91' lang='lat' dir='ltr'>manu:</span> 
     </span>
     <span class='ocr_line' id='line_1_7' title="bbox 267 836 1078 916; baseline 0 -17"><span class='ocrx_word' id='word_1_36' title='bbox 267 837 328 899; x_wconf 91' lang='lat' dir='ltr'>Nec</span> <span class='ocrx_word' id='word_1_37' title='bbox 352 855 417 897; x_wconf 88' lang='lat' dir='ltr'>mea</span> <span class='ocrx_word' id='word_1_38' title='bbox 441 836 575 897; x_wconf 84' lang='lat' dir='ltr'>subiecta</span> <span class='ocrx_word' id='word_1_39' title='bbox 598 839 733 897; x_wconf 89' lang='lat' dir='ltr'>convicta</span> <span class='ocrx_word' id='word_1_40' title='bbox 757 844 803 898; x_wconf 85' lang='lat' dir='ltr'>ost</span> <span class='ocrx_word' id='word_1_41' title='bbox 824 845 940 916; x_wconf 84' lang='lat' dir='ltr'>gemma</span> <span class='ocrx_word' id='word_1_42' title='bbox 963 837 1078 900; x_wconf 80' lang='lat' dir='ltr'>tabella</span> 
     </span>
     <span class='ocr_line' id='line_1_8' title="bbox 219 924 918 1003; baseline -0.004 -15"><span class='ocrx_word' id='word_1_43' title='bbox 219 939 252 988; x_wconf 72' lang='grc' dir='ltr'>το</span> <span class='ocrx_word' id='word_1_44' title='bbox 311 925 482 986; x_wconf 85' lang='lat' dir='ltr'>Mendacem</span> <span class='ocrx_word' id='word_1_45' title='bbox 505 924 573 985; x_wconf 88' lang='lat' dir='ltr'>linis</span> <span class='ocrx_word' id='word_1_46' title='bbox 596 927 776 1003; x_wconf 79' lang='lat' dir='ltr'>imposuisse</span> <span class='ocrx_word' id='word_1_47' title='bbox 800 935 918 986; x_wconf 89' lang='lat' dir='ltr'>uotam.</span> 
     </span>
     <span class='ocr_line' id='line_1_9' title="bbox 265 1012 1183 1096; baseline 0.003 -22"><span class='ocrx_word' id='word_1_48' title='bbox 265 1013 327 1074; x_wconf 87' lang='lat' dir='ltr'>Nec</span> <span class='ocrx_word' id='word_1_49' title='bbox 351 1015 532 1092; x_wconf 78' lang='lat' dir='ltr'>quicquam,</span> <span class='ocrx_word' id='word_1_50' title='bbox 555 1012 634 1092; x_wconf 93' lang='lat' dir='ltr'>qnod</span> <span class='ocrx_word' id='word_1_51' title='bbox 658 1012 722 1091; x_wconf 83' lang='lat' dir='ltr'>lege</span> <span class='ocrx_word' id='word_1_52' title='bbox 746 1021 830 1074; x_wconf 89' lang='lat' dir='ltr'>vetor</span> <span class='ocrx_word' id='word_1_53' title='bbox 854 1014 1071 1096; x_wconf 88' lang='lat' dir='ltr'>committere,</span> <span class='ocrx_word' id='word_1_54' title='bbox 1099 1017 1183 1079; x_wconf 80' lang='lat' dir='ltr'>ieci:</span> 
     </span>
     <span class='ocr_line' id='line_1_10' title="bbox 311 1099 1057 1179; baseline 0.003 -18"><span class='ocrx_word' id='word_1_55' title='bbox 311 1101 365 1162; x_wconf 84' lang='lat' dir='ltr'>Est</span> <span class='ocrx_word' id='word_1_56' title='bbox 388 1109 486 1161; x_wconf 86' lang='lat' dir='ltr'>tamen</span> <span class='ocrx_word' id='word_1_57' title='bbox 510 1099 557 1161; x_wconf 92' lang='lat' dir='ltr'>his</span> <span class='ocrx_word' id='word_1_58' title='bbox 580 1104 697 1179; x_wconf 85' lang='lat' dir='ltr'>gravior</span> <span class='ocrx_word' id='word_1_59' title='bbox 720 1119 797 1161; x_wconf 81' lang='lat' dir='ltr'>noxa</span> <span class='ocrx_word' id='word_1_60' title='bbox 820 1100 937 1161; x_wconf 81' lang='lat' dir='ltr'>fatenda</span> <span class='ocrx_word' id='word_1_61' title='bbox 960 1102 1057 1163; x_wconf 84' lang='lat' dir='ltr'>mihi.</span> 
     </span>
     <span class='ocr_line' id='line_1_11' title="bbox 266 1188 1203 1275; baseline 0.007 -25"><span class='ocrx_word' id='word_1_62' title='bbox 266 1189 345 1250; x_wconf 86' lang='lat' dir='ltr'>Neve</span> <span class='ocrx_word' id='word_1_63' title='bbox 360 1207 462 1270; x_wconf 84' lang='lat' dir='ltr'>roges,</span> <span class='ocrx_word' id='word_1_64' title='bbox 477 1206 553 1267; x_wconf 90' lang='lat' dir='ltr'>quae</span> <span class='ocrx_word' id='word_1_65' title='bbox 568 1190 623 1248; x_wconf 91' lang='lat' dir='ltr'>sit.</span> <span class='ocrx_word' id='word_1_66' title='bbox 651 1188 770 1250; x_wconf 84' lang='lat' dir='ltr'>stultam</span> <span class='ocrx_word' id='word_1_67' title='bbox 785 1207 874 1268; x_wconf 91' lang='lat' dir='ltr'>quam</span> <span class='ocrx_word' id='word_1_68' title='bbox 888 1190 1069 1267; x_wconf 85' lang='lat' dir='ltr'>scripsimus</span> <span class='ocrx_word' id='word_1_69' title='bbox 1080 1193 1203 1275; x_wconf 72' lang='lat' dir='ltr'>Amin,</span> 
     </span>
     <span class='ocr_line' id='line_1_12' title="bbox 310 1276 1001 1339; baseline 0 -1"><span class='ocrx_word' id='word_1_70' title='bbox 310 1278 456 1338; x_wconf 87' lang='lat' dir='ltr'>innocuas</span> <span class='ocrx_word' id='word_1_71' title='bbox 480 1276 566 1337; x_wconf 91' lang='lat' dir='ltr'>uobis</span> <span class='ocrx_word' id='word_1_72' title='bbox 588 1277 663 1339; x_wconf 90' lang='lat' dir='ltr'>haec</span> <span class='ocrx_word' id='word_1_73' title='bbox 685 1285 765 1338; x_wconf 86' lang='lat' dir='ltr'>vetat</span> <span class='ocrx_word' id='word_1_74' title='bbox 787 1295 854 1337; x_wconf 86' lang='lat' dir='ltr'>esse</span> <span class='ocrx_word' id='word_1_75' title='bbox 877 1294 1001 1338; x_wconf 90' lang='lat' dir='ltr'>manus.</span> 
     </span>
     <span class='ocr_line' id='line_1_13' title="bbox 220 1365 1205 1446; baseline -0.003 -17"><span class='ocrx_word' id='word_1_76' title='bbox 220 1377 252 1429; x_wconf 76' lang='lat' dir='ltr'>tt</span> <span class='ocrx_word' id='word_1_77' title='bbox 267 1365 382 1445; x_wconf 83' lang='lat' dir='ltr'>Ecquid</span> <span class='ocrx_word' id='word_1_78' title='bbox 406 1373 559 1445; x_wconf 83' lang='lat' dir='ltr'>praeterea</span> <span class='ocrx_word' id='word_1_79' title='bbox 583 1368 753 1445; x_wconf 82' lang='lat' dir='ltr'>peccarim,</span> <span class='ocrx_word' id='word_1_80' title='bbox 776 1383 920 1444; x_wconf 84' lang='lat' dir='ltr'>quaerere</span> <span class='ocrx_word' id='word_1_81' title='bbox 944 1365 1024 1446; x_wconf 85' lang='lat' dir='ltr'>noli,</span> <span class='ocrx_word' id='word_1_82' title='bbox 1162 1383 1205 1436; x_wconf 77' lang='lat' dir='ltr'>(ro)</span> 
     </span>
     <span class='ocr_line' id='line_1_14' title="bbox 315 1452 935 1532; baseline -0.005 -17"><span class='ocrx_word' id='word_1_83' title='bbox 315 1454 352 1515; x_wconf 91' lang='lat' dir='ltr'>Ut</span> <span class='ocrx_word' id='word_1_84' title='bbox 374 1454 462 1515; x_wconf 89' lang='lat' dir='ltr'>lateat</span> <span class='ocrx_word' id='word_1_85' title='bbox 485 1453 546 1514; x_wconf 87' lang='lat' dir='ltr'>sola</span> <span class='ocrx_word' id='word_1_86' title='bbox 569 1454 655 1532; x_wconf 87' lang='lat' dir='ltr'>culpa</span> <span class='ocrx_word' id='word_1_87' title='bbox 679 1452 742 1514; x_wconf 89' lang='lat' dir='ltr'>snb.</span> <span class='ocrx_word' id='word_1_88' title='bbox 757 1454 829 1514; x_wconf 71' lang='lat' dir='ltr'>Arte</span> <span class='ocrx_word' id='word_1_89' title='bbox 853 1471 935 1513; x_wconf 89' lang='lat' dir='ltr'>mea.</span> 
     </span>
     <span class='ocr_line' id='line_1_15' title="bbox 267 1540 1172 1629; baseline 0.007 -27"><span class='ocrx_word' id='word_1_90' title='bbox 267 1542 416 1621; x_wconf 87' lang='lat' dir='ltr'>Quidquid</span> <span class='ocrx_word' id='word_1_91' title='bbox 439 1541 469 1602; x_wconf 94' lang='lat' dir='ltr'>id</span> <span class='ocrx_word' id='word_1_92' title='bbox 493 1549 539 1602; x_wconf 89' lang='lat' dir='ltr'>est</span> <span class='ocrx_word' id='word_1_93' title='bbox 551 1589 561 1621; x_wconf 84' lang='lat'><em>‚</em></span> <span class='ocrx_word' id='word_1_94' title='bbox 583 1541 687 1602; x_wconf 86' lang='lat' dir='ltr'>habuit</span> <span class='ocrx_word' id='word_1_95' title='bbox 710 1541 890 1602; x_wconf 88' lang='lat' dir='ltr'>moderatam</span> <span class='ocrx_word' id='word_1_96' title='bbox 914 1540 1043 1603; x_wconf 89' lang='lat' dir='ltr'>vindicis</span> <span class='ocrx_word' id='word_1_97' title='bbox 1067 1546 1172 1629; x_wconf 71' lang='lat' dir='ltr'>uam,</span> 
     </span>
     <span class='ocr_line' id='line_1_16' title="bbox 312 1629 1080 1707; baseline 0.001 -16"><span class='ocrx_word' id='word_1_98' title='bbox 312 1631 370 1703; x_wconf 88' lang='lat' dir='ltr'>Qui</span> <span class='ocrx_word' id='word_1_99' title='bbox 392 1632 451 1690; x_wconf 88' lang='lat' dir='ltr'>nisi</span> <span class='ocrx_word' id='word_1_100' title='bbox 475 1630 600 1690; x_wconf 84' lang='lat' dir='ltr'>natatem</span> <span class='ocrx_word' id='word_1_101' title='bbox 623 1629 666 1690; x_wconf 90' lang='lat' dir='ltr'>nii</span> <span class='ocrx_word' id='word_1_102' title='bbox 688 1629 760 1690; x_wconf 89' lang='lat' dir='ltr'>mihi</span> <span class='ocrx_word' id='word_1_103' title='bbox 784 1629 911 1707; x_wconf 81' lang='lat' dir='ltr'>dempsit</span> <span class='ocrx_word' id='word_1_104' title='bbox 932 1629 1080 1692; x_wconf 89' lang='lat' dir='ltr'>humum.</span> 
     </span>
     <span class='ocr_line' id='line_1_17' title="bbox 268 1719 1114 1801; baseline 0.002 -21"><span class='ocrx_word' id='word_1_105' title='bbox 268 1719 328 1780; x_wconf 86' lang='lat' dir='ltr'>Hac</span> <span class='ocrx_word' id='word_1_106' title='bbox 352 1720 491 1797; x_wconf 89' lang='lat' dir='ltr'>qnoniam</span> <span class='ocrx_word' id='word_1_107' title='bbox 515 1736 624 1796; x_wconf 87' lang='lat' dir='ltr'>careo,</span> <span class='ocrx_word' id='word_1_108' title='bbox 647 1726 698 1778; x_wconf 89' lang='lat' dir='ltr'>tua</span> <span class='ocrx_word' id='word_1_109' title='bbox 721 1735 802 1778; x_wconf 87' lang='lat' dir='ltr'>nuno</span> <span class='ocrx_word' id='word_1_110' title='bbox 825 1719 932 1778; x_wconf 84' lang='lat' dir='ltr'>vicinia</span> <span class='ocrx_word' id='word_1_111' title='bbox 954 1728 1114 1801; x_wconf 84' lang='lat' dir='ltr'>praestet,</span> 
     </span>
     <span class='ocr_line' id='line_1_18' title="bbox 220 1805 903 1886; baseline -0.007 -16"><span class='ocrx_word' id='word_1_112' title='bbox 220 1820 254 1871; x_wconf 79' lang='lat'>80</span> <span class='ocrx_word' id='word_1_113' title='bbox 312 1806 409 1868; x_wconf 86' lang='lat' dir='ltr'>inviso</span> <span class='ocrx_word' id='word_1_114' title='bbox 432 1807 544 1886; x_wconf 90' lang='lat' dir='ltr'>possim</span> <span class='ocrx_word' id='word_1_115' title='bbox 567 1812 652 1866; x_wconf 90' lang='lat' dir='ltr'>tutus</span> <span class='ocrx_word' id='word_1_116' title='bbox 675 1812 709 1866; x_wconf 90' lang='lat' dir='ltr'>ut</span> <span class='ocrx_word' id='word_1_117' title='bbox 731 1822 797 1867; x_wconf 87' lang='lat' dir='ltr'>esse</span> <span class='ocrx_word' id='word_1_118' title='bbox 821 1805 903 1866; x_wconf 89' lang='lat' dir='ltr'>loco.</span> 
     </span>
    </p>
   </div>
   <div class='ocr_carea' id='block_1_3' title="bbox 662 1997 705 2071">
    <p class='ocr_par' dir='ltr' id='par_1_3' title="bbox 662 1997 705 2071">
     <span class='ocr_line' id='line_1_19' title="bbox 662 1997 705 2071; baseline 0.023 -1"><span class='ocrx_word' id='word_1_119' title='bbox 662 1997 705 2071; x_wconf 90' lang='lat' dir='ltr'>X.</span> 
     </span>
    </p>
   </div>
   <div class='ocr_carea' id='block_1_4' title="bbox 223 2157 1195 3647">
    <p class='ocr_par' dir='ltr' id='par_1_4' title="bbox 223 2157 1195 3647">
     <span class='ocr_line' id='line_1_20' title="bbox 267 2157 1069 2237; baseline 0.001 -19"><span class='ocrx_word' id='word_1_120' title='bbox 267 2157 381 2236; x_wconf 86' lang='lat' dir='ltr'>Ecquid</span> <span class='ocrx_word' id='word_1_121' title='bbox 405 2157 442 2219; x_wconf 91' lang='lat' dir='ltr'>ab</span> <span class='ocrx_word' id='word_1_122' title='bbox 465 2159 628 2236; x_wconf 86' lang='lat' dir='ltr'>impressae</span> <span class='ocrx_word' id='word_1_123' title='bbox 652 2159 807 2235; x_wconf 85' lang='lat' dir='ltr'>cognoscis</span> <span class='ocrx_word' id='word_1_124' title='bbox 831 2159 957 2237; x_wconf 81' lang='lat' dir='ltr'>imagine</span> <span class='ocrx_word' id='word_1_125' title='bbox 981 2176 1069 2220; x_wconf 86' lang='lat' dir='ltr'>cerae</span> 
     </span>
     <span class='ocr_line' id='line_1_21' title="bbox 312 2244 1079 2327; baseline 0.003 -22"><span class='ocrx_word' id='word_1_126' title='bbox 312 2246 391 2307; x_wconf 84' lang='lat' dir='ltr'>liaec</span> <span class='ocrx_word' id='word_1_127' title='bbox 415 2246 469 2307; x_wconf 88' lang='lat' dir='ltr'>tibi</span> <span class='ocrx_word' id='word_1_128' title='bbox 492 2245 639 2306; x_wconf 88' lang='lat' dir='ltr'>Nasonem</span> <span class='ocrx_word' id='word_1_129' title='bbox 663 2244 796 2306; x_wconf 88' lang='lat' dir='ltr'>scribere</span> <span class='ocrx_word' id='word_1_130' title='bbox 819 2244 908 2307; x_wconf 84' lang='lat' dir='ltr'>verba</span> <span class='ocrx_word' id='word_1_131' title='bbox 920 2293 930 2327; x_wconf 88' lang='lat'>‚</span> <span class='ocrx_word' id='word_1_132' title='bbox 952 2244 1079 2308; x_wconf 79' lang='lat' dir='ltr'>Macer?</span> 
     </span>
     <span class='ocr_line' id='line_1_22' title="bbox 268 2333 996 2414; baseline -0.003 -19"><span class='ocrx_word' id='word_1_133' title='bbox 268 2335 465 2412; x_wconf 79' lang='lat' dir='ltr'>ductorisque</span> <span class='ocrx_word' id='word_1_134' title='bbox 488 2337 536 2394; x_wconf 89' lang='lat' dir='ltr'>sui</span> <span class='ocrx_word' id='word_1_135' title='bbox 559 2336 584 2394; x_wconf 88' lang='lat' dir='ltr'>si</span> <span class='ocrx_word' id='word_1_136' title='bbox 607 2350 668 2393; x_wconf 89' lang='lat' dir='ltr'>non</span> <span class='ocrx_word' id='word_1_137' title='bbox 691 2340 738 2394; x_wconf 87' lang='lat' dir='ltr'>est</span> <span class='ocrx_word' id='word_1_138' title='bbox 760 2333 866 2394; x_wconf 88' lang='lat' dir='ltr'>anulus</span> <span class='ocrx_word' id='word_1_139' title='bbox 889 2333 996 2414; x_wconf 80' lang='lat' dir='ltr'>index,</span> 
     </span>
     <span class='ocr_line' id='line_1_23' title="bbox 312 2417 1028 2502; baseline -0.004 -19"><span class='ocrx_word' id='word_1_140' title='bbox 312 2422 473 2502; x_wconf 82' lang='lat' dir='ltr'>Cognitane</span> <span class='ocrx_word' id='word_1_141' title='bbox 497 2430 544 2483; x_wconf 89' lang='lat' dir='ltr'>cst</span> <span class='ocrx_word' id='word_1_142' title='bbox 566 2430 668 2482; x_wconf 89' lang='lat' dir='ltr'>nostra</span> <span class='ocrx_word' id='word_1_143' title='bbox 690 2421 789 2481; x_wconf 88' lang='lat' dir='ltr'>littera</span> <span class='ocrx_word' id='word_1_144' title='bbox 812 2422 888 2482; x_wconf 87' lang='lat' dir='ltr'>iacta</span> <span class='ocrx_word' id='word_1_145' title='bbox 912 2417 1028 2482; x_wconf 85' lang='lat' dir='ltr'>manu?</span> 
     </span>
     <span class='ocr_line' id='line_1_24' title="bbox 238 2501 1077 2589; baseline -0.005 -16"><span class='ocrx_word' id='word_1_146' title='bbox 238 2512 311 2574; x_wconf 74' lang='lat' dir='ltr'>udo</span> <span class='ocrx_word' id='word_1_147' title='bbox 335 2513 389 2572; x_wconf 90' lang='lat' dir='ltr'>tibi</span> <span class='ocrx_word' id='word_1_148' title='bbox 412 2512 546 2571; x_wconf 80' lang='lat' dir='ltr'>notitiam</span> <span class='ocrx_word' id='word_1_149' title='bbox 569 2527 651 2570; x_wconf 90' lang='lat' dir='ltr'>mora</span> <span class='ocrx_word' id='word_1_150' title='bbox 674 2501 817 2587; x_wconf 79' lang='lat' dir='ltr'>te‘mporis</span> <span class='ocrx_word' id='word_1_151' title='bbox 841 2512 929 2588; x_wconf 86' lang='lat' dir='ltr'>eripit</span> <span class='ocrx_word' id='word_1_152' title='bbox 950 2509 1077 2589; x_wconf 84' lang='lat' dir='ltr'>horum,</span> 
     </span>
     <span class='ocr_line' id='line_1_25' title="bbox 312 2594 977 2679; baseline -0.005 -19"><span class='ocrx_word' id='word_1_153' title='bbox 312 2600 373 2660; x_wconf 86' lang='lat' dir='ltr'>Nec</span> <span class='ocrx_word' id='word_1_154' title='bbox 397 2607 537 2679; x_wconf 83' lang='lat' dir='ltr'>repetunt</span> <span class='ocrx_word' id='word_1_155' title='bbox 561 2598 639 2659; x_wconf 83' lang='lat' dir='ltr'>ocuti</span> <span class='ocrx_word' id='word_1_156' title='bbox 662 2600 745 2677; x_wconf 81' lang='lat' dir='ltr'>signa</span> <span class='ocrx_word' id='word_1_157' title='bbox 768 2605 883 2659; x_wconf 87' lang='lat' dir='ltr'>vetusta</span> <span class='ocrx_word' id='word_1_158' title='bbox 906 2594 977 2658; x_wconf 81' lang='lat' dir='ltr'>tui?</span> 
     </span>
     <span class='ocr_line' id='line_1_26' title="bbox 270 2687 1102 2769; baseline -0.002 -19"><span class='ocrx_word' id='word_1_159' title='bbox 270 2689 318 2750; x_wconf 90' lang='lat' dir='ltr'>Sis</span> <span class='ocrx_word' id='word_1_160' title='bbox 341 2688 410 2749; x_wconf 87' lang='lat' dir='ltr'>iicet</span> <span class='ocrx_word' id='word_1_161' title='bbox 433 2687 543 2748; x_wconf 89' lang='lat' dir='ltr'>obiitus</span> <span class='ocrx_word' id='word_1_162' title='bbox 566 2689 678 2764; x_wconf 89' lang='lat' dir='ltr'>pariter</span> <span class='ocrx_word' id='word_1_163' title='bbox 700 2703 892 2765; x_wconf 84' lang='lat' dir='ltr'>gemmaeque</span> <span class='ocrx_word' id='word_1_164' title='bbox 916 2703 1102 2769; x_wconf 86' lang='lat' dir='ltr'>manusque,</span> 
     </span>
     <span class='ocr_line' id='line_1_27' title="bbox 313 2774 932 2837; baseline 0 -2"><span class='ocrx_word' id='word_1_165' title='bbox 313 2776 464 2837; x_wconf 82' lang='lat' dir='ltr'>Exciderit</span> <span class='ocrx_word' id='word_1_166' title='bbox 486 2784 600 2836; x_wconf 89' lang='lat' dir='ltr'>tantum</span> <span class='ocrx_word' id='word_1_167' title='bbox 625 2792 662 2835; x_wconf 89' lang='lat' dir='ltr'>ne</span> <span class='ocrx_word' id='word_1_168' title='bbox 685 2774 740 2836; x_wconf 89' lang='lat' dir='ltr'>tibi</span> <span class='ocrx_word' id='word_1_169' title='bbox 762 2793 835 2835; x_wconf 87' lang='lat' dir='ltr'>cura</span> <span class='ocrx_word' id='word_1_170' title='bbox 858 2777 932 2835; x_wconf 88' lang='lat' dir='ltr'>mci.</span> 
     </span>
     <span class='ocr_line' id='line_1_28' title="bbox 269 2861 1015 2943; baseline -0.005 -17"><span class='ocrx_word' id='word_1_171' title='bbox 269 2865 362 2937; x_wconf 87' lang='lat' dir='ltr'>Quam</span> <span class='ocrx_word' id='word_1_172' title='bbox 386 2873 418 2925; x_wconf 91' lang='lat' dir='ltr'>tu</span> <span class='ocrx_word' id='word_1_173' title='bbox 442 2863 489 2924; x_wconf 87' lang='lat' dir='ltr'>vel</span> <span class='ocrx_word' id='word_1_174' title='bbox 511 2862 590 2942; x_wconf 83' lang='lat' dir='ltr'>longi</span> <span class='ocrx_word' id='word_1_175' title='bbox 613 2861 705 2923; x_wconf 85' lang='lat' dir='ltr'>debes</span> <span class='ocrx_word' id='word_1_176' title='bbox 728 2862 912 2924; x_wconf 87' lang='lat' dir='ltr'>convictibus</span> <span class='ocrx_word' id='word_1_177' title='bbox 935 2864 1015 2943; x_wconf 84' lang='lat' dir='ltr'>aevi,</span> 
     </span>
     <span class='ocr_line' id='line_1_29' title="bbox 223 2950 1004 3032; baseline -0.009 -15"><span class='ocrx_word' id='word_1_178' title='bbox 223 2967 255 3017; x_wconf 89' lang='lat'>10</span> <span class='ocrx_word' id='word_1_179' title='bbox 314 2953 365 3013; x_wconf 88' lang='lat' dir='ltr'>Vei</span> <span class='ocrx_word' id='word_1_180' title='bbox 388 2970 454 3013; x_wconf 89' lang='lat' dir='ltr'>mea</span> <span class='ocrx_word' id='word_1_181' title='bbox 477 2950 557 3031; x_wconf 89' lang='lat' dir='ltr'>quod</span> <span class='ocrx_word' id='word_1_182' title='bbox 580 2953 707 3012; x_wconf 82' lang='lat' dir='ltr'>coniunx</span> <span class='ocrx_word' id='word_1_183' title='bbox 731 2969 792 3011; x_wconf 90' lang='lat' dir='ltr'>non</span> <span class='ocrx_word' id='word_1_184' title='bbox 815 2951 909 3012; x_wconf 86' lang='lat' dir='ltr'>aliena</span> <span class='ocrx_word' id='word_1_185' title='bbox 932 2951 1004 3032; x_wconf 87' lang='lat' dir='ltr'>tihi,</span> 
     </span>
     <span class='ocr_line' id='line_1_30' title="bbox 268 3039 1195 3125; baseline 0.003 -23"><span class='ocrx_word' id='word_1_186' title='bbox 268 3042 320 3102; x_wconf 91' lang='lat' dir='ltr'>Vel</span> <span class='ocrx_word' id='word_1_187' title='bbox 344 3040 472 3121; x_wconf 83' lang='lat' dir='ltr'>studiis,</span> <span class='ocrx_word' id='word_1_188' title='bbox 494 3039 604 3118; x_wconf 88' lang='lat' dir='ltr'>quibus</span> <span class='ocrx_word' id='word_1_189' title='bbox 628 3057 679 3119; x_wconf 86' lang='lat' dir='ltr'>es,</span> <span class='ocrx_word' id='word_1_190' title='bbox 702 3055 790 3118; x_wconf 90' lang='lat' dir='ltr'>quam</span> <span class='ocrx_word' id='word_1_191' title='bbox 814 3057 887 3119; x_wconf 88' lang='lat' dir='ltr'>nos,</span> <span class='ocrx_word' id='word_1_192' title='bbox 912 3039 1076 3119; x_wconf 86' lang='lat' dir='ltr'>sapientius</span> <span class='ocrx_word' id='word_1_193' title='bbox 1100 3059 1195 3125; x_wconf 79' lang='lat' dir='ltr'>usus,</span> 
     </span>
     <span class='ocr_line' id='line_1_31' title="bbox 314 3127 1067 3209; baseline -0.003 -19"><span class='ocrx_word' id='word_1_194' title='bbox 314 3129 409 3208; x_wconf 89' lang='lat' dir='ltr'>thue</span> <span class='ocrx_word' id='word_1_195' title='bbox 434 3128 542 3209; x_wconf 81' lang='lat' dir='ltr'>decet,</span> <span class='ocrx_word' id='word_1_196' title='bbox 565 3128 645 3188; x_wconf 82' lang='lat' dir='ltr'>nulia</span> <span class='ocrx_word' id='word_1_197' title='bbox 668 3127 764 3188; x_wconf 88' lang='lat' dir='ltr'>iactus</span> <span class='ocrx_word' id='word_1_198' title='bbox 788 3145 820 3188; x_wconf 91' lang='lat' dir='ltr'>es</span> <span class='ocrx_word' id='word_1_199' title='bbox 843 3127 914 3189; x_wconf 78' lang='lat' dir='ltr'>Arte</span> <span class='ocrx_word' id='word_1_200' title='bbox 937 3144 1067 3188; x_wconf 88' lang='lat' dir='ltr'>nocens.</span> 
     </span>
     <span class='ocr_line' id='line_1_32' title="bbox 270 3214 1054 3295; baseline -0.008 -15"><span class='ocrx_word' id='word_1_201' title='bbox 270 3218 315 3280; x_wconf 87' lang='lat' dir='ltr'>Tu</span> <span class='ocrx_word' id='word_1_202' title='bbox 339 3218 420 3279; x_wconf 90' lang='lat' dir='ltr'>canis</span> <span class='ocrx_word' id='word_1_203' title='bbox 443 3225 564 3277; x_wconf 88' lang='lat' dir='ltr'>aeterno</span> <span class='ocrx_word' id='word_1_204' title='bbox 589 3215 732 3295; x_wconf 91' lang='lat' dir='ltr'>quidquid</span> <span class='ocrx_word' id='word_1_205' title='bbox 755 3215 885 3277; x_wconf 87' lang='lat' dir='ltr'>restabat</span> <span class='ocrx_word' id='word_1_206' title='bbox 907 3214 1054 3294; x_wconf 84' lang='lat' dir='ltr'>Homero,</span> 
     </span>
     <span class='ocr_line' id='line_1_33' title="bbox 313 3303 993 3367; baseline -0.006 0"><span class='ocrx_word' id='word_1_207' title='bbox 313 3307 356 3367; x_wconf 83' lang='lat' dir='ltr'>Ne</span> <span class='ocrx_word' id='word_1_208' title='bbox 380 3314 500 3366; x_wconf 86' lang='lat' dir='ltr'>careant</span> <span class='ocrx_word' id='word_1_209' title='bbox 522 3322 637 3365; x_wconf 86' lang='lat' dir='ltr'>summa</span> <span class='ocrx_word' id='word_1_210' title='bbox 660 3303 766 3365; x_wconf 87' lang='lat' dir='ltr'>Troica</span> <span class='ocrx_word' id='word_1_211' title='bbox 788 3303 865 3364; x_wconf 83' lang='lat' dir='ltr'>belia</span> <span class='ocrx_word' id='word_1_212' title='bbox 887 3320 993 3364; x_wconf 87' lang='lat' dir='ltr'>manu.</span> 
     </span>
     <span class='ocr_line' id='line_1_34' title="bbox 223 3391 1140 3476; baseline 0.002 -22"><span class='ocrx_word' id='word_1_213' title='bbox 223 3406 255 3454; x_wconf 80' lang='lat'>15</span> <span class='ocrx_word' id='word_1_214' title='bbox 269 3394 347 3454; x_wconf 90' lang='lat' dir='ltr'>Naso</span> <span class='ocrx_word' id='word_1_215' title='bbox 370 3411 475 3470; x_wconf 86' lang='lat' dir='ltr'>parum</span> <span class='ocrx_word' id='word_1_216' title='bbox 498 3392 654 3472; x_wconf 87' lang='lat' dir='ltr'>prudens,</span> <span class='ocrx_word' id='word_1_217' title='bbox 677 3400 771 3452; x_wconf 86' lang='lat' dir='ltr'>artem</span> <span class='ocrx_word' id='word_1_218' title='bbox 794 3391 864 3453; x_wconf 90' lang='lat' dir='ltr'>dnm</span> <span class='ocrx_word' id='word_1_219' title='bbox 887 3391 978 3452; x_wconf 91' lang='lat' dir='ltr'>tradit</span> <span class='ocrx_word' id='word_1_220' title='bbox 1000 3392 1140 3476; x_wconf 81' lang='lat' dir='ltr'>amandi,</span> 
     </span>
     <span class='ocr_line' id='line_1_35' title="bbox 314 3477 1023 3559; baseline 0.001 -20"><span class='ocrx_word' id='word_1_221' title='bbox 314 3480 471 3541; x_wconf 89' lang='lat' dir='ltr'>Doctrinae</span> <span class='ocrx_word' id='word_1_222' title='bbox 494 3482 624 3559; x_wconf 87' lang='lat' dir='ltr'>pretium</span> <span class='ocrx_word' id='word_1_223' title='bbox 647 3482 732 3539; x_wconf 86' lang='lat' dir='ltr'>triste</span> <span class='ocrx_word' id='word_1_224' title='bbox 755 3482 895 3558; x_wconf 85' lang='lat' dir='ltr'>magister</span> <span class='ocrx_word' id='word_1_225' title='bbox 917 3477 1023 3541; x_wconf 88' lang='lat' dir='ltr'>habet.</span> 
     </span>
     <span class='ocr_line' id='line_1_36' title="bbox 271 3567 1192 3647; baseline 0.008 -21"><span class='ocrx_word' id='word_1_226' title='bbox 271 3567 347 3627; x_wconf 89' lang='lat' dir='ltr'>Sunt</span> <span class='ocrx_word' id='word_1_227' title='bbox 370 3575 467 3626; x_wconf 89' lang='lat' dir='ltr'>tamen</span> <span class='ocrx_word' id='word_1_228' title='bbox 491 3570 569 3627; x_wconf 87' lang='lat' dir='ltr'>iuter</span> <span class='ocrx_word' id='word_1_229' title='bbox 593 3584 626 3626; x_wconf 89' lang='lat' dir='ltr'>se</span> <span class='ocrx_word' id='word_1_230' title='bbox 649 3569 817 3628; x_wconf 89' lang='lat' dir='ltr'>communia</span> <span class='ocrx_word' id='word_1_231' title='bbox 839 3585 922 3629; x_wconf 86' lang='lat' dir='ltr'>sacra</span> <span class='ocrx_word' id='word_1_232' title='bbox 944 3570 1059 3647; x_wconf 89' lang='lat' dir='ltr'>poetis,</span> <span class='ocrx_word' id='word_1_233' title='bbox 1148 3581 1192 3633; x_wconf 64' lang='lat' dir='ltr'>(vt</span> 
     </span>
    </p>
   </div>
   <div class='ocr_carea' id='block_1_5' title="bbox 0 0 1238 4042">
    <p class='ocr_par' dir='ltr' id='par_1_5' title="bbox 0 0 1238 4042">
     <span class='ocr_line' id='line_1_37' title="bbox 0 0 1238 4042; baseline 0 0"><span class='ocrx_word' id='word_1_234' title='bbox 0 0 1238 4042; x_wconf 95' lang='lat' dir='ltr'> </span> 
     </span>
    </p>
   </div>
  </div>
 </body>
</html>
