2467 4042
592 204 641 254 EX
658 202 779 255 PONTO

640 399 737 473 VIII.

270 546 383 608 Littera
406 562 471 607 sera
495 542 638 623 quidem,
660 542 766 604 studiis
789 541 905 603 exculte
927 542 1033 622 Suilli,

316 633 381 695 Huc
403 643 454 695 tua
476 633 635 712 pervenit,
658 630 710 691 sed
734 630 806 691 mibi
829 638 910 710 grata
934 639 1035 692 tamen
1046 682 1058 714 ,

272 722 358 803 Qua,
381 723 430 800 pia
452 722 479 781 si
501 722 596 798 possit
619 736 744 797 superos
767 718 861 779 lenire
884 720 1016 797 rogando

316 810 439 889 Gratia,
462 807 592 869 laturum
614 815 644 867 te
667 806 740 867 mibi
763 806 838 868 dicis
860 824 965 885 opem.

241 898 311 960 5Ut
333 901 390 959 iam
414 896 456 958 nil
478 905 635 976 praestes,
659 897 747 956 animi
771 912 838 956 sum
861 895 956 956 lactus
980 899 1076 959 amici

316 985 461 1064 Debitor,
484 993 515 1046 et
536 986 677 1044 meritum
700 981 774 1043 velle
797 987 898 1044 iuvare
921 1002 1011 1045 voco.

271 1073 402 1153 Impetus
425 1076 482 1133 iste
505 1080 576 1133 tuus
594 1071 715 1150 longum
734 1070 820 1132 modo
839 1071 926 1132 duret
944 1074 975 1132 in
1000 1090 1133 1156 aevum,
1151 1091 1201 1140 tuq

316 1161 395 1223 Neve
419 1160 504 1221 malis
526 1162 622 1238 pietas
646 1161 684 1220 sit
707 1167 758 1220 tua
781 1159 857 1219 lassa
879 1162 971 1221 meis.

273 1250 323 1313 lus
345 1249 463 1327 aliquod
488 1248 600 1309 iaciunt
624 1247 729 1308 adfinia
753 1247 869 1308 vincula
892 1247 995 1329 nobis,

226 1351 258 1401 to
317 1338 399 1408 Quae
422 1355 540 1417 semper
563 1346 700 1396 maneant
722 1335 918 1415 inlabefacta,
941 1354 1073 1416 precor.

271 1426 345 1488 Nam
368 1426 423 1486 tibi
446 1442 521 1505 quae
544 1426 696 1505 coniunx,
719 1424 822 1484 eadem
845 1424 917 1484 mihi
940 1424 998 1485 iilia
1022 1445 1140 1511 paene;

315 1514 353 1573 Et
376 1532 451 1593 quae
474 1521 505 1575 te
528 1529 694 1591 generum,
716 1530 764 1572 me
787 1521 872 1572 vocat
894 1511 942 1572 illa
965 1515 1089 1578 virum.

271 1601 307 1663 Ei
331 1601 719 1682 mibi,si1eotisvultum
743 1608 776 1660 tu
799 1600 934 1661 versibus
958 1603 1025 1662 istis

317 1688 407 1751 [lucis
430 1698 460 1750 et
482 1690 609 1749 adfinem
631 1696 661 1748 te
684 1687 777 1766 pudet
800 1706 864 1748 esse
888 1689 1004 1749 meum!

225 1789 257 1839 lt
271 1778 309 1839 lt
331 1777 404 1838 nihil
428 1777 476 1838 hic
499 1777 621 1855 dignum
645 1778 757 1855 poteris
780 1778 912 1855 reperire
935 1777 1051 1856 pudore

315 1865 438 1926 Praeter
461 1865 627 1944 fortunam,
652 1882 727 1943 quae
751 1864 823 1925 mibi
846 1883 932 1924 caeca
957 1866 1031 1927 luit.

272 1953 331 2015 Seu
355 1970 448 2032 genus
472 1955 626 2026 excutias,
649 1954 766 2031 equites
789 1952 825 2012 ab
848 1955 962 2031 origine
984 1957 1087 2032 prima

315 2040 415 2120 Usque
438 2060 492 2120 per
514 2043 688 2101 innumeros
710 2042 896 2101 irmeniemur
919 2059 1005 2102 avos:

272 2129 339 2190 Sive
363 2128 434 2189 velis
447 2176 457 2210 ,
480 2130 532 2207 qui
555 2130 614 2188 sint
638 2146 736 2188 mores
759 2131 910 2206 inquirere
935 2133 1049 2212 nostri,

224 2229 258 2279 to
316 2217 456 2277 Errorem
480 2219 589 2277 misero
613 2216 757 2296 detrahe,
781 2215 845 2276 labe
870 2225 988 2277 carent.

271 2304 316 2365 Tu
341 2305 427 2365 modo
451 2304 549 2383 siquid
573 2306 620 2382 agi
643 2303 776 2383 sperabis
798 2322 886 2383 posse
909 2306 1083 2388 precando,

315 2393 396 2463 Quos
420 2392 492 2453 colis
505 2439 514 2470 ,
538 2409 626 2453 exora
650 2392 782 2471 supplice
807 2410 878 2453 roce
902 2393 989 2455 deos.

271 2479 306 2541 Di
328 2479 383 2541 tibi
405 2483 465 2541 sint
488 2480 595 2541 Caesar
618 2482 756 2541 iuvenis.
797 2488 848 2543 tua
870 2482 991 2542 numina
1013 2484 1124 2563 placa.
1226 2525 1227 2538 κ

316 2568 375 2629 liae
399 2577 479 2629 certe
504 2569 583 2629 nulla
607 2576 653 2629 est
675 2570 774 2629 notior
797 2586 846 2629 ara
869 2570 940 2630 tibi.

222 2656 335 2720 tollen
359 2659 429 2718 sinit
452 2655 500 2716 illa
523 2660 570 2717 sui
593 2674 682 2717 ranas
705 2658 845 2718 antistitis
868 2674 1007 2735 umquam

315 2744 388 2804 Esse
411 2762 536 2824 preces.
579 2748 690 2805 nostris
713 2745 782 2806 binc
805 2754 873 2824 pete
897 2745 987 2807 rebus
1010 2764 1124 2826 opem.

270 2831 438 2902 Quamlibet
460 2834 565 2911 exigua
588 2835 613 2892 si
637 2851 691 2893 nos
715 2851 749 2893 ea
772 2836 881 2893 iuverit
903 2852 995 2915 aura,

315 2919 428 2981 Obruta
451 2919 488 2979 de
513 2919 616 2980 mediis
640 2920 745 2982 cumba
768 2931 906 2999 resurget
928 2924 1030 3003 aquis.

270 3008 354 3069 Tunc
378 3025 431 3088 ego
456 3016 522 3069 tura
546 3009 638 3069 leram
664 3009 775 3088 rapidis
798 3008 951 3070 sollemnia
973 3010 1189 3097 flammis,r1m

222 3110 256 3157 uo
315 3095 352 3157 Et
376 3095 490 3158 valeant
513 3104 656 3175 quantum
680 3099 822 3179 numina,
845 3101 931 3158 testis
955 3116 1023 3159 ero.

269 3183 331 3246 Nec
355 3183 409 3245 tibi
432 3184 468 3244 de
492 3183 577 3244 Pario
602 3193 750 3266 statuam,
774 3185 947 3247 Germanice
961 3188 1141 3268 ,templum

313 3272 480 3333 Marmore.
521 3274 633 3352 carpsit
656 3290 726 3352 opes
749 3273 797 3333 illa
821 3276 907 3335 ruina
931 3292 1027 3336 meas.

269 3359 389 3438 Templa
414 3361 519 3421 domus
542 3360 651 3422 facient
674 3360 756 3421 vobis
780 3361 930 3442 urbesque
953 3362 1073 3427 beatae.

313 3448 390 3507 Naso
414 3451 475 3509 suis
499 3447 627 3528 opibus,
651 3452 781 3509 carmine
803 3458 907 3528 gratus
930 3454 1005 3512 erit.

177 3582 181 3587 ,
222 3545 254 3593 35
268 3533 361 3594 Parva
385 3534 504 3610 quidem
528 3535 622 3595 fateor
644 3554 698 3614 pro
722 3540 835 3615 magnis
860 3557 984 3600 munera
1006 3541 1111 3623 reddi,
