2467 4042
224 303 304 364 xva.
329 303 448 382 [xvia]
471 302 689 362 nandans
709 302 781 365 4-
797 302 846 367 ta.
992 308 1051 374 uas

149 457 227 534 Quis
243 456 386 533 prohibet
397 457 475 517 raris
490 472 602 517 nomen
616 456 720 516 inesse
734 464 857 516 meum?

105 545 186 605 Nam
200 557 269 603 mea
285 540 370 616 quod
384 541 453 601 visa
467 548 515 601 est
529 539 582 600 tibi
597 546 694 600 mater
707 539 837 617 idonea,
859 543 947 605 ouius

149 626 303 700 Exemplo
319 623 403 685 flecti
416 634 465 684 tne
481 628 605 700 qunque
621 638 717 701 posse
731 631 830 701 putes,

57 723 96 777 te
108 710 218 773 Matris
233 709 264 770 in
279 709 418 769 admisso
434 708 513 770 {aisa
527 710 585 769 sub
599 707 733 782 imagine
747 704 835 768 rosae

147 795 246 856 Error
259 794 349 854 inest.
360 793 475 868 ⁴pluma
488 794 590 877 tectus
604 793 812 857 adulteraret

103 879 245 955 adlego,
267 878 295 938 si
313 890 455 951 peccem,
479 882 608 954 possum
622 874 772 937 nescisse.
795 892 853 938 nec
868 880 945 940 uittas

147 963 260 1034 Error,
283 960 336 1039 qui
353 961 424 1022 iacti
439 962 552 1022 crimen
569 959 755 1031 obumbret,¹
768 958 832 1021 'erit

106 1049 161 1109 iila
177 1048 258 1108 bene
274 1045 401 1118 erravit,
426 1045 592 1121 vitiumque
607 1052 732 1106 anctore
746 1042 884 1106 redemit.

59 1145 100 1197 so
151 1131 241 1193 Felix
255 1130 394 1205 inculpa
409 1138 471 1204 qao
483 1130 560 1190 love
576 1129 663 1190 dicar
678 1135 760 1204 egat

105 1216 143 1278 Et
156 1210 260 1292 genas
273 1219 305 1275 et
319 1226 455 1289 proavos
470 1221 501 1275 et
514 1212 737 1289 regianomina
749 1211 856 1275 iactas.

149 1300 241 1360 clara
257 1298 332 1359 satis
348 1299 459 1359 domus
473 1297 551 1358 haec
565 1296 725 1386 nobilitate
737 1313 795 1358 saa
809 1305 866 1359 est

106 1383 247 1460 iuppiter
259 1390 299 1444 ot
308 1382 417 1442 soceri·
425 1395 560 1457 proavus
576 1382 713 1442 taceatur
722 1386 758 1441 vet
771 1394 861 1443 omne

148 1466 330 1533 Tantalidae
346 1465 469 1542 Pelopis
478 1465 700 1559 Tyndareique
716 1462 838 1549 dec‘ds,

61 1563 99 1618 66
109 1550 258 1615 lietduini
271 1549 358 1610 Leda
373 1549 477 1611 iovem
492 1565 593 1627 cygno
610 1550 741 1625 decepta
756 1548 923 1627 paenam,

148 1637 235 1712 Quae
251 1635 360 1695 falsam
373 1635 490 1711 gremio
506 1634 632 1725 credula
650 1634 838 1695 toritatem.

104 1722 118 1783 l
134 1736 234 1795 nunc,
255 1725 286 1780 et
297 1717 451 1797 Phrygiae
465 1721 525 1780 late
540 1718 708 1795 priinnrdia
723 1718 831 1794 gentis,

148 1803 361 1878 cumquesuo
375 1802 526 1864 Priamum
543 1802 753 1863 Laumedonte
768 1801 858 1863 ieter.

105 1888 191 1965 Quos
206 1902 272 1964 ego
283 1886 433 1963 suspicio.
457 1887 514 1948 sed
529 1887 581 1963 qui
596 1887 650 1947 tibi
665 1887 763 1962 gloria
777 1888 891 1962 mag'na'
902 1890 950 1951 est

62 1983 100 2038 aa
151 1972 298 2047 Quintus,
318 1972 345 2032 is
362 1977 501 2033 anostra
514 1971 641 2031 ‘nondne
658 1971 772 2047 primus
788 1970 853 2033 erit.

106 2055 239 2133 Sceptra
252 2061 322 2116 tuae
338 2054 481 2131 quamvis
495 2058 566 2117 rear
579 2070 652 2117 esse
668 2054 804 2130 potentia
818 2058 925 2132 terrae,

147 2140 217 2201 Non
227 2146 332 2201 taraco
347 2139 427 2200 haec
443 2138 504 2200 iliis
519 2150 596 2201 esse'
605 2139 724 2202 minora
739 2144 822 2215 puto.

107 2224 140 2287 st
157 2226 217 2286 iam
233 2223 347 2285 divitiis
362 2224 451 2285 iocus
464 2223 520 2284 hic·
529 2230 719 2299 numeroque
734 2224 869 2287 virorum

147 2309 302 2382 Vincitur,
326 2314 358 2368 at
372 2314 456 2369 certe
468 2307 600 2368 barbara
614 2306 695 2369 terra
710 2314 761 2368 tua
775 2316 832 2369 est.

64 2405 98 2459 aa
108 2393 239 2454 Munera
251 2398 336 2453 tana
349 2392 476 2469 quidem
492 2392 639 2468 promittit
653 2392 785 2468 epistola
800 2392 897 2467 dines,

147 2477 189 2539 Ut
202 2474 327 2554 possint
341 2476 428 2554 ipsas
442 2476 495 2537 iila
506 2491 633 2537 movere
643 2477 733 2538 deas.

107 2560 173 2623 Sed
188 2561 216 2622 si
233 2560 295 2622 iam
308 2561 422 2623 veliem
436 2561 515 2621 fines
530 2561 661 2622 transire
670 2561 815 2638 pudoris,

148 2644 193 2707 'lia
206 2645 316 2706 metior
329 2646 441 2721 culpae
459 2660 554 2707 causa
569 2646 688 2707 arturus
703 2647 782 2706 eras.

105 2731 170 2791 Aut
182 2745 243 2805 ego
257 2735 410 2807 perpetuo
426 2730 536 2789 famam
552 2729 620 2791 sine
636 2729 705 2790 labe
721 2731 844 2805 tenebo,

68 2821 100 2877 ta
151 2815 213 2875 Ant
227 2828 287 2890 ego
301 2819 334 2873 te
352 2813 470 2889 potius,
492 2830 583 2889 quarn
599 2820 649 2874 tua
666 2814 747 2874 dona
762 2828 884 2890 sequar.

105 2897 206 2973 thue
221 2913 260 2958 ea
274 2912 338 2957 non
354 2912 485 2974 sperno,
508 2899 553 2958 sic
568 2898 784 2975 acceptissima
802 2904 926 2975 semper

147 2980 277 3042 Munera
291 2987 376 3054 sunt,
398 2986 506 3042 auctor
520 2997 599 3058 quae
613 2982 751 3059 pretiosa
766 2981 846 3044 tacit.

105 3063 178 3128 atus
191 3064 287 3126 multo
301 3064 445 3141 estquod
461 3081 561 3142 amas,
578 3067 662 3143 quod
674 3084 741 3129 surn
753 3064 806 3129 tibi
818 3072 914 3129 caasa
925 3068 1045 3141 laboris

150 3149 239 3224 Quod
255 3156 318 3210 tam
331 3165 388 3225 per
402 3150 511 3224 longas
529 3166 603 3227 spes
618 3159 671 3213 tua
684 3152 767 3213 venit
781 3146 890 3228 aquas.

70 3233 165 3296 tanta
176 3246 313 3310 quoque,
329 3233 472 3310 adposita
484 3251 564 3309 quae
575 3251 655 3296 nunc
667 3236 753 3312 iacIs,
769 3235 916 3313 improbe,
932 3253 1045 3308 mensa,

151 3317 458 3394 Quamvis‘experiar
473 3319 681 3395 dissimulare,
704 3329 793 3382 noto=

108 3402 182 3463 cnm
196 3402 292 3464 modo
307 3417 356 3463 rne
371 3409 496 3478 spectas
513 3403 626 3479 onmis,
648 3404 778 3478 lascive,
801 3407 963 3481 protervis,

150 3485 235 3561 Quos
249 3487 303 3546 vix
318 3486 466 3548 instantes
481 3484 595 3548 lutitina
608 3495 715 3550 nostra
731 3490 839 3563 ierunt,

108 3569 145 3631 Et
158 3571 252 3632 modo
268 3570 426 3648 suspiras,
449 3572 542 3634 modo
558 3575 671 3649 pocula
686 3572 827 3649 proxima
840 3572 930 3633 nobis
