2467 4042
158 213 221 278 174
325 231 460 270 immons
572 211 751 268 Muuuuu.

244 380 386 461 Cornua,
408 378 480 440 dum
501 380 606 458 potul.
636 396 716 441 nuno
738 395 809 459 pure
830 389 912 443 earet
934 380 1026 443 altem
1050 383 1119 445 telo

243 468 385 549 Frontis,
406 475 441 529 ut
463 468 527 546 ipse
549 465 632 528 rides
646 462 666 527 .'
693 469 821 547 gemitus
849 477 921 530 suut
941 469 1031 533 verba
1055 475 1179 535 secuti.

551 693 764 703 *-

479 847 620 931 LIBER
645 847 821 933 NONUS.

244 996 325 1066 Quae
348 998 476 1077 gemitus
499 1004 682 1076 truncaeque
706 997 761 1059 deo
784 997 951 1077 Neptunius
973 998 1069 1062 beros

243 1082 338 1147 Causa
360 1092 446 1164 rogat
467 1085 596 1146 ironiis.
625 1103 695 1146 oum
717 1086 760 1146 sio
783 1084 960 1164 Calydonius
982 1091 1085 1149 amnis

243 1172 369 1255 Coepit,
393 1176 546 1234 inornatos
568 1172 726 1235 redimitus
747 1172 914 1235 harundine
937 1176 1059 1238 oriues:

244 1256 354 1323 ‘Triste
376 1262 455 1341 petis
476 1278 607 1322 munus.
637 1263 705 1340 quis
727 1263 807 1323 enim
828 1279 883 1323 sua
904 1262 1018 1342 proelia
1040 1267 1149 1329 vietus

214 1360 230 1409 o
245 1348 483 1412 Commemorare
505 1345 607 1411 velit?
629 1350 759 1411 referam
772 1357 872 1432 tamen
885 1351 990 1412 ordine
1005 1398 1012 1413 .
1034 1371 1100 1416 nee
1114 1363 1181 1417 tam

243 1437 344 1518 Turpe
367 1437 424 1500 init
445 1439 545 1519 vinei,
568 1455 657 1517 quom
680 1432 870 1500 contendisse
893 1438 1036 1502 derorum
1062 1450 1133 1525 est5

242 1525 404 1606 linguaque
428 1525 479 1587 det
499 1525 586 1588 uobis
608 1533 710 1588 tentus
732 1525 841 1588 solaria
862 1527 973 1590 vietor.
1005 1595 1009 1598 ,

243 1614 368 1675 Nomine
386 1616 549 1695 siqua‘suo
570 1613 692 1676 tandem
713 1616 849 1694 pervenit
871 1614 908 1676 ad
930 1633 1019 1678 ames

243 1701 379 1764 Deianira
401 1711 468 1765 tuas
491 1734 534 1747 -
558 1702 707 1783 quondam
728 1702 928 1782 pulcherrima
949 1706 1032 1784 virgo
1092 1732 1098 1739 ·

197 1803 230 1853 lo
242 1790 463 1870 llnltorumque
485 1791 543 1852 luit
565 1809 635 1871 spes
657 1790 800 1853 invidiosa
822 1809 1000 1871 proeorum.

244 1879 319 1941 Cum
341 1879 450 1959 quibus
473 1887 508 1940 ut
530 1880 629 1940 soseri
650 1878 756 1941 domus
779 1886 826 1940 est
848 1881 957 1941 intrata
978 1882 1086 1964 petiti,

244 1962 375 2048 “dooipe
398 1985 446 2029 me
469 1985 613 2047 generum
625 1962 647 2050 ,⁹
670 1967 731 2029 dixi
754 1963 931 2029 ‘Porthaone
953 1964 1065 2030 nate:’'

243 2056 323 2118 Dixit
344 2065 375 2118 et
396 2055 534 2118 Alcides.
562 2056 612 2118 olii
634 2073 752 2118 cessere
775 2054 909 2118 duobus.

243 2145 295 2207 llle
317 2144 417 2207 lovem
438 2162 577 2207 soeerum
599 2144 670 2206 dare
693 2162 748 2226 se,
771 2145 937 2224 famamque
959 2142 1119 2229 laborum,

197 2233 282 2295 1th
304 2241 441 2313 superata
464 2250 535 2294 suae
558 2231 709 2295 referebat
729 2234 810 2294 iussa
833 2249 993 2294 novercae.

244 2321 354 2384 Contra
376 2339 431 2402 ego
455 2316 568 2400 “turpe
590 2320 682 2383 deum
702 2320 821 2383 mortali
843 2316 980 2382 cedere?
1003 2320 1066 2384 dixi
1091 2356 1136 2368 -

243 2408 381 2471 Nondum
404 2418 469 2471 erat
481 2408 531 2470 illo
545 2408 620 2471 deus
634 2441 677 2454 -
693 2404 807 2489 ‘regem
829 2426 878 2471 mo
899 2411 1001 2471 cernis
1022 2422 1176 2490 equorum

244 2496 388 2560 Cursibus
411 2497 539 2576 obliquis
561 2499 641 2560 iuter
664 2505 714 2560 tuo
731 2514 825 2577 regna
842 2496 1004 2559 fluentum.

243 2585 305 2647 Neo
328 2604 420 2666 gener
442 2587 574 2648 externis
596 2585 706 2666 boenes
728 2584 784 2647 tibi
806 2586 916 2648 misem
938 2583 976 2646 ab
998 2588 1078 2668 oris,

197 2687 231 2738 to
245 2674 305 2736 Sed
327 2674 479 2755 popularis
502 2691 554 2735 ero
577 2682 608 2735 et
630 2691 733 2735 rernm
753 2691 824 2753 pars
845 2691 906 2735 una
927 2679 1064 2736 tuorum.

244 2763 372 2825 Tantum
393 2781 432 2826 ue
454 2755 581 2844 noceat,
604 2762 684 2841 quod
706 2780 754 2823 me
777 2779 833 2823 neo
855 2762 938 2841 regie
959 2761 1034 2824 luno

246 2852 337 2934 Odit,
364 2860 396 2914 et
417 2853 515 2913 omnis
537 2849 622 2912 abest
643 2852 795 2912 iussorum
815 2867 913 2930 poena
934 2848 1087 2913 laborum.

245 2940 342 3024 Nam,
365 2958 425 3021 quo
447 2948 478 3001 ie
500 2941 614 3020 laetas,
637 2937 778 3001 dlomena
799 2946 890 3020 uate,
913 2946 1065 3020 creatum,

245 3028 378 3110 luppiter
400 3036 451 3090 aut
473 3027 564 3090 falsus
587 3035 673 3106 pater
695 3035 742 3089 est
753 3074 763 3109 ,
785 3024 837 3088 adt
859 3028 984 3089 erimine
1006 3045 1114 3090 verus.

197 3130 231 3179 eo
244 3117 347 3179 Matris
370 3116 517 3179 adulterio
538 3123 655 3197 patrem
676 3117 775 3196 potis.
804 3114 901 3197 elige,
923 3115 1028 3177 fiotum

244 3206 319 3268 Esse
341 3204 441 3267 lovem
463 3204 548 3266 malis
560 3252 570 3287 ,
592 3222 630 3266 an
653 3212 683 3267 te
705 3221 760 3284 per
783 3202 913 3265 dedecus
935 3198 1078 3265 ortum.”
1183 3218 1188 3227 ·

245 3294 328 3356 'lolia
349 3293 499 3356 dicentem
520 3292 684 3356 iundudum
705 3292 817 3353 lumino
840 3302 923 3354 torro

247 3383 389 3465 Speotat,
411 3392 442 3445 et
464 3399 605 3445 acceusae
629 3399 689 3442 uon
711 3382 829 3442 fortiter
851 3384 977 3460 imperat
998 3381 1079 3461 Dae,

246 3469 401 3551 Verbaque
424 3480 469 3533 tot
490 3470 611 3532 reddit:
634 3465 762 3531 “melior
784 3468 857 3530 mibi
880 3467 1001 3530 dexteru
1023 3468 1141 3548 lingua.

198 3574 232 3622 30
246 3558 410 3620 Dummodo
434 3557 592 3640 prrgnmdo
615 3576 777 3639 superem,
800 3564 833 3619 tu
857 3559 941 3618 vinee
963 3553 1137 3637 loquendo''
