2467 4042
437 229 486 280 111.
508 231 655 283 120-191.
984 224 1050 291 263

132 389 197 452 Non
220 391 293 453 baec
316 391 366 453 ilie
388 391 462 454 deus
485 400 643 471 tantaeque
666 392 836 472 propaginis
859 399 961 452 auctor

176 479 308 542 Credidit
331 479 437 540 officiis
459 497 525 542 esse
548 483 662 540 minora
686 482 767 560 suis,

7 644 8 649 ἵ
132 566 377 647 Promissumque
400 566 458 629 sibi
479 567 573 628 vuisit
594 584 792 646 praenoscere
815 564 948 646 caelum,

7 670 8 683 ¹
70 666 119 717 100
176 655 239 716 Nec
261 655 335 716 deus
357 657 473 734 ignotas
496 654 615 734 hospes
628 656 705 715 inire
728 656 849 716 domos.

132 741 183 804 ilie
206 760 305 804 moras
328 742 420 823 solis,
444 740 553 823 quibus
574 745 606 804 in
630 761 683 804 sua
705 745 788 821 signa
810 741 940 821 rediret,

178 829 318 892 Traditur
341 834 453 893 exactis
476 832 660 910 disposuisse
681 833 777 891 notis.

133 919 162 980 is
185 920 284 982 decies
307 936 395 980 senos
418 928 586 980 tercentum
608 927 640 980 et
662 922 794 999 quinque
818 917 924 980 dicbus

177 1006 297 1089 lunxit,
321 1016 351 1069 et
373 1026 390 1068 e
412 1007 500 1087 pleno
524 1015 658 1086 tempora
681 1010 784 1087 quinta
806 1006 871 1069 die.

6 1094 8 1133 f
68 1106 118 1158 105
133 1095 187 1157 Hic
210 1098 280 1157 anui
301 1096 408 1165 modus
430 1105 498 1158 est:
530 1098 561 1158 in
584 1094 713 1159 lustrum
735 1093 877 1157 accedere
901 1092 1007 1174 debet,

177 1183 259 1259 Quae
282 1193 504 1247 consummatur
527 1182 684 1265 partibus,
707 1202 766 1246 una
789 1182 870 1246 dies.

374 1323 401 1386 1.
428 1319 712 1387 D-K-an

135 1442 183 1507 sSi
206 1445 277 1508 licei
298 1447 430 1508 occultos
453 1448 584 1507 monitus
606 1444 710 1507 audire
733 1446 858 1507 deorum

178 1531 322 1614 Vatibus,
345 1544 378 1596 ut
401 1542 482 1595 certe
506 1534 582 1594 saura
605 1533 696 1593 licere
718 1543 820 1615 putat,

135 1621 208 1683 Cum
233 1625 274 1684 sis
297 1623 424 1703 officiis,
448 1621 595 1700 Gradive,
618 1620 753 1683 virilibus
776 1631 881 1703 aptus,

71 1723 122 1774 170
180 1709 233 1772 Dic
255 1710 350 1791 mibi,
373 1719 524 1773 matronae
547 1728 602 1771 cur
625 1718 676 1771 tua
699 1710 774 1770 iesta
797 1705 928 1772 colani.'

136 1797 185 1859 Sic
207 1817 285 1878 ego.
325 1801 369 1859 sic
391 1800 486 1879 posita
510 1797 584 1859 dixit
607 1797 679 1858 mibi
703 1797 816 1860 casside
838 1798 972 1879 Mavors,

180 1884 237 1948 Sed
261 1895 359 1948 umen
382 1889 413 1948 in
436 1886 540 1949 dextra
563 1885 683 1948 missilis
706 1886 788 1948 hasta
812 1887 884 1948 suit:

136 1970 236 2037 ‘Nunc
259 1977 388 2055 primum
412 1975 518 2036 studiis
541 1978 646 2056 pacis,
669 1975 743 2036 deus
766 1975 847 2037 utilis
871 1976 977 2055 armis,

179 2063 336 2145 Advocor,
357 2073 389 2126 et
411 2081 532 2143 gressus
554 2067 585 2124 in
609 2080 683 2125 nova
706 2073 802 2125 castra
825 2064 906 2124 iero.

69 2163 121 2214 175
135 2152 196 2213 Nec
219 2154 300 2232 piget
322 2154 455 2231 incepti.
495 2154 576 2214 iurat
597 2152 654 2212 hac
677 2169 795 2231 quoque
818 2160 902 2232 parte
925 2155 1053 2235 morari,

179 2238 242 2302 Hoc
265 2241 356 2302 sciam
379 2258 418 2301 ne
441 2257 473 2301 se
495 2258 584 2319 posse
606 2239 739 2300 Minerva
761 2248 862 2319 putet.

135 2327 244 2409 Disce,
267 2328 440 2390 Latinorum
462 2337 544 2389 vates
566 2345 692 2407 operose
716 2327 850 2410 dierum,

180 2416 264 2488 Quod
288 2418 388 2497 petis,
410 2425 441 2478 et
463 2419 588 2478 memori
611 2424 732 2494 pectore
756 2414 833 2477 dicta
856 2422 943 2477 nota.

134 2504 228 2565 Parva
250 2505 308 2567 iuit
320 2550 330 2585 ,
353 2506 378 2566 si
400 2506 496 2583 prima
518 2504 591 2565 veiis
614 2502 760 2565 clementa
783 2506 916 2584 referre,

70 2604 122 2655 100
180 2591 294 2654 Roma:
326 2593 378 2655 sed
401 2595 432 2654 in
455 2610 544 2672 parva
567 2608 636 2671 spes
658 2601 757 2653 tamen
780 2593 870 2655 huius
893 2603 973 2654 erat.

135 2680 251 2742 Moenia
273 2683 331 2742 iam
354 2680 493 2761 stabant,
516 2680 633 2762 populis
656 2690 780 2760 angusta
803 2683 929 2763 futuris,

180 2768 297 2831 Credita
321 2770 373 2832 sed
397 2769 501 2831 turbae
526 2778 597 2830 tunc
620 2770 709 2830 nimis
732 2769 827 2852 ampla
850 2787 937 2832 snae.

135 2858 217 2929 Quae
240 2859 331 2920 inerit
353 2859 471 2938 nostri,
494 2861 519 2919 si
543 2860 685 2938 quaeris,
708 2862 788 2939 regia
811 2862 890 2939 nati,

179 2949 286 3025 Aspice
309 2947 346 3009 de
369 2964 462 3008 canna
486 2945 739 3025 straminibusque
761 2946 899 3008 domum.

71 3045 121 3096 105
135 3033 169 3094 iu
192 3033 300 3113 stipula
322 3033 429 3113 placidi
452 3033 592 3113 carpebat
614 3051 738 3095 munera
761 3036 874 3112 somni,

181 3119 218 3182 Et
241 3130 339 3182 tamen
362 3139 397 3182 ex
420 3119 471 3181 ilio
494 3123 628 3182 venitin
651 3129 730 3180 astra
752 3132 836 3181 toro,

137 3208 257 3288 iamque
279 3207 345 3269 loco
367 3210 462 3268 muns
485 3225 593 3268 nomen
617 3207 768 3268 Romanus
790 3206 933 3288 habebat,

180 3295 241 3357 Nec
264 3298 392 3358 coniunx
416 3294 482 3376 iili,
503 3313 559 3357 nec
582 3312 670 3356 socer
691 3294 770 3356 ullus
793 3306 873 3357 erat.

137 3383 324 3467 Spernebant
346 3401 473 3464 generos
495 3385 601 3464 inopes
624 3384 731 3446 vicinia
753 3384 853 3465 dives,

70 3487 121 3540 100
180 3473 218 3536 Et
240 3472 316 3535 maie
338 3472 482 3536 credebar
504 3474 657 3552 sanguinis
679 3479 783 3535 auctor
806 3491 878 3552 ego.

136 3562 168 3625 in
192 3560 316 3626 stabulis
339 3560 487 3625 habitasse
509 3572 541 3624 et
564 3579 634 3624 oves
656 3562 771 3642 pavisse
795 3560 938 3641 nocebat,
