2467 4042
190 184 253 256 156
596 193 646 246 EX
663 192 783 244 PONTO

321 354 441 435 Credit,
463 361 493 416 et
515 356 579 435 ipsa
602 372 687 417 suam
709 357 808 419 nescia
831 358 903 418 vitat
926 376 1043 437 opem.

276 441 409 505 Membra
431 443 627 505 reformidant
653 443 771 505 mollem
798 462 920 525 qnoque
947 451 1058 509 saucia
1086 459 1207 513 mium:

321 531 460 611 Vanaque
483 530 617 593 sollicitis
640 534 748 593 incutit
770 531 875 593 umbra
898 541 1037 597 metum.

233 632 266 683 lc
280 619 330 682 Sic
353 637 407 699 ego
431 619 567 680 fortunae
591 620 658 681 telis
680 621 815 683 condxus
837 623 951 700 iniquis
1173 640 1207 690 (se)

321 706 446 769 Pectore
469 710 604 787 concipio
628 707 671 769 nii
692 711 751 770 nisi
772 711 859 772 triste
883 727 968 773 meo.

278 796 338 858 iam
361 795 433 858 mibi
456 795 515 858 ieta
537 796 632 875 liquet
654 804 777 877 coeptos
799 801 948 859 servantia
971 818 1093 864 cursus

323 884 382 945 Per
404 882 461 946 sibi
484 892 642 946 consuetas
664 903 782 965 semper
804 888 884 947 itura
906 888 989 948 vias:

278 971 443 1034 Observare
466 971 560 1049 deos,
582 973 694 1051 nequid
717 973 790 1035 mibi
812 973 898 1036 cedat
921 976 1039 1038 amice:

230 1073 264 1122 20
323 1059 477 1141 Verbaque
500 1059 650 1124 Fortunae
673 1064 721 1122 vix
742 1070 815 1143 puto
838 1079 927 1141 posse
951 1062 1036 1124 dari.

278 1148 332 1210 Est
354 1148 397 1210 iiii
419 1166 509 1212 curae
532 1166 579 1210 me
601 1148 750 1230 perdere.
792 1168 927 1229 quaeque
952 1151 1078 1215 solebat

321 1235 396 1298 Esse
419 1236 515 1318 levis,
538 1247 677 1299 constans
700 1247 731 1299 et
752 1236 829 1299 bene
852 1247 934 1300 certa
956 1249 1075 1301 nocet.

278 1324 372 1386 Crede
395 1325 490 1408 mibi,
514 1328 540 1387 si
563 1344 630 1389 sum
652 1329 716 1386 veri
738 1325 793 1387 tibi
816 1329 953 1407 cognitus
976 1330 1064 1409 oris,

321 1412 384 1475 Nec
406 1413 512 1493 planus
534 1416 566 1475 in
588 1416 700 1475 nostris
723 1414 840 1475 casibus
863 1432 929 1476 esse
953 1424 1069 1496 puter,

231 1514 264 1563 aa
279 1501 439 1581 Cinyphiae
462 1506 571 1581 segetis
594 1504 684 1564 citius
705 1502 876 1564 numerabis
899 1505 1026 1583 aristas,

321 1590 446 1670 Altaque
469 1608 558 1668 quarn
580 1590 683 1652 nrultls
704 1591 810 1652 floreat
831 1588 924 1671 Hybla
946 1590 1083 1671 thymis:

278 1677 318 1739 Et
340 1686 413 1758 qarot
435 1695 504 1741 eves
526 1681 615 1740 motis
639 1680 773 1740 nitantur
795 1681 825 1739 in
850 1684 917 1739 aare
941 1681 1074 1762 pennis,

324 1766 463 1846 Quotque
486 1775 590 1829 natent
611 1769 710 1847 pisces
732 1785 883 1846 aequore,
907 1775 1009 1828 certus
1033 1772 1122 1851 eris,

279 1853 373 1926 Quam
396 1854 450 1916 tibi
472 1864 645 1917 nostrorum
667 1863 814 1917 statuatur
838 1873 952 1916 summa
974 1854 1143 1941 laborum,

230 1955 265 2005 30
324 1943 406 2014 Quos
429 1961 484 2025 ego
508 1961 574 2005 sum
597 1952 700 2026 terra,
724 1962 799 2024 quos
822 1962 877 2023 ego
899 1961 1005 2023 passus
1030 1962 1135 2026 aqua.

279 2031 364 2093 Nulla
387 2031 469 2092 Getis
491 2040 555 2093 toto
578 2049 652 2110 gens
675 2040 723 2093 est
744 2031 942 2093 truculentior
965 2029 1060 2096 orbe:

324 2118 382 2180 Sed
401 2129 500 2182 tamen
523 2120 553 2182 bi
577 2122 688 2181 nostris
710 2122 883 2199 ingemuere
906 2119 1007 2181 malis.

280 2208 362 2280 Quae
385 2208 440 2270 tibi
463 2211 489 2269 si
512 2210 637 2270 memori
660 2226 751 2270 coner
773 2207 961 2288 perscribere
984 2226 1103 2292 versu,

323 2296 391 2359 llias
413 2305 460 2359 est
482 2298 535 2359 tati
557 2296 644 2376 longa
667 2298 767 2359 futura
789 2300 865 2358 mei.

231 2397 265 2448 35
279 2384 344 2447 Non
367 2387 458 2465 igitur
480 2403 586 2447 vereor
598 2431 607 2466 ,
628 2387 695 2465 quia
718 2393 748 2446 te
771 2403 839 2446 rear
862 2403 928 2446 esse
950 2385 1147 2470 verendum,

324 2472 416 2535 Cuius
439 2491 522 2535 amor
544 2472 631 2535 nobis
653 2475 777 2554 pignora
802 2473 881 2534 mille
904 2472 1002 2534 dedit:

281 2561 339 2623 Sed
368 2563 437 2641 quia
464 2580 514 2623 res
542 2561 645 2622 timida
672 2570 718 2623 est
745 2563 841 2622 omnis
868 2565 980 2641 miser,
1010 2569 1043 2623 et
1073 2569 1152 2645 quia
1219 2625 1220 2628 ,

827 2650 985 2729 longeest

324 2738 470 2819 Tempore
494 2738 628 2800 laetitiae·
644 2740 731 2799 ianua
754 2737 854 2799 clausa
876 2755 975 2799 meae.

280 2826 341 2888 iam
363 2826 448 2888 dolor
469 2829 501 2888 in
524 2845 638 2887 morem
661 2828 742 2888 venit
764 2844 871 2888 meus.
912 2835 1003 2904 utque
1029 2828 1163 2894 caducis

231 2928 266 2978 40
324 2916 475 2977 Percussa
498 2914 605 2977 crebro
629 2933 697 2976 saxa
720 2923 861 2976 cavantur
884 2916 985 2995 aquis,

281 3003 331 3067 Sic
353 3022 408 3083 ego
432 3005 572 3066 continuo
596 3004 733 3065 fortunae
756 3004 897 3065 vulneror
919 3005 998 3082 ictu,

325 3092 438 3173 Vixque
461 3092 550 3155 babet
572 3094 604 3153 in
627 3091 714 3154 nobis
735 3095 794 3154 iam
817 3109 892 3153 nova
914 3090 998 3171 plaga
1021 3089 1151 3159 locum.

279 3181 341 3244 Nec
363 3184 457 3262 magis
479 3180 599 3243 assiduo
621 3199 723 3243 vomer
746 3188 886 3243 tenuatur
909 3180 945 3241 ab
968 3196 1046 3260 usu,

323 3270 386 3333 Nec
409 3273 502 3352 magis
525 3278 573 3331 est
594 3271 694 3330 curuis
716 3269 810 3349 Appia
832 3272 903 3330 trita
925 3268 1017 3347 rotis,

231 3370 265 3421 45
279 3360 404 3421 Pectora
427 3378 515 3440 quam
539 3375 604 3420 mea
627 3365 698 3419 sunt
721 3361 798 3419 serie
817 3365 934 3420 caecata
956 3355 1133 3425 malorum
1215 3419 1216 3424 ,

324 3448 362 3507 Et
384 3448 458 3507 nildl
480 3448 603 3527 inveni,
626 3446 704 3525 quod
728 3445 801 3508 mibi
824 3447 917 3507 ferret
939 3462 1046 3524 opem.

279 3533 402 3594 Artibus
425 3537 564 3612 ingenuis
588 3536 720 3612 quaesita
744 3544 790 3595 est
813 3533 905 3613 gloria
929 3531 1052 3595 multis:
