2467 4042
376 230 459 297 xin,
479 226 651 297 eso-xlv,
670 235 721 283 ss.
808 249 904 284 scau
987 231 1053 297 283

125 398 191 460 Nec
214 395 352 459 medeare
376 393 448 456 mibi
471 412 617 474 sanesque
641 394 714 455 haec
736 393 882 476 vulnera,
904 397 1028 478 mando,

125 488 263 565 Fineque
286 484 329 545 nil
352 501 427 563 opus
450 490 520 545 est:
542 491 657 564 partem
681 484 757 543 ierat
779 483 828 543 illa
851 482 957 545 caloris
968 480 987 544 .’

72 586 111 638 25
126 575 165 636 nt
190 574 277 635 Circe
300 604 344 617 -
367 588 466 650 neque
490 573 570 632 enim
592 570 718 631 dammis
740 570 830 632 babet
852 573 950 651 aptius
973 572 1032 634 ulla

116 662 250 723 'Talibus
272 662 448 741 ingenium,
471 678 525 721 seu
548 677 637 720 causa
659 668 707 719 est
727 658 817 720 huius
839 661 871 720 in
893 662 975 742 ipsa,

126 751 190 812 Seu
213 749 314 811 Venus
337 747 448 810 indicio
471 749 542 808 lacit
564 747 622 808 boc
644 749 756 808 offensa
778 756 902 828 paterno
926 780 969 794 --

124 839 210 900 Talia
233 836 323 898 rerba
346 837 461 898 relert:
485 831 603 896 ‘melius
627 853 787 915 sequerere
810 836 959 897 volentem

125 927 349 1007 optantemque
372 924 475 986 eadem
487 972 498 1007 ‚
520 924 666 1005 parilique
689 923 828 1003 cupidine
851 933 983 1004 captam.

71 1028 111 1078 so
126 1015 244 1095 Dignus
267 1031 334 1075 eras
357 1012 459 1094 ultro,
481 1022 601 1092 poteras
625 1020 766 1091 certeque
778 1059 788 1094 ‚
811 1016 927 1092 rogari3

125 1103 190 1184 Et,
214 1105 241 1164 si
263 1120 347 1183 spem
370 1100 512 1183 dederis,
535 1101 608 1161 milri
631 1100 743 1182 crede,
764 1100 917 1180 rogaberis
939 1101 1036 1164 ultro.

126 1192 196 1254 Neu
221 1189 340 1269 dubItes
363 1188 499 1268 absitque
521 1197 590 1250 tuae
613 1189 719 1250 fiducia
743 1188 873 1250 formae:

126 1279 177 1341 En
200 1298 280 1361 ego,
302 1296 370 1339 cum
394 1277 449 1338 dea
471 1279 550 1359 sim,
571 1277 658 1338 nitidi
681 1295 750 1338 cum
772 1278 830 1337 iilia
854 1277 950 1360 Solis,

127 1368 269 1429 Carmine
283 1384 352 1427 cum
365 1374 481 1427 tantum
493 1413 503 1448 ‚
520 1373 637 1427 tantum
651 1383 769 1445 quoque
783 1368 914 1444 gramine
928 1370 1055 1449 possim,

77 1467 113 1518 et
127 1456 171 1518 Ut
191 1464 244 1517 tna
267 1457 347 1537 sim,
368 1472 482 1515 voveo.
510 1462 702 1534 spernentem
725 1472 855 1535 sperne,
878 1459 1015 1532 sequenti

128 1544 232 1605 Redde
255 1545 358 1624 vices,
380 1560 501 1621 unoque
524 1541 597 1604 duas
620 1542 766 1604 ulciscere
789 1537 896 1602 lacto?

129 1632 214 1693 Talia
235 1632 394 1711 temptanti
417 1626 525 1711 ‘prius’
547 1632 646 1710 inquit
669 1626 712 1690 ‘in
734 1648 863 1709 aequore
887 1627 1020 1693 frondes'

129 1721 261 1781 Glaucus
285 1714 327 1780 ‘et
348 1722 380 1780 in
404 1721 527 1780 summis
551 1727 712 1780 nascentur
735 1717 886 1780 montibus
909 1719 1008 1801 algae,

130 1809 250 1889 Sospite
274 1826 363 1887 quam
386 1806 483 1886 Scylla
505 1809 601 1867 nostri
623 1814 777 1868 mutentur
800 1825 916 1868 amores
926 1803 945 1868 .’

80 1909 117 1961 40
130 1896 286 1977 Indignata
308 1895 363 1957 dea
386 1904 454 1956 est:
477 1903 508 1956 et
529 1894 647 1956 laedere
671 1904 816 1974 quatenus
838 1898 937 1975 ipsum

130 1986 198 2046 Non
220 1991 360 2065 poterat,
383 2000 440 2043 nec
462 1982 551 2044 vellet
573 2001 697 2065 amans,
719 1985 858 2045 irascitur
881 1984 941 2064 illi,

131 2074 215 2145 Quae
239 2071 296 2132 sibi
319 2071 449 2152 praelata
471 2078 540 2134 est:
562 2069 745 2150 Venerisque
769 2074 881 2132 ollensa
903 2072 1040 2154 repulsa,

129 2162 273 2223 Protinus
296 2159 455 2221 horrendis
477 2160 597 2220 infamia
620 2160 727 2240 pabula
751 2164 830 2221 sucis

131 2250 268 2312 Conterit
290 2256 321 2310 et
342 2250 422 2310 tritis
445 2247 584 2309 Hecateia
608 2251 738 2309 earmina
760 2251 899 2331 miscetg

82 2349 118 2400 is
132 2338 319 2417 caerulaque
341 2336 476 2398 induitur
498 2336 665 2418 velamina,
687 2355 800 2416 perque
824 2338 956 2399 serarum

131 2429 246 2507 Agmen
268 2425 439 2487 adulantum
461 2424 558 2486 media
579 2425 716 2505 procedit
738 2425 774 2485 ab
798 2424 880 2506 aula,

132 2514 370 2596 Oppositumque
393 2520 499 2594 petens
523 2523 627 2575 contra
650 2511 784 2575 Zancleia
807 2531 876 2573 saxa

132 2603 292 2684 Rhegion,
314 2601 482 2681 ingreditur
506 2601 657 2663 ferventes
680 2600 811 2662 aestibus
834 2601 949 2685 undas,

132 2692 166 2753 ln
190 2689 300 2770 quibus
322 2697 357 2751 ut
380 2689 472 2750 solida
493 2691 579 2770 ponit
599 2692 725 2769 vestigia
747 2697 846 2770 terra,

85 2789 120 2841 to
133 2779 315 2858 Summaque
339 2778 472 2840 decurrit
493 2777 620 2858 pedibus
643 2796 734 2858 snper
757 2796 886 2857 aequora
909 2780 1013 2841 siccis.

132 2869 247 2928 Parmrs
271 2874 335 2928 erat
357 2884 489 2947 gurges,
512 2884 620 2928 curvos
643 2869 778 2928 sinuatus
801 2870 833 2928 in
856 2884 961 2948 arcus,

134 2957 223 3017 Grata
247 2958 332 3035 quies
356 2954 492 3034 Scyllae:
515 2972 574 3033 quo
598 2972 631 3016 se
654 2955 803 3016 referebat
826 2953 862 3015 ab
886 2964 970 3015 aestu

133 3043 171 3104 Et
193 3046 286 3104 maris
309 3050 340 3104 et
363 3043 458 3123 caeli,
481 3042 580 3104 medio
604 3061 673 3105 oum
695 3044 843 3122 plurimus
866 3044 938 3104 orbe

135 3132 185 3192 Sol
208 3141 274 3192 erat
296 3139 327 3192 et
349 3132 486 3192 minimas
505 3149 521 3191 a
543 3133 655 3192 vertice
679 3133 792 3193 lecerat
814 3130 952 3192 umbras.

87 3219 220 3281 billunc
244 3218 298 3280 dea
321 3221 498 3301 praevitiat,
520 3220 776 3299 portentificisque
800 3221 922 3279 venenis

134 3307 295 3389 inquinat:
317 3308 367 3369 bic
390 3308 473 3369 lusos
495 3306 721 3369 laticesradice
744 3308 864 3368 nocenti

135 3395 254 3475 Spargit
266 3444 276 3477 ,
298 3405 330 3458 et
353 3395 514 3457 obscurum
537 3396 697 3457 verborum
720 3395 841 3474 ambage
865 3413 1009 3458 novorum

134 3482 194 3545 'ler
217 3485 340 3545 noviens
364 3501 483 3546 carmen
507 3487 621 3564 magico
645 3484 849 3567 demurmurat
872 3503 942 3547 ore.

135 3570 232 3655 Scylla
254 3574 358 3636 venit:
379 3571 535 3652 mediaque
557 3581 646 3634 tenus
669 3572 863 3634 descenderat
886 3573 967 3655 alvo,
