2467 4042
52 449 100 503 ecrit
113 447 211 504 Ovidius
227 450 304 522 ipse,
323 448 495 523 qui„siquid
511 450 594 511 codd.
614 452 808 522 tribuendum,
828 451 930 508 eodem
948 469 1034 508 versu

53 531 124 586 latinae
138 539 161 587 et
174 550 285 605 meras
297 534 443 590 nominum
455 537 558 590 formas
571 552 659 608 saepe
671 538 822 592 coniunxlt.
845 533 935 591 Simul
951 537 1032 607 Igitur

54 617 77 669 ab
88 615 167 673 Ouidio
181 618 369 675 abiudicsntur
389 619 507 692 epistola
523 619 604 691 XVI,
624 622 669 676 cui
688 622 775 677 altera
791 621 881 674 XVIII
898 619 1032 684 doctriua,

55 702 250 766 mederatione
267 703 408 758 simillima
425 710 481 772 est,
496 705 578 759 slmul
595 720 612 759 a
630 705 726 760 Macro
745 706 806 773 illo,
822 708 868 775 qui
880 703 943 758 Am.
955 704 980 758 II
993 707 1034 773 18,

56 785 220 841 llunumnou
237 787 389 859 scrIpsisse
408 788 544 843 Helenam
564 793 592 843 et
605 789 787 844 LaodamIem
808 789 916 846 dicitur.
949 787 1034 858 Atqui

56 864 118 922 Ovidii
129 871 237 939 prolecto
252 887 311 925 non
329 878 408 927 sunt:
427 872 463 928 de
478 874 564 932 altero
579 888 625 927 res
637 888 707 928 sane
718 873 834 928 Incerta.
856 870 930 927 Nihil
942 876 1034 942 potest

55 948 169 1022 adfirmari,
185 954 233 1009 nisi
250 962 277 1011 et
293 961 443 1026 utramque
457 955 532 1012 illam
549 962 577 1012 et
594 957 742 1028 epistolam
752 956 813 1011 XIII
824 956 940 1028 egregle
956 972 1032 1010 com·

53 1034 142 1104 posius,
155 1040 261 1110 scriptas
281 1040 436 1112 purissime
455 1046 482 1095 et
501 1039 657 1096 abeodem
675 1047 760 1112 poeta
780 1041 882 1098 videri.
910 1039 973 1095 Non
991 1046 1034 1095 est

53 1113 162 1174 buiusloei
175 1120 241 1178 haec
252 1124 426 1183 edisserere.
448 1123 522 1181 Satis
539 1130 589 1191 est,
607 1125 632 1179 si
650 1125 785 1182 excusavi
795 1124 873 1196 quod
883 1126 918 1179 ab
930 1125 1034 1196 aIIquol

53 1201 236 1262 vidaduirabilis
248 1207 491 1265 emendationibus
504 1207 707 1265 discessionem
719 1209 781 1264 leci.

110 1286 183 1356 targa
198 1291 360 1365 disputandi
377 1293 508 1349 materies
526 1300 626 1365 perata
643 1299 686 1349 est
696 1293 724 1347 in
736 1292 939 1365 orthographia
949 1291 1033 1349 hqus

53 1374 124 1439 poche
136 1373 167 1428 ed
182 1392 243 1431 suas
261 1378 345 1450 leges
361 1378 534 1434 revocanda.
557 1377 604 1433 Ad
616 1394 679 1432 eam
691 1378 884 1449 quaesIIonem
896 1393 959 1431 cum
971 1377 1032 1432 libri

54 1455 263 1531 succenserent,
282 1477 405 1533 quorum
421 1463 502 1517 latius
519 1467 616 1533 pateat
632 1477 718 1531 usus,
737 1478 792 1533 qoo
813 1478 848 1517 ea
864 1461 967 1516 rectius
986 1478 1033 1516 eo·

54 1547 190 1612 nemin,
204 1545 413 1601 subsistendum
426 1547 523 1617 putavi
535 1546 606 1601 Intra
621 1548 716 1617 poulo,
728 1562 811 1618 quam
824 1545 942 1617 procedi
951 1551 1032 1618 pote-

53 1626 88 1675 nt
102 1622 156 1680 Nan
165 1629 290 1700 quicquid
301 1647 321 1685 a
333 1631 445 1702 vulgari
458 1636 485 1686 et
495 1636 630 1685 consueto
643 1631 704 1686 aliis
715 1646 769 1686 usu
781 1630 812 1685 in
823 1629 878 1685 hoe
889 1629 1033 1685 volumine

54 1700 147 1779 tbcedit,
160 1711 185 1766 id
199 1718 284 1768 telum
299 1732 317 1770 e
330 1713 415 1770 codd.
428 1714 475 1769 PR
486 1714 683 1788 depromptum
697 1715 756 1770 erit
776 1714 844 1769 nihil
857 1713 969 1768 aliunde
981 1714 1032 1769 ad·-

53 1785 122 1845 itdnn
130 1802 312 1868 praeterquam
326 1815 363 1853 ex
375 1798 397 1853 G
410 1799 463 1854 trie
481 1804 529 1854 aut
546 1804 691 1871 quattuor,
710 1814 783 1869 quae
802 1814 868 1852 mox
885 1813 933 1868 pp.
950 1813 988 1851 xrr
1005 1803 1033 1852 et

32 1882 33 1885 ’
54 1883 84 1925 uu
96 1872 155 1947 leges
169 1887 193 1934 et
208 1881 270 1937 VIII
289 1886 328 1943 79
347 1888 413 1939 tum.
442 1882 543 1954 Neque
564 1899 636 1939 vero
661 1899 735 1954 quae
755 1899 791 1937 ex
814 1881 897 1936 codd.
915 1879 960 1937 SG
975 1888 1032 1954 petr

55 1962 142 2022 peren
156 1966 214 2020 tanti
229 1973 325 2035 erant,
341 1967 441 2038 quibus
460 1974 507 2022 out
526 1972 695 2039 conspectus
713 1966 759 2021 ille
777 1965 923 2020 facillimus
942 1971 969 2019 et
981 1970 1030 2020 utr-

55 2036 136 2098 Iissssisstts
152 2050 301 2106 lubarelur
320 2056 349 2105 et
366 2051 564 2123 impediretur,
588 2057 637 2106 aut
658 2050 805 2122 inquibus
827 2050 944 2122 siugulis
965 2065 1018 2105 eno

54 2122 302 2190 hebrudunum
319 2136 383 2190 loeo
399 2152 487 2208 opera
502 2141 665 2207 poneretur.
698 2136 729 2190 ln
747 2133 947 2206 orthographia
968 2135 1031 2205 plus

54 2219 109 2273 illm
121 2219 296 2286 expectaveris
314 2218 381 2275 inde
399 2236 416 2275 a
433 2237 508 2276 saec.
520 2219 546 2274 X
558 2225 678 2275 exeunte
689 2220 794 2274 librarii
804 2220 856 2275 sibi
867 2218 1033 2291 permisisse

54 2288 149 2352 videnlur.
176 2299 268 2358 Codex
287 2301 326 2373 S,
349 2304 397 2374 qui
413 2306 497 2376 longe
515 2320 598 2375 quam
617 2304 791 2359 Gvetuslior
811 2309 854 2359 est
873 2307 901 2357 et
916 2304 945 2357 iu
963 2303 1046 2375 ipsis.

54 2374 151 2447 wintune
159 2386 235 2455 plane
246 2388 381 2459 gemmus
392 2389 422 2457 P,
433 2390 592 2444 barbariem
602 2389 707 2458 uquue
720 2388 800 2458 quasi
811 2388 944 2442 librorum
956 2403 1032 2442 saec.

31 2480 32 2529 ἢ
53 2450 101 2514 ltu
112 2469 219 2525 oslendIt
241 2472 340 2527 scribit
357 2488 420 2527 cum
438 2473 459 2526 P
476 2472 579 2529 obtabis
588 2473 716 2528 nubsisti:
732 2472 808 2542 quod
823 2488 859 2527 ex
876 2470 1030 2542 archetypo

31 2548 32 2587 ἶ
55 2553 278 2611 eonsentientes
296 2573 315 2611 a
330 2556 351 2610 P
370 2558 543 2628 neglectum,
566 2556 636 2611 nihil
655 2555 741 2613 video
760 2562 872 2627 praeter
889 2556 1031 2624 ineundus,

31 2646 32 2685 ἐ
54 2624 146 2700 Μ,
157 2641 278 2712 quiquid
291 2645 321 2696 et
333 2641 472 2711 quaedam
486 2641 660 2712 composita,
671 2641 848 2712 coeperim,
862 2640 977 2711 inpedit,
989 2641 1030 2694 in-

31 2708 33 2765 f
50 2722 109 2777 W.
120 2717 309 2795 burdgenses.
334 2723 404 2780 cod.
419 2725 442 2780 G
453 2727 586 2781 convenil
601 2725 630 2779 in
646 2725 808 2780 melioribus
820 2726 912 2778 multis
924 2740 988 2777 cum
1000 2724 1029 2793 P,

31 2796 32 2809 ¹
53 2804 99 2858 llll
109 2797 165 2857 Intra
174 2807 393 2878 adnotabuntur,
409 2810 531 2865 barbaro
548 2807 634 2864 habet
649 2815 763 2880 praeter
779 2808 864 2864 nichil
879 2807 963 2862 michi
974 2809 1030 2862 trin-

31 2946 32 2951 ,
51 2886 177 2959 meula,
190 2893 253 2962 quin
270 2895 302 2948 in
320 2891 366 2947 PR
384 2894 466 2949 etism
484 2900 647 2959 oecurron13
661 2895 740 2964 pontt
757 2898 849 2947 tamen
865 2893 1030 2963 plerumque

31 3040 32 3047 ἵ
54 2958 180 3037 baerna,
194 2975 315 3049 Iupiter,
333 2978 438 3048 retulit,
456 2979 551 3047 litera,
568 2979 672 3042 littere,
692 2978 743 3046 dii,
757 2978 908 3048 premier,
926 2978 1029 3034 sumus.

31 3056 33 3081 ÷
54 3054 181 3111 II'imulerit
194 3061 307 3129 nmilia,
324 3069 467 3133 tanquam,
485 3079 616 3133 unquam.
642 3061 799 3131 anIIquiora
818 3076 854 3114 ex
873 3060 1027 3132 archetype

56 3131 186 3195 retulisse
196 3144 339 3217 pbrupiis,
355 3144 462 3218 pbrupi
473 3163 502 3217 p.
521 3145 579 3203 hui,
598 3145 653 3202 vol.
670 3149 720 3214 84,
737 3148 788 3212 87,
804 3145 947 3217 ἀίερανρο,
966 3144 1028 3199 sub

56 3210 141 3286 We·
158 3229 312 3295 comtensc,
329 3230 449 3300 subpleco
465 3230 575 3300 aliique
593 3246 707 3302 eompp.
725 3229 807 3283 certis
827 3229 894 3283 locis
912 3227 1028 3299 puriora

56 3301 136 3359 thum
143 3305 168 3361 P.
185 3310 236 3366 Pro
250 3321 333 3368 natus
344 3313 447 3383 ubique
463 3314 558 3369 scribit
567 3321 682 3386 peetus,
700 3313 777 3385 quod
790 3320 832 3391 est
848 3313 896 3368 ubi
910 3329 946 3367 ne
959 3328 1021 3382 qua·

57 3370 93 3433 Μ
108 3387 211 3463 quidem,
233 3395 285 3452 XII
303 3398 404 3458 18721’
425 3415 588 3470 numquam.
627 3397 855 3469 Praepositiones
873 3413 936 3452 cum
955 3396 1026 3450 casi-

99 3469 140 3526 sue
154 3476 205 3534 lere
220 3481 337 3552 ubique,
353 3482 430 3552 quod
446 3482 483 3538 de
501 3483 565 3539 eod.
577 3484 674 3538 Petav.
687 3487 810 3537 notatum
821 3482 910 3550 prael.
921 3481 979 3536 vol.
992 3480 1025 3534 Ill

57 3552 180 3614 I·I¹1=uihil
196 3561 355 3620 huiusmodi
373 3567 553 3624 observatum
572 3567 600 3621 in
618 3564 679 3635 PR,
700 3566 753 3620 nisi
770 3562 847 3637 quod
862 3566 899 3618 im
917 3577 972 3628 me,
989 3565 1027 3618 im
