2467 4042
421 246 449 321 1,
472 244 506 318 a,
523 243 667 346 cl-c,
689 245 740 307 ai.

183 396 326 458 oblicum
341 397 442 473 capiat
458 395 685 473 semiadaperta
699 398 789 459 latus.

106 483 268 558 saongus
285 496 372 541 amor
385 482 464 541 tales
481 496 595 556 corpus
613 483 750 543 tenuavit
764 483 794 543 in
811 500 900 559 usus,

180 568 330 641 Aptaque
345 564 498 625 subducto
514 580 646 640 corpore
659 565 794 627 membra
809 568 901 630 dedit.
950 612 958 628 .

138 650 194 711 llle
210 665 268 725 per
282 648 432 709 excubias
447 649 610 709 custodmn
626 650 733 710 leniter
748 650 791 711 ire

181 733 344 794 Monstrat.
374 731 545 793 inoll‘ensos
561 733 662 808 dirigit
677 736 726 795 ille
742 735 848 812 pedes.

136 819 180 879 At
195 817 353 893 quondam
368 822 490 878 noctem
505 817 729 894 simulacraque
745 830 825 879 vana
838 819 992 882 timebam.

98 913 131 966 m
187 899 341 976 Mirabar,
363 901 500 963 tenebris
515 902 657 977 quisquis
672 903 768 964 iturus
783 911 857 966 erat.

137 986 237 1060 Risit,
260 991 293 1046 ut
307 985 461 1060 audirem,
484 992 589 1045 tenera
603 1002 672 1047 cum
686 995 781 1048 matre
797 987 914 1064 Cupido

182 1071 224 1130 Et
238 1069 348 1129 leviter
362 1069 434 1129 ‘fies
448 1077 481 1130 lu
498 1084 623 1146 quoque
638 1071 738 1133 lortis’
754 1072 805 1132 ait.

136 1155 204 1214 Nec
221 1168 322 1225 mora,
338 1153 425 1213 venit
438 1169 533 1214 amor.
564 1169 626 1214 non
643 1156 765 1216 umbras
781 1162 871 1216 noete
885 1157 1032 1232 volantis,

181 1238 252 1298 Non
268 1236 361 1297 timec
377 1237 498 1298 strictas
513 1238 544 1299 in
559 1254 629 1301 mea
644 1240 706 1300 lata
719 1257 842 1319 luanus.

95 1332 128 1385 15
138 1324 182 1384 Te
198 1320 326 1382 nimium
340 1322 456 1382 lentum
471 1323 574 1383 timeo.
603 1322 656 1383 tibi
670 1324 813 1385 blandior
827 1327 893 1386 uni:

179 1406 242 1481 Tu,
263 1421 392 1481 meque
410 1407 515 1482 possis
530 1407 677 1483 perdere,
697 1409 810 1470 fulmen
825 1409 933 1471 babes.

136 1490 300 1566 Aspice..
315 1497 359 1562 et,
384 1498 417 1551 ut
432 1490 553 1564 videas,
574 1492 690 1552 inmitia
705 1494 836 1554 claustra
851 1494 986 1555 relaxa...

179 1574 254 1637 Uda
268 1575 309 1635 slt
324 1581 358 1635 ut
371 1575 505 1636 lacrimis
519 1575 611 1637 ianua
627 1577 706 1638 lacta
721 1578 807 1638 meis.

136 1658 230 1720 Certe
245 1674 319 1733 ego,
343 1674 412 1719 cum
428 1658 530 1736 posita
547 1667 646 1721 stares
663 1662 704 1721 ad
719 1662 847 1722 verbera
863 1669 963 1738 veste,

95 1753 130 1806 w
182 1743 238 1805 Ad
252 1742 409 1804 domnam
425 1759 479 1819 pro
495 1751 525 1805 te
541 1745 636 1806 verba
651 1752 798 1807 tremente
812 1747 875 1807 tuli.

134 1829 223 1903 Ergo
238 1843 319 1902 quae
334 1827 429 1888 ualuit
443 1844 499 1903 pro
515 1834 544 1887 te
558 1844 685 1906 quoque
701 1831 798 1905 gratia
814 1832 983 1907 quondam,

180 1912 253 1971 Heu
270 1910 405 1971 lacinus!
430 1928 486 1988 pro
502 1928 551 1972 me
566 1929 647 1973 nunc
662 1915 743 1975 valet
757 1915 808 1975 illa
823 1923 953 1991 parum?

134 1995 249 2057 Redde
262 1996 362 2056 viceni
376 1995 501 2056 meritis.
531 2003 618 2071 grato
634 1998 705 2058 licet
718 2012 800 2059 csse.
830 1998 919 2074 Quod
938 2006 1047 2077 optest

177 2081 334 2156 Tempora
350 2080 452 2141 noetis
465 2087 547 2141 eunt.
578 2088 688 2144 excute
702 2089 792 2158 poste
807 2091 926 2144 seram!
951 2108 987 2126 κ

91 2174 126 2227 ²5
138 2164 276 2224 Excute!
297 2163 344 2224 sie
359 2181 506 2239 umquam
521 2167 614 2241 longa
628 2168 766 2227 relevere
781 2173 904 2241 catena,

179 2247 244 2307 Nec
261 2247 314 2308 tibi
330 2254 479 2324 perpetuo
496 2265 588 2310 serva
605 2249 725 2312 bibatur
739 2259 835 2327 aqua!

134 2333 270 2393 Ferreus
287 2339 425 2393 orantem
440 2333 641 2410 nequiquam,
665 2334 790 2407 ianitor,
813 2336 913 2396 audis.

179 2414 358 2477 Roboribus
374 2416 458 2477 danis
476 2418 567 2478 ianua
581 2419 656 2479 tutta
670 2420 756 2493 riget.

138 2498 274 2561 Urbibus
289 2498 432 2561 obsessis
448 2503 574 2563 clausae
589 2503 756 2564 munmnina
773 2510 880 2579 portae

89 2593 127 2647 so
180 2583 324 2646 Prosunt.
353 2583 384 2643 in
400 2586 500 2646 media
517 2602 593 2662 pace
608 2587 683 2662 quid
698 2599 782 2647 arma
797 2587 911 2647 times?

134 2667 218 2743 Quid
234 2668 332 2728 iacies
347 2667 443 2741 hosti,
466 2671 518 2744 qui
533 2669 579 2730 sic
594 2672 735 2732 excludis
750 2670 926 2732 amantem?

179 2752 332 2828 Tempora
346 2752 446 2813 necas
462 2759 542 2815 eunt
576 2762 687 2816 excute
703 2762 794 2831 poste
813 2762 929 2816 seram!
966 2756 995 2765 ²

133 2837 206 2897 Non
220 2852 278 2911 ego
294 2836 440 2898 militibus
456 2838 546 2899 venio
566 2840 726 2902 comitatus
744 2849 773 2903 et
787 2841 894 2901 armis:

181 2919 277 2981 Solus
291 2936 391 2996 eram,
413 2921 440 2982 si
454 2937 516 2982 nnn
533 2938 647 2985 saevas
660 2924 785 2986 adesset
803 2925 909 2985 Amor.

89 3015 124 3068 aa
136 3005 229 3066 Hanc
244 3020 318 3081 ego,
343 3005 371 3065 si
386 3005 522 3082 cupiam,
545 3022 699 3083 nusquam
714 3008 862 3068 dimittere
877 3023 1021 3089 pessumi

179 3089 259 3149 Ante
277 3090 325 3149 vel
340 3104 360 3149 a
374 3090 518 3151 membris
534 3090 656 3152 dividar
669 3094 737 3168 ipse
755 3094 842 3152 meis.

132 3173 218 3247 Ergo
234 3174 331 3233 Amor
346 3181 376 3235 et
390 3174 544 3235 modicum
559 3176 641 3236 circa
657 3192 725 3236 mea
739 3184 878 3253 tempora
897 3175 999 3237 riuum

178 3256 300 3319 Macron
314 3264 364 3318 est
379 3264 409 3319 et
426 3258 559 3320 madidis
574 3260 664 3336 lapsa
680 3275 795 3321 corona
814 3260 920 3321 cornis.

132 3342 233 3401 Arma
249 3340 318 3417 quis
333 3342 413 3403 haec
428 3340 552 3403 timeat?
573 3344 643 3419 quis
658 3360 718 3404 non
734 3352 784 3407 eat
799 3345 910 3406 obvius
924 3343 1004 3404 illisi

93 3432 126 3485 io
182 3422 333 3502 lencona
348 3426 448 3487 noctis
463 3435 545 3488 eunt.
575 3435 685 3490 excute
699 3434 787 3505 poste
804 3435 919 3490 seramt
1045 3436 1067 3449 “

133 3507 250 3569 Lentus
266 3526 317 3584 es,
338 3527 378 3571 an
394 3526 538 3585 somnus,
560 3512 611 3586 qui
631 3529 666 3572 se
680 3514 759 3574 male
774 3512 899 3590 praebet
914 3511 1038 3580 rimanti,
