2467 4042
371 255 417 310 IV.
436 266 497 307 xm
512 257 657 308 io-xrm
671 258 714 308 53.
984 250 1049 317 209

128 421 207 500 Ergo
230 438 285 501 ego
308 419 431 481 cessabo
455 412 616 498 numquam
639 437 694 499 per
716 420 846 480 carmina
869 416 965 499 laedi,

172 508 290 570 Plectar
313 516 344 570 et
366 511 485 569 incauto
509 525 628 587 semper
651 506 687 568 ab
711 504 855 587 ingenio?

128 596 207 676 Ergo
231 614 308 678 ego,
331 615 368 658 ne
392 595 542 677 scribam,
566 596 674 674 digitos
698 596 829 657 incidere
853 604 996 674 cunctor,

82 698 117 747 20
176 684 305 764 Telaque
329 685 425 747 adhuc
448 686 592 766 demens,
616 701 692 764 quae
715 701 845 747 nocuere
858 731 867 765 ‚
891 678 1029 762 sequor?

129 773 174 834 ld
197 780 314 835 veteres
337 773 476 854 scopulos
498 776 608 834 iterum
632 772 771 833 devertor
795 780 825 834 et
847 772 929 852 illas,

174 860 208 921 ln
232 859 341 940 quibus
363 861 487 923 offendit
509 861 652 940 naufraga
674 863 804 942 puppis,
828 856 946 940 aquas?

130 949 189 1011 Sed
213 949 287 1010 nihil
309 949 437 1012 admisi:
470 948 551 1011 nulla
574 958 621 1010 est
644 967 709 1010 mea
732 948 840 1032 culpa,
863 948 1013 1028 Tomitae,

175 1037 257 1110 Ortus
280 1056 357 1121 ego,
381 1057 449 1101 cum
472 1039 537 1099 loca
560 1040 616 1100 sim
639 1048 739 1099 vestra
761 1056 910 1119 perosus,
933 1054 1015 1098 amo.

81 1139 114 1188 25
132 1125 265 1200 Quilibet
286 1130 418 1190 excutiat
439 1128 537 1189 nostri
559 1130 740 1188 monimenta
762 1127 893 1189 laboris:

174 1213 287 1276 Littera
309 1217 346 1278 de
371 1216 453 1277 vobis
477 1225 522 1277 est
546 1233 610 1276 mea
635 1224 740 1295 questa
762 1216 852 1277 nihil.
943 1291 946 1296 Ι

130 1303 237 1380 Frigus
262 1312 293 1364 et
315 1306 456 1365 incursus
479 1306 559 1364 omni
582 1304 619 1364 de
643 1312 727 1384 parte
750 1305 897 1365 timendos

175 1389 214 1450 Et
237 1391 316 1469 quod
339 1392 476 1471 pulsetur
499 1410 603 1452 murus
628 1390 664 1450 ab
686 1391 772 1452 hoste
785 1439 794 1472 ‚
817 1409 946 1471 queror.

129 1477 166 1542 ln
187 1477 275 1557 loca,
298 1497 358 1539 non
381 1479 539 1558 homines,
562 1480 716 1539 verissima
738 1481 863 1540 crimina
885 1479 963 1540 dixi.

85 1579 120 1630 80
178 1564 311 1646 Culpatis
335 1575 467 1628 vestrum
490 1584 542 1626 vos
566 1584 685 1645 quoque
709 1584 796 1647 saepe
820 1566 932 1628 solum.

132 1653 220 1715 Esset
241 1662 387 1735 perpetuo
411 1673 465 1716 sua
488 1673 577 1734 quam
599 1653 728 1715 vitabilis
751 1655 862 1736 Ascre,
996 1667 1053 1718 (141)

176 1744 255 1804 lusa
279 1751 326 1805 est
348 1743 493 1824 agricolae
516 1742 600 1805 llusa
624 1743 731 1804 docere
755 1746 854 1826 senis,

133 1830 171 1892 Et
194 1832 293 1892 luerat
314 1834 432 1911 genitus
455 1840 558 1914 terra,
582 1834 636 1912 qui
659 1834 801 1914 scripsit,
822 1835 854 1894 in
877 1832 943 1894 illa:

176 1919 321 1982 intumuit
342 1923 402 1983 vati
424 1938 480 1983 neo
503 1930 601 1982 tamen
624 1921 717 1982 Ascra
740 1939 811 1983 suo.
912 1917 915 1922 ’

83 2021 118 2072 tt
134 2009 207 2082 Quis
230 2010 357 2090 patriam
380 2009 500 2071 sollerte
523 2012 617 2089 magis
641 2009 743 2070 dilexit
766 2007 875 2072 Ulixe?

176 2097 239 2158 Hoc
263 2106 362 2159 tamen
385 2101 529 2177 asperitas
551 2098 650 2159 indice
674 2106 743 2159 nota
765 2096 823 2159 loci
846 2106 909 2159 est.

132 2186 198 2248 Non
220 2186 303 2265 loca,
331 2186 383 2248 sed
407 2205 506 2248 mores
528 2188 650 2266 scriptis
674 2189 788 2248 vexavit
810 2188 917 2248 amaris

178 2274 320 2352 Scepsius
343 2276 513 2357 Ausonios,
536 2285 660 2354 actaque
685 2274 777 2335 lloma
799 2293 850 2336 rea
874 2283 936 2336 est:

133 2361 218 2423 Falsa
240 2371 339 2424 tamen
362 2382 449 2443 passa
473 2372 519 2425 est
541 2382 634 2442 aequa
657 2365 789 2424 convicia
812 2372 929 2446 mente,

83 2464 119 2513 4ο
165 2450 268 2513 Obluit
291 2453 406 2513 auctori
429 2470 484 2514 nec
507 2453 571 2513 iera
594 2451 694 2530 lingua
717 2469 789 2513 suo.

133 2540 171 2601 At
194 2539 288 2600 malus
310 2542 461 2620 interpres
483 2539 681 2621 populi‘mihi
704 2542 834 2602 concitat
856 2542 948 2621 iram,

177 2626 271 2705 Inque
294 2646 403 2690 novum
427 2631 541 2691 crimen
565 2631 696 2690 carmina
718 2638 820 2690 nostra
843 2637 943 2689 vocat.

133 2715 205 2777 Tam
228 2716 299 2778 lelix
322 2720 456 2799 utinam,
481 2736 569 2798 quam
591 2727 714 2798 pectore
737 2718 881 2778 candidus
904 2716 1018 2779 essem!

176 2804 266 2867 Extat
286 2806 389 2868 adhuc.
406 2825 494 2868 nemo
517 2808 637 2868 saucius
660 2824 712 2867 ore
735 2824 819 2868 meo.

84 2907 118 2957 lt
133 2894 238 2976 adde,
261 2896 340 2975 quod
364 2894 478 2976 illyrica
502 2898 528 2957 si
551 2898 610 2957 iam
632 2897 698 2975 pire
722 2895 837 2975 nigrior
860 2911 975 2976 essem,

178 2981 243 3043 Non
267 2984 428 3045 mordenda
452 2984 524 3045 mihi
548 2983 636 3046 turba
659 2984 754 3044 ildelis
778 2991 859 3044 erat.

133 3070 261 3131 Molliter
283 3089 300 3132 a
322 3073 406 3132 vobis
430 3090 494 3133 mea
517 3091 583 3133 sors
607 3081 752 3152 excepta,
775 3070 926 3151 Tomitae,

178 3157 251 3219 'lam
274 3161 361 3219 mites
384 3157 489 3220 Graios
511 3160 623 3220 indicat
645 3177 711 3219 esse
734 3161 830 3219 viros.

134 3245 213 3308 Gens
237 3264 301 3307 mea
324 3246 456 3326 Paeligni
477 3249 620 3326 regioque
644 3246 805 3307 domestica
829 3244 930 3307 Sulmo

84 3349 119 3397 tu
177 3334 243 3395 Non
265 3338 364 3414 potuit
386 3337 496 3397 nostris
519 3334 615 3395 lenior
639 3353 704 3396 esse
728 3334 828 3396 malis.

133 3422 229 3496 Quem
252 3426 299 3484 vix
322 3423 465 3485 incolumi
488 3426 626 3504 cuiquam
651 3423 789 3504 salvoque
813 3423 944 3506 daretis,

178 3512 206 3574 ls
230 3512 317 3574 datus
340 3532 357 3574 a
379 3513 462 3575 vobis
486 3522 532 3574 est
555 3513 628 3574 mihi
652 3530 748 3593 nuper
770 3512 882 3574 honor.

134 3602 221 3665 Solus
245 3602 341 3664 adhuc
365 3621 419 3682 ego
443 3621 511 3664 cum
534 3604 642 3664 vestris
665 3604 794 3664 inmunis
817 3604 848 3662 in
872 3603 951 3685 oris,
996 3612 1054 3663 (ιθ)

96 3712 177 3755 (ivm.
203 3714 248 3758 111.
862 3707 895 3757 14
