2467 4042
465 250 501 302 11.
521 212 669 302 aro-aaa.

152 411 234 476 ‘Este
257 412 384 494 procul,
406 413 496 473 vittae
519 420 648 492 munes,
670 413 786 490 insigne
809 410 951 492 pudoris,

154 504 294 582 Quaeque
317 503 394 581 tegis
416 500 530 561 medios
552 501 655 561 instita
677 500 763 579 ionga
786 499 895 579 pedesi

153 592 200 653 Nil
222 593 281 651 nisi
303 589 466 669 legitimum
490 605 690 668 concessaque
714 587 792 648 iurta
816 606 974 670 canemus,

87 692 138 742 250
153 681 246 758 inque
269 696 336 739 meo
358 676 472 738 nulium
496 678 627 737 carmine
653 678 767 737 crimen
789 677 866 737 erit’

153 767 268 848 Ecquid
291 765 327 826 ah
349 765 404 826 hac
428 781 531 825 omnes
553 763 649 843 rigide
672 766 885 827 summovimus
907 764 997 846 Arte,

154 857 235 928 Quas
257 853 332 916 stola
354 855 486 931 contingi
503 854 634 931 vittaque
659 862 775 931 sumpta
798 849 902 914 rotat?

155 940 203 1005 ‘dt
225 951 359 1005 matrona
380 948 480 1020 potest
502 939 606 1002 alienis
629 940 744 1001 artibus
766 943 829 1021 uti,

154 1031 298 1110 Quodque
322 1029 443 1109 trahat,
466 1030 599 1108 quamvis
622 1045 682 1089 non
705 1027 868 1110 doceatur,
890 1024 1000 1090 habet-⁹

87 1131 138 1182 2⁶5
152 1120 200 1181 Nil
222 1122 314 1198 igitur
336 1126 470 1179 matrona
493 1115 592 1197 legat,
615 1118 685 1195 quia
707 1120 838 1178 carmine
861 1115 897 1177 ab
920 1118 1002 1178 omni

152 1209 198 1270 nd
220 1205 452 1286 delinquendum
475 1204 591 1265 doctior
614 1222 680 1266 esse
704 1211 819 1283 potest.

155 1295 370 1373 Quodcumque
393 1294 545 1372 attigerit,
568 1294 654 1372 siqua
677 1301 724 1353 est
746 1292 877 1355 studiosa
901 1294 1033 1375 sinistri,

153 1383 199 1444 Ad
221 1384 325 1444 vitium
347 1399 446 1442 mores
468 1383 598 1442 instruet
620 1380 689 1441 inde
713 1398 800 1442 suos.

156 1470 324 1550 Sumpserit
346 1468 495 1549 Annales,
520 1500 559 1512 -
584 1468 659 1529 nihil
681 1476 728 1530 est
749 1468 894 1530 hirsutius
916 1468 974 1531 iilis
994 1503 1038 1513 -

88 1570 140 1621 260
154 1558 245 1620 Facta
266 1560 306 1618 sit
328 1557 407 1618 unde
429 1574 537 1636 parens
560 1555 634 1637 ilia,
657 1573 764 1636 nempe
786 1556 881 1635 leget.

155 1647 340 1726 sumpserit,
362 1645 531 1706 Aeneadum
554 1647 690 1723 genetrix
713 1644 765 1705 ubi
788 1647 899 1724 prima,
924 1647 1074 1727 requiret,

154 1734 324 1797 Aeneadum
346 1726 481 1813 genetrix
505 1733 584 1794 unde
607 1735 647 1795 sit
669 1732 744 1793 aima
767 1731 883 1794 Venus.

154 1823 336 1902 [Persequar
357 1822 483 1882 inferius
495 1867 504 1902 ,
527 1821 614 1881 modo
638 1823 664 1881 si
686 1821 757 1882 iicet
779 1821 882 1882 ordine
906 1822 996 1899 ferri,

155 1913 246 1973 Posse
268 1928 378 1971 nocere
401 1911 506 1970 animis
529 1911 669 1970 carminis
692 1927 778 1971 omne
802 1927 896 1989 genus
907 1908 928 1987 .]

88 2013 140 2063 tot
154 2000 219 2061 Non
242 2008 342 2060 tamen
363 1998 475 2059 idcirco
499 1999 612 2058 crimen
634 1996 710 2058 liber
733 2000 829 2059 omnis
852 1997 988 2060 habebit.

154 2089 201 2150 Nil
222 2087 366 2169 prodest,
390 2086 469 2165 quod
492 2103 552 2146 non
573 2085 692 2146 laedere
715 2088 808 2166 possit
831 2087 927 2148 idem.

154 2177 225 2257 Igne
248 2175 320 2255 quid
343 2170 476 2235 utilius?
512 2176 606 2253 siquis
629 2181 728 2235 tamen
752 2192 840 2235 urere
863 2184 941 2244 tecta

155 2265 313 2343 Comparat
324 2309 334 2343 ,
357 2261 483 2323 audaces
505 2264 629 2323 instruit
650 2265 718 2341 igne
742 2280 865 2323 manus.

155 2353 252 2432 Eripit
273 2351 445 2431 interdum,
468 2350 555 2411 modo
579 2349 629 2411 dat
653 2350 799 2412 medicina
821 2350 964 2432 salutem,

89 2441 297 2519 trutinaeque
314 2442 413 2518 iuvet,
436 2445 600 2519 monstrat,
623 2456 758 2518 quaeque
777 2441 816 2500 sit
833 2438 925 2500 herba
943 2457 1073 2501 nocens.

156 2528 193 2588 Et
215 2528 291 2588 latro
314 2534 345 2588 et
367 2534 472 2588 cautus
494 2529 697 2605 praecingitur
719 2544 790 2587 ense
813 2529 925 2609 viator3

156 2616 207 2677 iile
230 2615 281 2677 sed
304 2614 427 2677 insidias
439 2662 448 2694 ,
471 2614 520 2676 hic
543 2614 600 2675 sibi
622 2623 722 2695 portat
744 2632 847 2695 opem.
875 2625 881 2634 '

156 2706 286 2767 Discitur
308 2707 452 2765 innocuas
475 2712 510 2764 ut
530 2712 597 2782 agat
619 2703 756 2765 facundia
779 2721 901 2786 causas3

155 2795 288 2875 Protegit
309 2793 382 2854 haec
405 2800 528 2874 sontes,
551 2793 766 2872 inmeritosque
789 2794 915 2870 premit.

89 2895 140 2944 aas
156 2883 205 2943 Sic
226 2886 318 2961 igitur
341 2899 483 2960 carmen,
506 2888 587 2941 recta
611 2883 637 2940 si
660 2892 759 2962 mente
782 2881 915 2960 legatur,

157 2969 330 3047 Constabit,
352 2969 427 3030 nuiii
449 2987 536 3049 posse
555 2986 664 3029 nocere
687 2986 804 3030 meum.

156 3053 205 3117 ‘tt
227 3057 367 3134 quasdam
390 3058 461 3116 vitio
475 3052 494 3116 .'
518 3059 698 3135 quicumque
721 3057 778 3116 hoc
802 3056 953 3135 concipit,
977 3063 1075 3135 errat,

155 3144 193 3205 Et
215 3146 340 3204 nimium
364 3145 483 3221 scriptis
506 3152 624 3220 arrogat
645 3143 695 3203 iiie
718 3145 809 3203 meis.

156 3232 194 3292 Ut
216 3240 315 3292 tamen
333 3231 389 3292 hoc
412 3231 527 3311 fatear,
550 3230 612 3290 ludi
636 3248 754 3310 quoque
778 3231 891 3291 semina
913 3229 1058 3310 praebent

46 3379 48 3382 .
89 3333 141 3383 280
155 3321 333 3401 Nequitiae:
356 3317 418 3380 toili
442 3327 502 3381 tota
525 3318 640 3380 theatra
662 3318 750 3380 iube!

152 3408 300 3471 Peccandi
322 3425 441 3470 causam
464 3411 547 3469 mimi
569 3425 657 3486 quam
681 3425 769 3487 saepe
793 3403 958 3468 dederunt!

153 3499 257 3559 Martia
279 3515 334 3559 cur
357 3497 465 3559 durum
488 3498 595 3558 sternit
623 3496 733 3557 harena
755 3493 870 3556 solum!

153 3587 287 3649 Toilatur
309 3585 429 3649 circus!
457 3604 516 3647 non
539 3595 603 3647 tuta
625 3585 744 3647 licentia
767 3585 841 3646 circi
864 3590 928 3646 est:
