2467 4042
461 235 507 286 IV.
526 246 550 285 11
566 238 660 287 1-72.
1026 233 1070 299 65

147 396 243 476 Saepe
266 397 417 456 recusanti
440 413 565 474 corpora
588 404 673 476 capta
696 397 769 459 deo.

149 484 204 545 llic
227 484 331 563 lacus,
353 483 385 544 hi
408 494 546 563 montes,
568 483 641 545 haec
665 493 709 547 tot
731 486 872 568 castella,
900 493 945 548 tot
967 506 1069 549 amnes

148 572 239 633 Plena
262 572 341 633 15155
365 571 481 652 caedis,
506 570 593 651 plena
616 576 732 633 cruroris
756 582 857 636 erant:

149 660 265 722 Drusus
286 662 318 719 in
341 658 389 721 his
411 662 522 721 meruit
544 660 693 740 quondam
717 665 890 742 cognomina
913 666 1021 745 terris,

100 761 136 811 40
151 748 233 820 Quae
256 748 332 808 hona
355 750 535 831 progenies,
559 748 646 828 digna
669 757 814 831 parente,
838 752 911 812 luit.

149 835 296 899 Cornibus
319 835 368 897 hic
391 836 515 917 fractis,
538 837 625 898 viridi
648 837 723 899 male
747 845 845 900 tectus
869 839 905 901 ab
929 840 1012 920 ulra,

151 924 276 986 Decolor
298 926 362 1004 ipse
386 941 440 986 suo
465 927 607 1004 sanguine
631 925 752 990 Rhenus
776 936 859 990 erat.

149 1012 288 1074 Crinibus
312 1031 349 1073 en
373 1014 462 1073 etiam
484 1014 580 1074 fertur
604 1013 760 1077 Germania
783 1018 878 1094 passis

149 1099 188 1161 Et
211 1100 296 1161 ducis
318 1103 420 1162 invicti
443 1100 499 1162 sub
522 1102 598 1181 pede
622 1111 734 1164 maesta
757 1104 859 1186 sedet3

101 1201 136 1250 45
152 1188 291 1268 Collaque
314 1187 461 1250 Romanae
484 1190 631 1269 praebens
655 1193 786 1253 animosa
808 1194 908 1254 securi
980 1207 983 1212 ’

150 1276 273 1338 Vincula
296 1277 355 1338 lert
376 1277 447 1357 illa,
471 1296 528 1357 qua
553 1278 621 1340 tulit
644 1297 747 1360 arma,
770 1276 889 1343 manu.'

149 1364 210 1426 Hos
234 1367 378 1444 superio
401 1383 515 1446 curru,
539 1365 668 1447 Caesar,
691 1369 804 1430 victore
827 1369 945 1430 veheris

150 1453 325 1533 Purpureus
347 1453 450 1533 populi
471 1456 529 1514 rite
551 1472 606 1533 per
629 1473 681 1516 ora
703 1457 766 1518 tui:

151 1541 274 1620 Quaque
297 1540 355 1602 ibis
368 1541 535 1621 ,manibus
559 1542 815 1622 circumplaudere
838 1553 974 1626 tuorum,

97 1639 132 1689 55
146 1628 283 1709 Undique
306 1631 413 1691 iactato
435 1629 509 1690 tiore
532 1636 652 1709 tegente
675 1633 753 1693 rias.

151 1717 298 1798 Tempora
321 1716 458 1779 Phoebea
481 1717 563 1779 lauro
588 1721 742 1800 cingetur,
766 1715 830 1780 ‘lo'
854 1735 913 1801 que

150 1805 257 1887 Miles,
281 1801 349 1886 ‘lo‚'
373 1824 478 1884 magna
502 1825 573 1868 voce
585 1854 594 1888 ‚
619 1802 805 1887 ‘Triumphe’
829 1818 933 1872 55551.

150 1893 218 1974 lpse
241 1911 314 1955 sono
337 1894 502 1974 plausuque
526 1895 615 1956 simul
638 1896 819 1976 fremituque
843 1907 967 1962 canente

152 1980 348 2061 Quadriiugos
372 2001 476 2045 cernes
500 2001 588 2063 saepe
612 1985 753 2045 resistere
777 2003 887 2064 equos.

58 2125 60 2128 .
102 2082 136 2131 55
150 2070 221 2131 lude
245 2077 330 2150 petes
353 2090 452 2133 arcem
475 2079 505 2133 et
528 2071 652 2133 delubra
675 2073 801 2134 larentia
825 2076 917 2155 votis,

151 2158 189 2220 Et
212 2159 331 2220 dabitur
354 2162 460 2220 merito
483 2160 584 2221 laurea
607 2169 674 2221 vota
697 2160 776 2224 lovi.

152 2245 231 2309 llaec
255 2264 310 2325 ego
333 2256 521 2329 summotus,
545 2266 602 2328 qua
625 2267 769 2331 possum,
793 2257 892 2311 mente
917 2250 1039 2314 ridebo:

151 2333 256 2413 Erepti
278 2334 364 2396 nohis
386 2337 434 2396 ius
457 2335 547 2397 habet
569 2336 617 2397 illa
640 2336 715 2398 loci.

152 2421 204 2484 llla
225 2440 281 2502 per
302 2425 453 2484 inmensas
477 2427 621 2504 spatiatur
643 2424 737 2487 libera
760 2435 873 2509 terras,

104 2508 186 2572 5515
210 2508 325 2571 caelum
348 2510 439 2572 celeri
461 2514 596 2590 pervenit
619 2512 668 2574 illa
691 2515 754 2595 via3

150 2598 203 2659 llla
226 2616 308 2660 meos
331 2599 433 2660 oculos
456 2599 583 2661 mediam
606 2600 727 2663 deducit
749 2604 781 2663 15
804 2602 931 2690 Urbem,

150 2686 301 2749 lmmunes
324 2690 477 2750 15511555
501 2690 572 2750 sinit
595 2707 661 2750 esse
685 2689 772 2773 boni3

150 2776 343 2857 iuvenietque
368 2779 484 2839 animus
496 2824 506 2859 ,
529 2796 588 2858 qua
611 2797 719 2840 currus
743 2787 859 2860 spectet
882 2779 1030 2844 eburnos:

151 2865 201 2927 Sic
224 2875 305 2929 certe
329 2868 360 2926 in
382 2868 477 2947 patria
499 2867 667 2947 perbreve
691 2875 808 2948 tempus
831 2886 901 2932 515.
1015 2915 1018 2920 .

102 2963 136 3014 55
153 2953 226 3015 Vera
249 2962 348 3017 tamen
372 2958 469 3035 capiet
490 2955 619 3036 populus
643 2955 811 3035 spectacula
834 2955 922 3037 felix,

150 3041 300 3119 Laetaque
323 3043 381 3102 erit
403 3061 544 3121 praesens
567 3061 637 3103 cum
660 3042 736 3104 duce
759 3043 848 3105 turba
870 3061 933 3106 suo.

151 3131 188 3191 At
211 3129 285 3190 milri
307 3129 445 3206 lingendo
469 3137 584 3192 tentum
607 3130 753 3208 longeque
777 3132 899 3191 remotis

150 3216 281 3280 Auribus
304 3217 353 3277 hic
376 3218 492 3278 lructus
516 3217 727 3297 percipiendus
751 3220 809 3279 5111
816 3264 825 3299 ‚

150 3308 247 3386 Atque
270 3303 376 3386 procul
398 3306 481 3367 Latio
504 3307 657 3368 diversum
679 3307 789 3366 missus
812 3309 843 3367 in
867 3304 970 3368 orbern

102 3397 209 3470 15051
232 3402 334 3459 narret
357 3395 487 3477 cupido,
510 3397 558 3456 vix
582 3397 640 3458 5111
652 3441 661 3475 ,
685 3396 742 3456 ista
765 3394 856 3455 mihi.

149 3487 179 3548 ls
198 3502 317 3566 quoquc
336 3485 395 3546 iam
414 3502 515 3546 serum
533 3484 646 3546 1515151
665 3491 853 3564 veteremque
874 3480 1074 3564 triumphum:

150 3575 216 3647 Quo
239 3583 339 3636 tamen
361 3574 483 3637 audiero
507 3582 665 3655 tempore,
687 3573 782 3636 laetus
805 3591 873 3636 ero.

113 3685 195 3729 ovn).
222 3687 267 3729 111.
895 3678 911 3727 ὅ
