2467 4042
437 263 481 334 1,
498 270 655 323 tat-ooo.
772 287 879 323 444444
984 269 1052 335 209

41 439 99 493 tto
115 428 249 491 Semina
270 429 331 493 ient
352 438 462 512 utero,
484 441 688 513 conceptaque
710 434 834 495 erimina
856 442 977 515 portat.

112 517 252 581 Postera
273 535 333 580 nox
355 519 470 581 1441444
493 523 644 600 geminat.
671 538 727 583 nec
749 522 818 584 finis
839 523 871 584 in
893 521 943 583 ilia
965 531 1033 605 est;

114 605 203 669 Cum
225 607 344 669 tandem
368 606 512 690 Cinyras,
534 609 637 672 avidus
661 626 841 689 cognoscere
864 619 1010 674 amantem

111 694 200 757 Post
219 703 267 757 tot
287 695 487 777 concubitus,
509 697 589 759 illato
612 697 725 760 lumine
747 698 821 760 vidit

112 781 159 845 Et
185 784 287 846 scelus
309 791 341 846 et
362 793 483 847 uatmn:
505 785 663 866 verbisque
686 785 789 848 dolore
811 789 937 850 retentis

41 882 98 933 414
112 871 272 934 Pendenti
294 870 422 943 nitidum
443 876 548 953 ragina
570 873 674 956 diripit
696 892 815 937 ensem.

111 959 245 1040 Myrrha
266 961 365 1043 fugit,
387 960 579 1043 tenebrisque
602 971 635 1025 et
656 980 761 1025 caecae
784 981 908 1027 munere
931 967 1030 1027 noctis

112 1048 295 1130 Intercepta
316 1051 385 1111 neci
407 1058 475 1112 est:
497 1050 633 1131 latosque
655 1060 757 1131 vagata
778 1070 834 1133 per
855 1070 943 1132 agros

112 1136 301 1200 Palmiieros
322 1137 435 1201 Arabas
457 1137 671 1220 Panchaeaque
692 1157 765 1202 rura
787 1141 951 1221 relinquit.

112 1225 244 1306 Perque
266 1243 373 1288 nouem
395 1229 506 1290 errarit
527 1228 681 1290 redeuntis
705 1247 817 1291 cornua
838 1229 948 1311 lunae,

43 1323 98 1374 444
114 1313 200 1377 Cum
223 1313 343 1378 tandem
366 1324 447 1378 terra
468 1317 616 1396 requievit
637 1318 716 1378 iesse
739 1316 872 1399 Sabaea,

112 1401 240 1483 Vixque
263 1406 343 1465 uteri
364 1402 502 1484 portabat
523 1422 622 1466 onus.
649 1413 713 1467 tum
735 1408 837 1467 444414
858 1408 919 1467 voti

113 1491 222 1571 Atque
243 1494 324 1553 inter
345 1494 511 1572 mortisque
533 1501 633 1555 metue
655 1502 687 1555 et
708 1493 804 1556 taedia
826 1496 903 1556 ritae

113 1578 178 1640 Est
199 1577 276 1641 tales
299 1580 452 1661 complexa
472 1599 580 1661 preces
594 1598 611 1643 τ’
626 1576 668 1642 “o
690 1583 776 1663 siqua
797 1585 904 1663 patet'm

114 1667 252 1751 Numina
274 1668 421 1731 coniesele
432 1717 443 1752 ,
465 1671 563 1731 merui
585 1687 642 1732 nee
664 1671 751 1732 triste
773 1687 881 1733 recuso

47 1765 101 1815 445
116 1752 333 1835 Supplicium.
361 1755 415 1818 sed
437 1774 475 1819 ne
497 1757 605 1819 violem
628 1760 770 1838 vivosque
793 1768 947 1840 superstes

115 1844 300 1925 Mortuaque
322 1847 471 1907 extinctos
483 1893 494 1928 ,
516 1845 661 1908 ambobus
683 1846 784 1927 pellite
806 1850 908 1928 reguis
920 1895 931 1930 ,

116 1932 314 2012 nouusque
336 1932 410 1996 mibi
431 1937 580 2014 vitamque
603 1952 769 2016 necemque
791 1944 897 2016 negate
911 1929 944 1997 .''

105 2019 241 2098 ,Numen
264 2021 409 2084 confessis
432 2021 551 2103 aliquod
572 2030 677 2104 patet.
703 2023 807 2086 ultima
830 2033 912 2087 certe

118 2107 197 2171 Vota
219 2127 292 2172 euos
313 2108 445 2172 habuere
468 2111 564 2174 deos:
590 2128 659 2172 nam
682 2130 771 2174 crura
793 2113 943 2193 loquentis

52 2206 104 2259 444
117 2196 218 2260 'lerra
240 2201 436 2281 supervenit,
462 2208 627 2281 ruptosque
650 2199 770 2281 obliqua
791 2218 846 2282 per
868 2218 984 2281 unques

116 2285 293 2366 Porrigitur
314 2286 420 2367 radix,
442 2286 523 2368 longi
544 2289 710 2350 firmamina
731 2292 854 2373 trunci3

119 2374 258 2455 Ossaque
280 2372 375 2437 robur
397 2383 510 2458 agunt,
532 2377 690 2457 mediaque
713 2386 851 2440 maerente
873 2377 1001 2440 medulla

120 2461 253 2543 Sereguis
275 2464 300 2526 it
319 2466 353 2526 in
376 2481 487 2545 euoos,
508 2467 541 2526 in
563 2482 686 2545 magnos
708 2465 846 2528 bracchia
869 2483 989 2550 ramos,

119 2551 157 2614 ln
180 2569 289 2633 parvos
311 2550 419 2634 digiti3
441 2551 567 2615 duratur
589 2555 703 2616 cortice
724 2553 832 2635 pellis.

57 2648 106 2700 tet
120 2639 245 2720 lamque
268 2656 388 2721 gravem
406 2658 547 2704 crescens
565 2650 687 2704 uterum
703 2645 922 2723 perstrinxerat
943 2641 1050 2726 arbor,

120 2728 309 2809 Pectoraque
332 2728 496 2812 obruerat,
519 2730 688 2811 4411441444
711 2734 830 2812 operire
852 2730 996 2812 parabat:

121 2816 190 2879 Non
213 2816 283 2879 tulit
303 2817 353 2879 illa
376 2834 512 2900 moram,
533 2820 724 2899 venientique
747 2818 833 2881 obvia
854 2820 934 2901 ligno

123 2904 289 2988 Subsedit,
310 2908 475 2987 mersitque
498 2924 569 2969 suos
591 2909 624 2970 in
646 2910 758 2969 cortice
781 2908 902 2971 vultus.
966 2920 1049 2966 444.

123 2994 207 3066 Quae
230 3011 409 3074 quamquam
432 2997 530 3058 amisit
551 3004 669 3058 veteres
693 3014 761 3059 cum
780 3014 905 3077 corpore
924 3015 1052 3081 sensus,

59 3090 110 3144 tuo
123 3082 191 3144 Flet
211 3090 334 3166 tomen,
357 3091 389 3145 et
409 3083 526 3163 tepidae
549 3092 671 3146 manant
693 3103 729 3146 ex
752 3084 858 3148 arbore
881 3093 1004 3166 guttae.

122 3170 179 3233 Fet
199 3170 296 3236 honor
319 3189 336 3233 e
358 3171 512 3249 lacrimis3
534 3172 702 3253 4411414444
725 3176 836 3237 cortice
859 3191 962 3237 murra

122 3259 240 3322 Nomen
261 3257 335 3323 erile
357 3267 443 3323 tenet
464 3259 597 3342 nullique
620 3261 769 3325 tacebitur
791 3280 885 3324 aevo.

167 3348 206 3409 et
227 3348 304 3411 male
327 3357 490 3431 conceptus
513 3350 570 3412 sub
592 3350 702 3413 robore
725 3359 859 3414 creverat
880 3351 1002 3435 inians,

124 3435 351 3518 Quaerebatque
374 3440 473 3521 dam,
496 3457 555 3519 qua
577 3457 610 3502 se
633 3442 784 3520 genetrice
806 3438 910 3504 relicta

61 3531 111 3585 too
124 3522 305 3589 Exsereret.
332 3525 430 3589 media
453 3527 591 3607 gravidus
613 3535 711 3591 tumet
732 3527 839 3591 arbore
861 3537 989 3593 venter:

124 3611 233 3677 Tendit
244 3632 323 3679 onus
335 3623 478 3680 matrem.
502 3635 600 3700 neque
618 3617 729 3680 babent
742 3635 796 3681 sua
809 3618 899 3681 verba
913 3617 1050 3703 dolores,

90 3720 228 3770 omn.
800 3724 834 3774 14
