2467 4042
424 267 460 317 ΙΙ,
479 278 551 319 vnn
565 268 658 317 64—21
673 269 715 317 52.
1011 260 1073 325 163

200 427 354 489 Diversum
378 430 512 507 quamvis
535 430 662 507 quisque
686 446 846 507 sequamur
869 430 944 489 iter:

155 515 290 586 Quorum
318 524 347 577 te
376 533 559 596 memorem,
584 534 761 594 quamquam
784 516 890 595 procul
914 514 1073 596 absumus,

704 622 769 664 esse

111 702 142 752 20
200 689 364 771 Suspicor,
389 699 419 751 et
442 709 528 752 casus
552 690 626 751 velle
649 690 746 751 levare
769 709 869 751 meos.

154 778 195 839 Te
219 780 295 839 duce
318 779 487 857 magnificas
510 779 596 839 Asiae
619 780 826 858 perspeximus
849 777 956 840 urbes:

199 866 348 927 Trinacris
373 875 419 927 est
442 866 536 927 oculis
559 875 589 928 te
612 867 688 927 duce
712 875 781 927 nota
805 868 897 926 meis.

156 953 286 1014 Vidimus
309 954 437 1015 Aetnaea
462 955 576 1015 caelum
598 954 806 1034 splendescere
829 954 962 1033 flamma,

199 1041 379 1121 Subpositus
403 1045 496 1103 monti
520 1061 607 1122 quam
631 1045 722 1103 vomit
745 1061 796 1103 ore
820 1044 940 1120 gigans:

108 1141 139 1191 25
153 1129 368 1211 Hennaeosque
391 1132 473 1192 lacus
497 1140 527 1192 et
550 1131 658 1192 olentis
681 1139 784 1210 stagna
806 1130 915 1210 Palici,

198 1218 320 1298 Quisque
345 1221 407 1280 suis
431 1218 549 1299 Cyanen
573 1222 679 1280 miscet
701 1219 822 1299 Anapus
846 1218 949 1296 aquis.

153 1304 214 1366 Nec
241 1307 346 1385 proctd
368 1308 439 1368 hinc
463 1307 590 1387 nympha
613 1315 660 1368 est
673 1356 682 1389 ,
710 1325 785 1386 quac
798 1354 807 1387 ,
835 1305 905 1366 dom
932 1306 1007 1383 fugit

518 1443 520 1446 .
701 1394 794 1455 Elidis
817 1412 951 1474 amnem,

199 1480 290 1541 'lecta
313 1480 368 1541 sub
392 1499 538 1560 aequorea
560 1500 641 1542 nunc
664 1500 783 1561 quoque
807 1484 902 1542 currit
924 1499 1015 1560 aqua.

154 1563 209 1627 Hic
232 1568 305 1628 mihi
327 1567 453 1628 labentis
475 1588 545 1649 pars
569 1572 638 1629 anni
661 1587 764 1648 magna
788 1575 908 1649 peracta
931 1577 994 1629 est.

4 1675 8 1714 1
107 1667 140 1717 30
198 1654 301 1716 Eheu!
330 1674 418 1735 quam
441 1655 541 1736 dispar
564 1665 610 1717 est
632 1656 716 1718 locus
739 1656 788 1717 ille
812 1654 914 1716 Getis!

153 1742 191 1803 Et
214 1751 304 1822 quota
322 1762 392 1822 pars
412 1744 483 1804 haec
502 1752 573 1805 sunt
590 1763 715 1825 rerum,
735 1763 808 1824 quas
827 1743 954 1804 vidimus
972 1744 1074 1826 ambo,

199 1830 241 1891 'le
264 1832 337 1891 mihi
359 1833 504 1893 iucundas
528 1833 675 1893 efficiente
698 1831 777 1893 viasl

154 1918 215 1980 Seu
238 1927 301 1980 rate
325 1920 476 1981 caeruleas
499 1922 578 1999 picta
601 1920 779 1983 sulcavimus
802 1920 914 2003 undas,

198 2006 309 2068 Esseda
333 2025 388 2069 nos
411 2008 479 2087 agili
502 2010 562 2069 sive
587 2008 683 2069 tulere
705 2017 788 2070 rota:

105 2106 138 2157 35
154 2094 248 2175 Saepe
272 2095 371 2156 brevis
394 2096 481 2156 nobis
504 2095 618 2157 vicibus
642 2099 688 2156 via
711 2099 773 2157 visa
794 2096 953 2175 loquendi:

197 2183 367 2265 Pluraque,
391 2186 418 2244 si
440 2202 602 2264 numeres,
626 2184 714 2245 verba
738 2186 822 2246 luere
845 2186 957 2263 gradu.

154 2269 247 2350 Saepe
271 2273 335 2332 dies
359 2290 496 2333 sermone
519 2275 616 2333 minor
640 2273 715 2354 luit3
737 2274 828 2351 inque
850 2272 1032 2352 loquendum

198 2358 293 2420 'larda
316 2378 370 2439 per
393 2364 520 2421 aestivos
543 2360 638 2421 deluit
660 2360 734 2421 hora
757 2362 838 2421 dies.

153 2443 208 2507 Est
230 2448 362 2528 aliquid,
386 2468 472 2509 casus
494 2451 607 2528 pariter
631 2450 766 2509 timuisse
789 2450 940 2531 marinos,
1029 2460 1073 2514 uo)

105 2546 141 2594 40
200 2534 363 2615 lunetaquc
386 2536 422 2597 ad
445 2555 609 2616 aequoreos
633 2546 699 2597 vota
722 2537 826 2598 tulisse
849 2536 938 2598 deos:

152 2621 192 2684 Et
213 2623 300 2682 modo
324 2641 373 2683 res
396 2627 491 2703 egisse
515 2624 626 2706 simul,
649 2626 735 2685 modo
759 2642 865 2686 rursus
889 2624 924 2686 ah
948 2623 1006 2685 illis

198 2710 332 2781 Quorum
355 2728 415 2771 non
437 2714 569 2794 pudeat,
592 2731 680 2792 posse
703 2713 817 2774 referre
840 2715 938 2773 iocos.

150 2798 232 2860 Haec
255 2798 310 2859 tibi
334 2817 402 2859 cum
426 2799 551 2861 subeant
563 2847 573 2881 ,
596 2800 689 2861 absim
712 2801 803 2882 licet,
826 2800 964 2862 omnibus
987 2803 1072 2863 annis

197 2888 272 2948 Ante
296 2895 364 2949 tuos
387 2886 489 2948 oculos
502 2934 511 2967 ,
534 2897 569 2949 ut
591 2888 678 2949 modo
702 2892 784 2951 visus
796 2936 806 2970 ,
829 2908 899 2951 ero.

99 2988 137 3038 45
151 2975 218 3057 lpse
242 2977 380 3054 equidem
405 2983 485 3036 certe
509 2993 577 3037 cum
600 2979 656 3037 sim
679 2977 735 3038 sub
759 2978 878 3038 cardine
902 2976 1022 3062 mundi,

198 3064 256 3135 Qui
280 3082 397 3142 semper
419 3062 539 3142 liquidis
563 3063 650 3124 altior
673 3074 753 3126 extat
776 3068 878 3147 aquis,

153 3151 196 3213 'l'e
219 3162 318 3212 tamen
341 3154 459 3211 intueor
483 3170 542 3230 quo
566 3150 628 3211 solo
651 3160 771 3231 pectore
794 3171 933 3233 possum,

198 3239 236 3300 Et
258 3247 357 3299 tecum
381 3238 477 3316 gelido
500 3257 588 3317 saepe
612 3237 668 3298 sub
691 3258 744 3300 axe
766 3240 889 3320 loquor.

151 3328 206 3389 llic
230 3346 285 3409 es,
308 3334 338 3387 et
360 3328 501 3407 ignoras3
524 3333 554 3387 et
577 3325 647 3385 ades
670 3326 881 3389 celeberrimus
904 3328 1028 3389 absens:

98 3428 138 3480 50
197 3415 290 3496 lnque
315 3414 402 3475 Getas
426 3415 522 3474 media
544 3415 645 3474 iussus
668 3413 704 3473 ab
727 3412 806 3474 Urbe
829 3418 928 3477 venis.

151 3504 253 3566 Redde
277 3505 371 3564 vicem
384 3549 394 3584 ,
418 3511 447 3564 et
459 3548 469 3583 ‚
493 3503 638 3582 quoniam
655 3503 737 3580 regio
761 3501 875 3563 felicior
895 3505 952 3564 ista
975 3512 1038 3583 est,

196 3592 265 3654 lstic
288 3610 336 3653 me
360 3593 485 3654 memori
507 3599 629 3672 pectore
652 3607 770 3669 semper
792 3588 876 3649 habe.

859 3687 911 3742 11*
