2467 4042
433 269 481 320 III.
501 280 526 320 11
540 270 705 320 85-11145.

159 433 233 494 Cum
255 430 353 493 subito
376 432 476 511 pinnis
499 433 626 508 agitatus
648 430 797 491 inhorruit
821 448 890 513 aer,

113 533 145 582 10
204 519 243 581 Et
265 521 377 598 gemuit
400 537 490 597 parvo
513 527 593 579 mota
616 519 747 579 fenestra
770 536 862 579 sono.

159 608 295 668 Territus
318 609 350 667 in
373 606 506 667 cubitum
530 606 628 667 relevo
657 624 721 667 mea
750 605 882 667 membra
906 608 1079 689 sinistrum,

203 695 311 755 Pulsus
335 703 365 755 et
388 713 405 754 e
427 693 544 773 trepido
568 702 689 773 pectore
713 713 835 755 somnus
859 694 937 756 abit.

161 782 263 843 Stabat
286 782 398 863 Amor,
421 781 504 843 vultu
528 799 587 842 non
611 800 669 861 quo
692 784 777 861 prius
801 800 866 843 esse
890 782 1019 864 solebat,

203 870 311 931 Fulcra
334 877 439 931 tenens
462 870 542 930 laeva
565 872 661 930 tristis
684 888 790 930 acerna
814 888 921 950 manu,

113 970 145 1019 15
160 958 221 1020 Nec
244 967 382 1038 torquem
405 957 503 1037 collo,
527 975 582 1018 nec
605 956 717 1019 habens
741 957 851 1018 crinale
876 956 998 1038 capillo,

203 1046 264 1108 Nec
287 1046 363 1107 bene
387 1047 546 1125 dispositas
569 1055 729 1125 comptus,
753 1054 787 1106 ut
809 1054 899 1125 ante,
923 1062 1039 1107 comas.

161 1134 287 1196 Horrida
309 1133 478 1214 pendebant
500 1133 603 1194 molles
628 1152 718 1213 super
741 1151 792 1193 ora
815 1133 930 1213 capilli,

203 1222 242 1283 lit
263 1225 325 1284 visa
348 1231 394 1283 est
417 1221 510 1283 oculis
532 1221 653 1282 horrida
676 1224 767 1301 pinna
790 1225 882 1283 meis:

162 1309 262 1380 Qualis
284 1313 316 1371 in
339 1313 436 1371 aeriae
459 1319 543 1388 tergo
567 1310 643 1369 solet
666 1328 731 1370 esse
755 1309 926 1390 columbae,

5 1469 7 1478 y
114 1409 147 1459 20
206 1397 397 1458 Tractentum
420 1395 528 1457 multae
553 1415 641 1475 quam
663 1400 790 1475 tetigere
814 1416 933 1458 manus.

161 1483 248 1544 Hunc
267 1484 355 1544 simul
369 1487 493 1563 agnovi,
516 1502 613 1562 neque
633 1486 712 1544 euim
731 1484 803 1545 mihi
821 1488 919 1546 notior
934 1484 1022 1566 alter,
1037 1497 1081 1549 (⁸⁶)
1101 1513 1117 1530 ·

206 1570 327 1632 Talibus
349 1571 445 1631 adlata
468 1580 515 1631 est
536 1570 629 1632 libera
651 1571 751 1651 lingua
774 1575 873 1633 sonis:

163 1655 205 1720 Ὃ
228 1677 325 1739 puer,
349 1658 428 1719 exilii
451 1658 575 1738 decepto
599 1677 688 1719 eausa
710 1662 870 1738 magistro,

131 1778 133 1782 ·
208 1746 303 1817 Quem
327 1747 383 1807 luit
405 1746 508 1807 utilius
531 1764 590 1807 non
613 1746 751 1808 docuisse
774 1745 864 1808 mihi!

115 1847 148 1896 25
162 1834 228 1895 Huc
251 1852 370 1914 quoque
393 1836 521 1914 venisti,
543 1852 600 1913 pax
624 1843 669 1895 est
691 1833 743 1895 ubi
766 1843 900 1915 tempore
923 1834 1023 1915 nullo,

207 1923 246 1983 Et
269 1925 329 1983 coit
351 1924 481 1983 astrictis
504 1920 647 1983 barbarus
671 1921 771 1983 Hister
794 1919 906 2002 aquis?

164 2011 245 2082 erae
269 2010 324 2071 tibi
346 2028 435 2072 causa
457 2006 550 2070 viae?
573 2012 631 2070 nisi
653 2012 698 2071 uti
716 2010 791 2071 mala
814 2018 917 2071 nostra
939 2006 1082 2071 videres?
1140 2037 1141 2040 ¹

211 2098 291 2169 Quae
316 2107 406 2178 suut,
430 2100 456 2159 si
478 2099 599 2176 neseis,
621 2096 765 2168 invidiosa
788 2097 861 2159 tibi.

165 2187 210 2248 'l'u
232 2186 305 2248 miffi
328 2186 446 2247 dictasti
468 2185 612 2246 iuvenalia
636 2188 766 2246 carmina
787 2189 924 2264 primus:

117 2289 151 2337 30
210 2277 342 2354 Apposui
365 2276 445 2334 senis
468 2281 498 2333 te
521 2273 596 2333 duee
621 2274 752 2352 quinque
775 2273 884 2352 pedes.

165 2362 226 2424 Nee
249 2380 297 2423 me
320 2362 453 2423 Maeonio
476 2379 658 2440 consurgere
682 2364 830 2443 carmine,
853 2380 909 2422 nec
932 2379 978 2421 me

210 2450 314 2510 Dicere
337 2467 511 2528 magnorum
533 2467 640 2529 passus
663 2466 696 2509 es
719 2457 783 2510 aeta
805 2451 931 2511 ducum.

166 2537 303 2598 Forsitan
325 2540 446 2616 exiguas
458 2583 467 2618 ,
491 2537 603 2616 aliquas
627 2545 747 2618 tamen,
771 2555 858 2598 arcus
881 2545 911 2598 et
933 2538 1010 2616 ignis

209 2624 323 2704 lngenii
345 2627 424 2686 vires
447 2628 649 2686 comminuere
672 2627 748 2685 mei.
778 2669 782 2672 -

118 2725 152 2775 et
166 2713 299 2792 Namque
323 2731 377 2792 ego
396 2713 466 2774 dum
490 2721 577 2775 canto
599 2720 649 2774 tua
673 2730 764 2793 regua
786 2720 914 2793 tuaeque
937 2715 1084 2794 parentis,

210 2801 244 2863 lu
267 2801 381 2864 nullum
404 2820 468 2863 mea
492 2819 575 2862 mens
598 2801 709 2880 grande
733 2804 844 2862 vaeavit
867 2819 959 2880 opus.

166 2890 227 2951 Nec
251 2892 322 2951 satis
344 2890 401 2951 hoe
424 2890 542 2951 fuerat.
584 2889 675 2951 stulto
704 2908 822 2969 quoque
850 2892 981 2950 carmine
1010 2889 1085 2968 leci,

210 2977 332 3039 Artibus
355 2985 389 3038 ut
411 2996 516 3057 posses
538 2996 598 3039 non
621 2977 705 3038 rudis
729 2995 794 3038 esse
817 2980 910 3038 meis.

167 3064 225 3125 Pro
249 3064 357 3143 quibus
380 3065 501 3125 exilium
523 3067 634 3125 misero
657 3066 729 3125 milri
752 3065 868 3125 reddita
890 3081 1023 3143 merces,

120 3164 154 3214 40
212 3151 245 3213 ld
270 3169 387 3231 quoque
410 3155 442 3212 in
465 3154 605 3212 extremis
629 3159 660 3212 et
683 3155 748 3212 stne
770 3169 842 3230 pace
865 3151 979 3211 loeis.v

169 3240 206 3301 At
228 3257 288 3301 non
312 3238 469 3300 Chionides
491 3238 655 3318 Eumolpus
677 3240 709 3299 in
732 3238 850 3317 Orphea
873 3239 957 3318 talis,

211 3326 245 3388 ln
268 3327 385 3407 Phryga
407 3345 463 3388 nee
487 3325 624 3405 Satyrum
647 3326 713 3387 talis
736 3326 878 3406 Olympus
902 3334 981 3387 erat.

167 3416 302 3477 Praemia
325 3434 381 3477 nec
405 3414 515 3477 Chiron
538 3415 574 3475 ab
597 3414 709 3475 Achille
732 3414 801 3476 talia
824 3417 920 3496 cepit;
1042 3428 1085 3479 (⁸6)

200 3499 455 3585 'Pythagoraeque
479 3503 579 3565 lerunt
601 3521 662 3564 non
685 3506 822 3565 nocuisse
845 3504 987 3565 Numam.

120 3603 154 3654 45
168 3593 294 3654 Nomina
315 3611 375 3656 neu
398 3592 526 3654 referam
549 3592 669 3672 longum
692 3592 815 3655 collecta
837 3611 891 3673 per
914 3610 1035 3673 aevum,
