2467 4042
198 210 265 277 200
611 212 660 264 cx
677 212 796 265 rouro

289 374 389 453 [Nunc
412 394 466 457 pro
490 374 666 437 Caesaribus
690 378 807 455 superis
829 376 994 439 decernere
1019 389 1162 464 grates,

239 477 273 526 to
332 463 439 525 Albave
464 466 631 543 opimorum
654 463 728 524 colla
751 465 841 525 scrire
864 463 986 542 boum]

287 553 383 632 Atque
406 554 542 633 utinam,
561 570 629 613 eum
652 554 710 613 iam
733 551 824 614 lueris
844 555 959 632 potiora
977 567 1161 640 precatus,
1177 571 1227 617 (υτ)

333 639 370 702 Ut
392 640 465 702 mihi
488 639 622 720 placetur
646 642 788 720 principis
811 642 877 721 ira,
901 641 1008 720 roges!

287 727 397 806 Surgat
418 728 454 789 ad
477 728 553 790 hanc
575 746 678 789 vocem
701 728 787 807 plena
809 730 877 808 pius
900 731 977 809 ignis
1000 730 1039 792 alr
1067 751 1151 815 ara,

331 816 445 897 lletque
469 816 579 878 bonum
603 825 671 877 roto
694 815 810 878 lucidus
833 835 920 877 omen
943 836 1037 897 apex.

238 915 272 965 to
287 904 426 981 Interea,
449 923 507 984 qua
530 912 613 985 parte
636 905 706 966 licet
719 950 728 985 ,
751 922 788 964 ne
812 915 919 966 cuncta
942 924 1143 991 queramur,

331 992 386 1054 llic
409 1011 529 1073 quoque
553 1001 581 1054 te
605 992 715 1054 festum
738 993 859 1054 consule
883 1002 1002 1072 tempus
1026 1014 1148 1075 agam.

286 1080 385 1142 Altera
408 1079 557 1161 laetitiae,
580 1099 637 1142 nec
661 1080 769 1142 cedens
793 1099 881 1142 eausa
903 1083 1016 1165 priori,

332 1168 493 1231 Successor
517 1170 590 1230 tanti
613 1171 705 1230 frater
728 1169 850 1230 honoris
873 1172 947 1230 erit.

285 1255 359 1318 Nem
382 1257 437 1319 tibi
459 1259 575 1319 linitum
599 1274 737 1338 summo,
760 1256 926 1338 Graeciae,
949 1257 1124 1323 Decembri

237 1357 271 1406 ou
327 1344 488 1425 Imperium
511 1345 574 1406 lani
596 1348 722 1426 suscipit
743 1345 793 1406 ille
816 1346 882 1407 die.

286 1433 427 1514 Quaeque
450 1443 497 1496 est
518 1436 550 1494 in
573 1433 656 1495 vobis
680 1436 797 1515 pietas,
820 1434 932 1496 alterna
954 1436 1061 1496 teretis

329 1521 462 1603 Gaudia,
486 1532 519 1584 tu
543 1522 643 1584 fratris
666 1521 818 1604 fascibus,
842 1522 891 1583 ille
913 1524 991 1585 tuis.

285 1610 335 1673 Sic
357 1618 392 1673 tu
415 1611 461 1673 bis
484 1611 577 1672 lucris
600 1610 726 1693 consul,
750 1609 796 1670 bis
819 1610 923 1672 consul
945 1618 977 1672 et
997 1611 1072 1692 ille,

328 1698 422 1779 lnque
446 1699 532 1760 domo
556 1698 654 1761 bimus
677 1700 878 1778 conspicietur
899 1699 1013 1761 honor.

236 1797 270 1848 ot
285 1787 343 1860 our
366 1806 544 1867 quamquam
563 1796 610 1849 est
632 1790 758 1867 iugens,
777 1795 807 1847 et
828 1786 942 1848 nullum
960 1785 1070 1850 llartia
1099 1809 1211 1854 summo

329 1875 424 1938 Altius
447 1878 606 1956 imperium
629 1874 751 1936 consule
774 1874 865 1936 lloma
888 1875 985 1956 ridet,

285 1963 461 2043 Multiplices
483 1972 581 2025 tamen
605 1964 685 2025 hunc
708 1965 835 2043 gravitas
859 1966 989 2025 auctoris
1012 1964 1187 2053 honorem,

328 2051 366 2113 lit
388 2054 571 2113 maiestatem
594 2070 644 2113 ros
668 2052 734 2112 data
757 2051 854 2113 dantis
876 2051 982 2113 habet.

284 2139 405 2201 ludiciis
429 2142 520 2220 igitur
543 2140 632 2201 liceat
654 2138 818 2220 Flaccoque
841 2139 955 2219 tibique

236 2241 270 2291 to
329 2228 450 2289 Talibus
473 2230 599 2309 Augusti
623 2235 740 2307 tempus
762 2231 793 2289 in
817 2245 904 2289 omne
927 2228 1003 2290 lrui.

285 2316 370 2389 Quod
394 2325 492 2379 tomen
515 2335 532 2378 a
555 2334 657 2378 rerum
680 2334 752 2378 cura
774 2318 914 2395 propiore
938 2316 1076 2399 vacabit,

328 2404 400 2466 Vota
423 2423 531 2486 precor
553 2407 630 2467 votis
653 2404 750 2466 addite
774 2413 871 2466 vestra
894 2407 985 2467 meis.

283 2492 322 2555 Et
344 2496 458 2573 siquem
478 2493 560 2555 dabit
582 2511 654 2555 aura
677 2495 774 2554 sinum
785 2539 794 2574 ,
818 2495 924 2555 iactate
947 2492 1118 2580 rudentes,
1156 2514 1204 2563 ‹ra›

328 2580 421 2644 Exeat
444 2602 460 2645 e
485 2581 594 2662 Stygiis
616 2590 651 2642 ut
673 2599 738 2642 mea
761 2583 843 2642 naris
865 2583 967 2661 aquis.

236 2682 269 2732 to
284 2670 416 2732 Praeluit
438 2670 505 2751 liis,
529 2670 693 2749 Graecine,
722 2669 794 2730 locis
822 2669 909 2730 modo
932 2669 1080 2755 Flaccus,
1109 2684 1142 2738 et
1161 2675 1202 2738 lllo
1226 2725 1227 2742 ,

328 2758 402 2837 Ripa
426 2760 509 2820 ferox
532 2757 626 2820 Histri
649 2756 704 2818 sub
728 2758 804 2819 duce
827 2765 890 2819 tuta
914 2758 989 2819 luit.

284 2845 339 2908 Hic
363 2849 460 2909 tenuit
482 2847 577 2927 Mysas
600 2853 705 2925 gentes
727 2848 758 2906 in
781 2863 854 2924 pace
876 2845 975 2907 fideli:

328 2934 383 2997 llic
396 2953 476 3027 ,arcu
501 2937 571 2996 fisos
593 2936 703 2995 terruit
725 2951 797 2995 ense
820 2933 926 2995 Getas.

283 3022 339 3085 Hic
362 3032 476 3103 raptam
499 3023 636 3085 Trosmin
660 3021 751 3084 celeri
773 3025 882 3084 virtute
906 3024 1035 3103 recepit,

234 3124 269 3174 80
328 3111 492 3193 lofecitque
515 3113 579 3172 lero
603 3111 745 3191 sanguine
768 3110 950 3173 Danuvium.

284 3200 399 3273 Quaere
423 3200 481 3262 loci
504 3200 608 3261 laniem
633 3199 823 3279 Scythicique
845 3198 1031 3261 incommoda
1055 3201 1149 3285 caeli,

327 3287 365 3350 Et
389 3307 476 3368 quarn
499 3290 595 3350 vicino
618 3295 734 3349 terrear
757 3287 865 3369 hoste,
888 3305 976 3367 roga:

284 3375 388 3438 Sintne
412 3378 480 3439 litae
504 3385 609 3438 tenues
633 3378 781 3455 serpentis
804 3375 872 3437 felle
896 3378 1033 3455 sagittae,

327 3464 392 3523 Fiat
415 3483 451 3525 an
475 3464 637 3525 humanum
660 3464 777 3524 victima
800 3464 864 3525 dira
887 3472 991 3543 caput:

238 3560 266 3573 ·*
283 3548 431 3629 llentior,
453 3568 491 3610 an
514 3559 599 3611 coeat
621 3551 745 3611 duratus
769 3552 880 3629 frigore
903 3551 1032 3632 Pontus,
