2467 4042
490 268 521 319 V.
541 270 671 319 97-170.

210 430 314 493 Leniat
336 438 388 493 aut
409 430 510 492 odium
533 439 651 510 tempus
674 429 800 491 ethera
823 447 939 492 meum.

103 532 151 581 135
165 518 345 599 Pugnabunt
367 536 438 580 arcu
461 520 531 580 dum
555 519 708 598 Thraces,
730 516 848 597 lazyges
870 519 971 601 hasta,

210 607 286 668 llum
310 607 429 685 tepidus
451 606 590 687 Ganges,
612 606 739 686 frigidus
761 605 862 667 Hister
884 610 960 688 erit3

166 695 284 756 Robora
306 696 377 757 dnm
402 704 518 757 montes
530 743 539 776 ‚
562 694 634 755 dnm
657 693 755 755 mollia
777 694 883 773 pabula
907 698 1020 777 campi,

209 783 285 846 Dum
309 784 427 844 'liberis
449 783 576 862 liquidas
599 783 716 845 Tuscus
738 782 859 844 habebit
882 802 990 863 aquas,

136 898 138 900 >
166 872 278 933 'lecum
300 871 376 932 bella
399 889 521 950 geram.
559 890 614 932 nec
637 889 719 932 mors
741 871 815 932 mibi
836 872 920 933 liniet
941 874 1018 955 iras,

102 972 152 1021 140
211 959 302 1021 Saeva
325 960 378 1021 sed
400 962 537 1021 innocuis
561 959 696 1021 manibus
719 977 800 1020 arma
823 959 923 1022 dabit.

166 1047 250 1109 'luno
269 1066 414 1129 quoqne,
440 1066 508 1109 cum
531 1049 617 1108 luero
641 1066 748 1109 vacuas
771 1047 902 1127 dilapsus
924 1051 956 1111 in
979 1067 1085 1130 auras,

209 1136 360 1198 Exanimis
383 1154 482 1197 mores
505 1135 603 1197 oderit
626 1135 731 1197 umbra
753 1145 840 1216 tuos,

165 1224 249 1286 Tunc
268 1243 386 1304 quoque
405 1226 551 1286 factorum
565 1226 680 1285 veniam
699 1242 812 1286 memor
826 1223 932 1285 umbra
951 1233 1085 1303 tuorum,

209 1313 352 1393 Insequar
374 1322 406 1374 et
427 1313 527 1374 vultus
549 1330 635 1374 ossea
657 1313 752 1373 forma
775 1321 859 1374 tuos.

101 1412 151 1461 115
167 1399 235 1461 Sive
256 1419 329 1481 ego,
353 1400 431 1479 quod
450 1400 576 1481 nollem,
599 1400 695 1479 longis
714 1409 909 1480 consumptus
927 1400 964 1462 ab
983 1403 1085 1484 annis,

211 1488 278 1550 Sive
302 1489 490 1550 manufacta
513 1497 608 1549 morte
632 1488 747 1549 solutus
771 1506 841 1550 eror

167 1577 233 1638 Sive
256 1595 312 1656 per
333 1579 483 1638 inmensas
504 1572 637 1642 iactabor
660 1577 820 1655 naufragus
844 1577 956 1658 undas,

208 1664 375 1743 Nostraque
398 1665 578 1745 longinquus
600 1667 714 1726 viscera
736 1666 827 1744 piscis
851 1664 937 1725 edet:

167 1753 233 1814 Sive
255 1755 430 1833 peregrinae
453 1761 577 1833 carpent
599 1771 665 1814 mea
687 1752 820 1813 membra
842 1751 996 1814 volucres:

101 1852 151 1902 150
210 1841 278 1903 Sive
300 1860 367 1902 meo
390 1844 528 1920 tinguent
551 1844 693 1921 sangnine
716 1848 814 1902 rostra
836 1840 915 1919 lupi:

166 1930 233 1991 Sive
256 1929 368 2009 aliquis.
386 1930 523 2008 dignatus
546 1932 604 1991 erit
627 1929 795 2009 subponere
818 1936 915 1990 terrae

208 2017 247 2079 Et
269 2017 339 2078 dare
362 2017 479 2097 plebeio
503 2036 612 2098 corpus
635 2020 723 2079 inane
745 2036 836 2097 rogo:
912 2011 918 2028 ⁸

166 2106 320 2186 Quidquid
339 2124 413 2186 ero,
437 2106 546 2185 Stygiis
570 2124 727 2185 erumpere
749 2108 827 2166 nitar
850 2104 887 2166 ab
910 2106 989 2187 oris,

208 2194 247 2256 Et
269 2194 388 2255 tendam
411 2194 522 2274 gelidas
544 2193 625 2256 ultor
647 2197 678 2255 in
701 2212 753 2255 ora
776 2212 898 2255 manus.

100 2293 151 2344 155
166 2283 212 2344 lle
235 2282 357 2363 vigilans
380 2301 508 2363 cernes,
532 2285 630 2344 tacitis
653 2301 707 2362 ego
730 2284 827 2344 noctis
849 2284 881 2342 in
904 2281 1017 2344 umbris
1055 2285 1084 2337 (s)

210 2371 365 2432 Excutiam
389 2390 510 2432 somnos
533 2373 614 2431 risus
637 2371 741 2433 adesse
764 2379 850 2431 tuos.

165 2459 299 2539 lienique
322 2461 467 2539 quidquid
489 2477 580 2540 ages,
604 2468 672 2521 ante
695 2478 730 2520 os
752 2459 913 2537 oculosque
936 2457 1039 2519 volabo

210 2546 249 2608 Et
272 2564 402 2629 querar,
426 2556 456 2609 et
478 2547 558 2609 nulla
582 2547 653 2608 sede
677 2550 796 2627 quietus
820 2550 897 2608 eris.

165 2635 295 2696 Verbera
318 2643 396 2697 torta
419 2636 533 2698 dabunt
555 2638 686 2697 sonitum
709 2654 861 2715 nexaeque
885 2633 1042 2717 colubrae,

100 2735 151 2785 151)
209 2723 333 2785 Conscia
356 2725 514 2786 fumabunt
536 2743 655 2805 semper
677 2724 714 2785 ad
737 2742 789 2785 ora
811 2726 908 2786 laces.

165 2812 219 2874 His
242 2815 325 2874 vivus
348 2813 434 2874 iuriis
457 2813 630 2895 agitabere,
653 2821 790 2875 mortuns
812 2812 925 2893 isdem,

208 2900 246 2961 Et
268 2900 388 2962 brevior
410 2920 505 2979 poena
528 2903 587 2963 vita
609 2903 711 2964 lutura
733 2910 785 2963 tua
808 2910 871 2964 est.

164 2987 226 3049 Nec
248 2988 303 3049 tibi
325 2992 478 3068 continget
500 2989 590 3050 sunus
613 2990 811 3069 lacrimaeque
835 2999 974 3075 tuorum3

208 3074 429 3154 Indeploratum
450 3078 597 3156 proiciere
621 3085 726 3156 caput3

100 3174 151 3225 155
165 3162 377 3241 Carnificisque
401 3181 512 3243 mann,
535 3164 645 3243 populo
668 3163 849 3245 plaudente,
872 3161 1017 3242 traheris,

208 3250 380 3330 Infixusque
403 3254 463 3312 tuis
486 3250 604 3312 ossibus
628 3269 724 3312 uncus
747 3253 821 3312 erit.

163 3339 247 3418 lpsae
271 3348 301 3400 te
324 3340 440 3419 fugient
452 3385 461 3419 ,
484 3357 560 3419 quae
583 3346 710 3419 carpunt
732 3341 831 3400 omnia
843 3387 852 3420 ‚
875 3339 1026 3419 dammae3

208 3427 341 3507 Respuet
362 3429 491 3490 inrisum
513 3431 591 3489 insta
614 3428 739 3489 cadaver
762 3427 888 3489 humus.

163 3515 318 3596 Unguibus
341 3525 373 3579 ct
395 3525 494 3578 rostro
517 3517 629 3578 crudus
652 3516 750 3578 trahet
773 3515 823 3578 ilia
845 3516 945 3578 vultur

98 3618 149 3667 170
208 3604 246 3665 Et
268 3604 406 3667 scindent
428 3605 505 3666 aridi
525 3606 639 3685 perfida
661 3604 751 3667 corda
774 3623 879 3667 canes.
