2467 4042
189 220 249 282 142
562 215 833 277 EPISTULAE.

272 378 308 432 Ai
326 379 371 440 iu,
398 370 437 429 de
451 367 569 444 rapidis
583 366 864 433 inmansuetissime
879 370 987 445 ventis,

314 453 392 529 Quid
409 467 527 512 mecum
544 459 628 512 certa
641 453 759 528 proelia
776 461 877 514 mente
892 454 997 529 gerisr

269 541 303 600 ln
319 554 381 612 me,
404 537 431 597 si
445 537 562 609 nescis,
584 536 701 610 Borea,
722 552 951 613 non=acquora4
974 541 1092 600 saevis.

229 634 264 688 oo
317 621 393 697 Quid
410 622 545 693 iaceres,
569 627 654 682 esset
665 621 697 680 ni
714 621 768 682 tibi
781 629 873 684 nnius
888 629 1013 682 amora*
1033 644 1049 677 ο
1119 628 1122 632 ’

270 707 344 768 Tam
355 705 476 781 gelidus
488 703 571 780 quod
583 705 638 777 sis,
655 719 714 765 non
726 711 877 781 mauman,
891 706 1226 785 inprobo-quondm

314 789 439 865 Ignibus
456 789 583 851 Actaeis
597 787 764 850 incaluisse
778 806 885 866 negas.

272 873 391 936 Gaudia
404 881 528 948 rapturo
543 873 644 947 siquis
652 872 712 934 >tibi
726 875 980 936 clauderoveiiet

312 958 424 1020 Aerios
440 958 557 1029 adime,-
579 972 641 1033 quo
655 965 797 1033 paterere
810 958 927 1020 modos

229 1044 383 1116 sbParca
406 1056 530 1118 precor,
554 1041 736 1116 facilemque
751 1042 1045 1106 movemoderatius
1059 1061 1187 1109 amma

312 1128 445 1201 Imperet
456 1125 649 1201 Hippourios
664 1125 711 1187 sic
727 1125 781 1186 tibi
796 1127 884 1187 uisae
895 1127 981 1188 nibil.

270 1213 359 1273 Vana
373 1217 461 1287 peto,
481 1209 689 1286 precibusque
699 1210 780 1272 meis
797 1210 1006 1274 obmurmurat
1016 1213 1098 1288 ipse,

314 1295 459 1371 Quasque
475 1294 583 1370 quatit,
599 1294 684 1355 nuda
696 1303 921 1370 numennumen
935 1312 1052 1372 aquas:

270 1380 356 1441 Nunc
372 1380 461 1440 daret
476 1378 613 1439 audaces
628 1378 742 1440 utinam
757 1378 831 1439 mibi
846 1379 1002 1442 Daedalus
1017 1381 1099 1441 uiasz

228 1476 263 1530 50
316 1464 446 1526 icarium
463 1463 606 1539 quamvis
619 1462 870 1539 hicpropciitus
884 1464 988 1525 adesa·

271 1549 424 1625 Quidquid
436 1549 507 1622 ont,
529 1547 752 1623 patiar.·liceat
762 1547 857 1608 modo
868 1562 988 1623 corpus
999 1548 1144 1611 inauras

312 1634 448 1706 Tollere,
471 1632 555 1707 quod
570 1632 664 1692 dubio
680 1631 939 1708 saepepepeudit
953 1648 1043 1708 aqua.

271 1719 405 1790 Interea,
427 1716 501 1777 dum
514 1724 624 1777 cuncta
638 1724 751 1791 negant
766 1715 910 1793 ventique
924 1717 1107 1793 iretrmrqua

312 1801 414 1861 Mente
430 1801 513 1876 agito
527 1799 597 1861 furti
611 1807 751 1876 tempora
770 1800 868 1876 prima
881 1798 951 1860 mci.

229 1898 261 1949 55
272 1887 340 1947 Nox
355 1892 420 1946 erac
434 1884 618 1961 incipiens...
634 1900 766 1960 namque
780 1890 829 1945 est
841 1883 1019 1968 meminisse
1033 1887 1221 1962 sompnus„

314 1969 387 2031 cum
403 1969 520 2030 ioribus
533 1969 641 2046 patriis
653 1967 836 2045 egrediebar
851 1984 968 2029 amans:

271 2055 334 2116 Nec
349 2070 450 2128 mora,
472 2052 615 2129 deposito
630 2054 745 2129 pariter
759 2067 829 2113 cum
844 2059 933 2114 vesto
943 2053 1071 2114 timore·

312 2136 467 2199 lactabam
478 2137 598 2214 iiquido
613 2137 740 2198 brachia
750 2138 836 2198 vlenta
850 2137 940 2197 mari-s

271 2225 357 2285 Luna
370 2221 436 2283 iere
450 2222 611 2283 tremulum
624 2220 793 2297 praebebat
808 2220 1016 2294 lumeneuuti,

229 2319 264 2373 σθ
315 2307 355 2369 Ut
370 2322 476 2368 comes
490 2305 522 2365 in
537 2312 662 2366 nostrus
679 2305 820 2366 officiosa
832 2304 913 2366 vias.
1017 2328 1020 2335 ¹

270 2393 357 2453 Hanc
374 2407 433 2467 ego
451 2389 627 2466 suspiciens
642 2390 786 2464 ‘iaveasp
802 2389 863 2451 dea
875 2389 1037 2464 candidu‚’
1054 2389 1122 2450 dixi

313 2476 363 2536 ‘Et
377 2474 512 2536 subeant
523 2473 626 2534 animo
640 2473 759 2535 Latmia·
769 2489 849 2534 saxa
861 2479 924 2534 tuo.

271 2560 338 2622 Non
354 2560 427 2621 sinit
439 2558 615 2637 Endymion
634 2564 667 2619 te
682 2557 817 2634 pectoris
831 2572 905 2619 esse
920 2557 1036 2618 severi:

312 2644 428 2719 Flecte,
450 2658 577 2719 precor,
600 2642 702 2703 vuitus
719 2642 759 2702 ad
773 2657 842 2702 rnen
857 2642 1026 2703 innocuos.

230 2740 262 2793 65
273 2731 332 2802 Tu,
356 2728 431 2803 dea,
452 2727 611 2789 mortalem
623 2727 713 2788 coeio
729 2726 859 2802 delapsa
874 2726 1012 2802 petebas.

313 2814 396 2873 Vero
410 2811 495 2888 ioqui
509 2810 609 2873 licead.
633 2826 727 2886 quam
741 2826 872 2889 sequor,
896 2809 965 2886 ipsa
978 2810 1039 2871 dea
1053 2818 1112 2871 esd

271 2898 337 2959 Neu
349 2897 480 2958 reseram
497 2910 600 2956 moros
616 2895 742 2956 caelesti
754 2902 883 2971 pectore
896 2894 1017 2969 dignos,

312 2980 423 3042 Formo
437 2979 496 3040 nisi
511 2979 650 3039 inseras
663 2993 727 3041 non
745 2978 827 3039 cadit
843 2978 897 3039 iiia
912 2978 999 3039 deas.

271 3068 299 3126 A
313 3064 445 3126 Veneris
461 3062 539 3125 incia
558 3078 619 3124 non
634 3069 683 3126 esi
698 3061 784 3139 prior
798 3063 860 3122 ulia
875 3071 1004 3139 tuaque;

230 3159 265 3215 το
315 3150 400 3210 Neve
415 3148 493 3210 mois
509 3147 620 3210 credas
636 3146 778 3221 vocibus,
802 3148 871 3222 ipsa
888 3146 969 3206 vide.

272 3235 437 3309 Quantum,
459 3248 530 3294 cum
545 3231 646 3308 nages
660 3231 755 3291 radiis
771 3237 916 3307 amantea
931 3230 1024 3306 puris,

314 3314 494 3379 concedunt
510 3315 642 3377 flammis
657 3315 761 3376 sidera
777 3323 887 3377 cuucm
901 3314 972 3389 tuis,

270 3403 367 3463 Tanto
381 3400 526 3463 formosis
542 3399 708 3463 formosior
722 3398 863 3460 omnibus
877 3399 929 3459 iila
942 3405 1004 3460 estc

314 3485 347 3547 Si
361 3485 497 3560 dubitas,
520 3499 660 3558 caecum,
684 3483 827 3561 Cynthia,
850 3484 952 3544 iumen
967 3481 1087 3543 habes!
