2467 4042
197 233 262 300 210
607 234 793 290 axeonro

331 400 491 481 Exceptis,
514 401 594 477 siqui
617 417 739 459 munera
762 398 836 476 legis
858 399 987 462 babent.

239 502 272 552 to
286 490 432 566 Tempora
456 499 569 548 sacrata
593 506 658 549 mea
682 498 752 548 sunt
774 488 866 548 velata
890 507 1021 570 corona,

332 578 472 638 Publicus
494 579 586 636 invito
611 594 698 653 quam
722 577 803 636 lavor
826 578 975 655 inposuit.

286 664 381 738 Onam
405 675 486 743 grata
510 677 555 725 est
577 669 668 743 igitur
690 664 819 725 Latonae
843 665 922 725 Delia
946 665 1062 749 tellus,

333 755 449 814 Erranti
473 762 571 814 tutum
595 771 670 831 quae
694 753 774 814 dedit
796 772 855 814 nna
877 754 995 834 locum,

287 843 358 904 Tam
383 842 453 903 mihi
477 860 544 903 cara
568 841 691 922 Tomis,
714 844 807 921 patria
833 861 907 921 quae
931 842 1003 902 sede
1026 843 1151 921 fugatis

240 945 274 994 ab
332 931 462 1010 Tempus
485 931 521 990 ad
544 930 601 991 hoo
625 930 710 990 nobis
732 931 849 1008 hospita
872 931 927 991 lida
950 942 1077 993 manet:

288 1020 324 1081 Di
348 1020 435 1080 modo
458 1020 621 1100 fecissent,
645 1018 775 1098 placidae
799 1037 882 1097 spem
906 1028 1009 1098 posset
1030 1019 1157 1084 habere

331 1107 437 1188 Pacis,
460 1117 490 1168 et
513 1125 529 1167 a
552 1107 649 1186 gelido
673 1108 788 1186 longius
812 1125 864 1167 axe
888 1109 983 1169 loret.

662 1300 737 1375 XV.

289 1464 389 1543 Siquis
412 1462 508 1523 adbuc
530 1479 656 1541 usquam
681 1464 776 1522 nostri
799 1480 859 1522 non
881 1464 1029 1523 inmemor
1055 1476 1162 1547 extat,

333 1551 446 1622 Quidve
470 1550 618 1629 relegatus
642 1549 742 1630 Naso,
766 1553 913 1630 requirit,
936 1568 1040 1628 agam:

288 1639 464 1701 Caesaribus
485 1641 592 1711 vitam,
617 1638 707 1699 Sexto
730 1638 839 1699 debere
863 1638 987 1699 salutem

332 1728 378 1788 bie
402 1729 496 1788 sciat.
538 1745 553 1787 a
577 1730 694 1805 superis
717 1726 765 1787 hio
789 1726 860 1787 mihi
883 1730 998 1806 primus
1022 1732 1106 1793 erit.

258 1816 434 1895 o'lenmora
457 1832 525 1875 uam
549 1817 674 1876 miserae
698 1815 877 1894 complectar
899 1824 933 1876 ut
955 1818 1057 1877 omnia
1085 1821 1182 1903 vitae,

333 1907 355 1964 Α
380 1906 494 1964 meritis
518 1905 582 1964 eius
605 1922 674 1982 pars
698 1903 770 1964 mihi
793 1903 872 1965 nulla
894 1912 994 1964 vacat.

289 1993 370 2064 Quae
394 2010 518 2053 numero
542 2001 586 2052 tot
609 2001 679 2052 snm
692 2038 701 2072 ‚
724 2000 796 2070 qnot
819 1994 850 2052 in
873 1992 959 2052 horto
983 1993 1100 2056 fertilis
1125 2001 1188 2058 arri

334 2081 443 2141 Prrnica
467 2079 523 2140 sub
547 2079 627 2141 lento
650 2082 760 2140 cortice
784 2098 874 2159 grana
896 2079 1027 2161 robent3

290 2171 387 2229 abira
410 2177 483 2248 quot
505 2178 644 2249 segetes,
668 2177 740 2247 quot
763 2168 876 2229 Tmolia
899 2177 978 2229 terra
1002 2188 1168 2257 racemos,

243 2270 276 2319 10
332 2257 413 2327 ‘Orion
436 2257 543 2336 Sicyon
566 2256 676 2336 bacas,
700 2263 773 2336 quot
795 2259 873 2335 parit
895 2256 986 2336 Hybla
1011 2258 1120 2323 favos.

290 2345 456 2407 Confiteorr
488 2354 599 2406 testere
623 2345 714 2426 licet,
738 2347 851 2423 signate
875 2343 1025 2427 Quirites3

335 2435 380 2494 Nil
404 2453 479 2513 opus
503 2442 548 2494 est
572 2433 669 2514 legum
693 2432 805 2494 viribus
817 2480 827 2515 ,
849 2436 913 2513 ipse
936 2433 1064 2513 loquor.

289 2522 371 2583 Inter
390 2541 462 2602 opes
485 2529 515 2583 et
534 2540 601 2603 me,
625 2531 744 2602 parvam
767 2539 852 2602 rem,
871 2539 948 2601 pone
971 2531 1139 2600 paternas:
1163 2540 1209 2592 (ut

334 2610 406 2671 Pars
430 2629 484 2690 ego
508 2613 563 2671 sim
587 2629 696 2671 census
719 2610 988 2690 quantulacumque
1012 2614 1081 2676 tui.

244 2713 276 2762 15
292 2701 385 2770 Quam
410 2710 459 2760 tua
483 2699 635 2760 Trinacria
659 2709 704 2760 est
726 2706 907 2778 regnataque
930 2709 1011 2760 terra
1034 2700 1195 2788 Philippo,

335 2788 429 2858 Quam
452 2788 559 2848 domus
581 2787 715 2866 Augusto
738 2790 908 2849 continuata
930 2788 1013 2870 loro,

290 2876 383 2946 eram
408 2886 483 2957 tua,
510 2894 563 2936 rus
593 2876 687 2936 oculis
711 2876 842 2957 domini,
866 2876 1047 2959 Campania,
1078 2891 1210 2962 gratum,

334 2965 475 3044 Quaeque
499 2964 601 3025 relicta
625 2964 679 3025 tibi
691 3011 700 3045 ‚
725 2964 836 3046 Sexte,
859 2964 904 3025 vel
928 2972 1026 3043 empta
1049 2974 1164 3034 tenes:

290 3053 361 3114 Tam
385 3063 455 3114 tuus
478 3070 515 3112 en
539 3071 594 3132 ego
617 3071 684 3114 sum
696 3100 706 3134 ‚
733 3056 819 3113 cuius
841 3061 871 3113 te
894 3071 1018 3113 munere
1043 3059 1132 3120 tristi

243 3154 277 3203 20
337 3142 401 3201 Non
424 3150 509 3220 potes
531 3143 562 3202 in
586 3140 680 3202 Ponto
703 3142 803 3203 dicere
827 3140 936 3203 babere
959 3141 1052 3203 nihil.

290 3230 388 3309 Atque
412 3233 525 3290 utinam
547 3233 667 3313 possis,
690 3238 721 3293 et
743 3229 832 3290 detur
855 3232 977 3290 amicius
999 3247 1131 3312 arvum,

335 3319 468 3398 liemque
491 3326 572 3379 tuam
595 3337 688 3399 ponas
711 3322 742 3380 in
765 3319 888 3379 meliore
910 3316 992 3379 locol

291 3405 375 3475 Quod
400 3410 538 3484 quoniam
562 3410 592 3469 in
615 3408 662 3469 dis
684 3415 729 3469 est
742 3455 751 3489 ,
774 3415 886 3487 tempta
908 3407 1001 3467 lenire
1024 3414 1185 3488 precando

340 3493 466 3554 Numina
479 3542 488 3574 ,
511 3505 655 3573 perpetua
680 3515 754 3574 quae
778 3497 887 3573 pietate
912 3498 994 3556 cois.

243 3592 276 3637 25
291 3579 434 3639 Maeroris
458 3599 525 3641 nam
548 3591 603 3663 tu,
628 3585 675 3642 vix
698 3591 743 3643 est
766 3583 954 3664 discernere,
977 3589 1077 3647 nostri
