2467 4042
478 254 515 303 Π.
534 256 682 306 nos-sta.

164 416 308 478 Praeterii
331 418 440 478 totiens
463 418 653 477 inrevocatus
676 434 785 495 eques.

165 503 244 584 Ergo
269 523 343 584 quae
367 507 482 566 iuvenis
505 503 578 565 mihi
601 508 661 566 non
684 507 820 565 nocitura
842 507 943 585 putavi

165 592 281 672 Scripta
303 611 409 672 parum
432 593 587 673 prudens,
610 611 691 654 nnnc
714 611 845 654 nocuere
868 596 949 656 seni.

99 692 150 742 545
166 680 239 742 Sera
262 681 439 742 redundavit
461 682 570 741 veteris
593 681 723 741 vindicta
745 680 854 761 libelli,

164 768 261 830 Distat
284 777 315 831 et
336 787 354 830 a
375 772 475 830 meriti
497 777 631 849 tempore
655 786 751 847 poena
774 772 838 830 sui.

164 857 208 918 Ne
231 865 330 918 tamen
353 873 563 926 omnemeum
586 857 691 918 credas
719 875 795 937 opus
823 875 889 920 esse
912 859 1087 939 remissum,

165 944 259 1026 Saepe
283 945 352 1007 dedi
374 954 493 1007 nostrae
516 945 638 1024 grandia
661 945 725 1006 vela
747 948 822 1008 rati.

165 1033 224 1096 Sex
248 1052 302 1113 ego
325 1033 483 1095 Fastorum
506 1036 613 1111 scripsi
636 1033 820 1112 totidemque
844 1032 976 1115 libellos,

97 1132 148 1183 550
164 1121 299 1202 Cumque
322 1140 377 1183 suo
400 1122 490 1183 linem
512 1138 615 1182 mense
639 1121 777 1182 volumen
799 1121 906 1204 habet,

162 1210 256 1290 idque
279 1219 331 1272 tuo
354 1227 451 1290 nuper
475 1212 621 1289 scriptum
644 1209 702 1270 sub
724 1212 866 1291 nomine,
889 1209 1014 1292 Caesar,

163 1297 202 1358 Et
224 1297 280 1359 tibi
302 1307 451 1358 sacratum
474 1315 540 1359 sors
564 1316 629 1358 mea
652 1300 733 1378 rupit
755 1317 848 1379 opns3

163 1384 202 1446 Et
225 1385 361 1446 dedimus
383 1389 504 1465 tragicis
527 1388 674 1465 scriptum
696 1387 794 1465 regale
817 1385 990 1466 cothurnis,

165 1472 307 1552 Quaeque
331 1476 427 1553 gravis
451 1474 541 1535 debet
562 1473 653 1534 verba
676 1474 841 1535 cothurnus
864 1474 971 1555 habet;

97 1570 149 1621 555
163 1560 307 1641 lliotaque
331 1571 403 1622 sunt
425 1561 511 1622 nobis
523 1608 533 1642 ,
563 1564 697 1641 quamvis
720 1579 825 1624 manus
847 1562 950 1624 ultima
974 1563 1087 1642 coeptis

164 1648 286 1730 Doluit,
308 1652 340 1710 in
363 1650 454 1711 lacios
477 1667 603 1730 corpora
626 1668 712 1711 versa
735 1669 843 1711 novas.

163 1739 261 1818 lltque
285 1740 397 1799 utinam
421 1755 544 1799 revoces
567 1740 698 1799 animum
720 1738 872 1819 paulisper
895 1738 932 1799 al)
954 1740 1016 1819 ira,

164 1825 203 1886 Et
224 1844 317 1887 vacuo
340 1826 444 1887 iubeas
466 1826 536 1887 hinc
559 1826 614 1887 tibi
637 1845 730 1907 pauca
754 1827 830 1909 legi,

163 1913 262 1975 Pansa
274 1962 284 1995 ,
307 1914 416 1994 quibus
438 1918 534 1995 prima
557 1933 684 1993 surgens
707 1914 744 1976 ab
767 1918 881 1995 origine
904 1914 1008 1978 mnndi

97 2012 149 2062 550
164 2001 199 2063 ln
221 2010 272 2063 tua
295 2002 404 2063 deduxi
427 2011 582 2083 tempora,
606 2002 736 2084 Caesar,
759 2003 852 2083 opus!

163 2091 320 2171 Aspicies,
343 2100 487 2170 quantum
512 2091 631 2152 dederis
654 2090 726 2152 mihi
749 2095 879 2172 pectoris
902 2095 985 2173 ipse,

164 2179 290 2257 Quoque
313 2180 412 2240 lavore
436 2181 527 2240 animi
550 2186 640 2259 teque
663 2187 792 2259 tuosque
816 2197 936 2241 canam.

163 2266 230 2327 Non
253 2284 307 2345 ego
331 2267 462 2328 mordaci
485 2267 631 2328 destrinxi
654 2270 786 2328 carmine
808 2286 1002 2347 quemquam,

163 2354 226 2415 Neo
248 2373 334 2416 meus
356 2355 446 2416 ullius
470 2357 593 2416 crimina
616 2373 722 2416 versus
745 2350 851 2417 habet.

97 2441 312 2504 subcandidus
331 2460 348 2503 a
371 2443 482 2505 salibus
505 2444 627 2505 sulinsis
651 2442 717 2504 lelle
741 2444 856 2522 refugit

165 2529 251 2591 Nulla
274 2538 418 2592 venenato
442 2530 540 2592 littera
562 2534 654 2592 mixta
676 2533 742 2593 ioco
764 2540 829 2592 est.

164 2617 246 2680 luter
269 2626 313 2680 tot
334 2619 458 2700 populi,
481 2627 527 2681 tot
549 2622 670 2700 scriptis
682 2668 692 2701 ,
714 2619 794 2680 milia
817 2622 930 2701 nostri,

165 2707 260 2778 Quem
282 2725 349 2769 mea
372 2707 500 2788 Calliope
524 2707 665 2789 laeserit,
688 2726 767 2769 unus
790 2726 860 2769 ero.

162 2795 228 2857 Non
251 2799 343 2876 igitur
366 2799 477 2858 nostris
500 2795 594 2858 ullum
617 2796 746 2875 gaudere
771 2797 917 2868 Quiritem

97 2893 150 2945 oto
162 2885 323 2963 Auguror,
346 2891 377 2946 at
399 2885 508 2946 multos
530 2883 695 2946 indoluisse
717 2885 820 2965 malis,

86 3035 89 3041 ,
164 2970 225 3032 Nec
243 2973 317 3032 milri
335 2972 476 3033 credibile
495 2980 563 3051 est,
587 2990 767 3050 quemquam
784 2971 942 3033 insultasse
960 2971 1086 3052 iacenti,

164 3059 263 3120 Gratia
287 3059 410 3120 candori
432 3062 516 3139 siqua
539 3058 633 3120 relata
655 3077 740 3120 meo.

163 3145 239 3227 llis,
263 3165 392 3227 precor,
415 3153 504 3224 atque
526 3145 591 3206 aliis
613 3148 731 3225 possint
753 3156 804 3207 tna
827 3148 949 3207 numina
970 3146 1069 3228 ilecti,

165 3234 189 3296 0
212 3243 299 3315 pater
310 3281 321 3317 ,
343 3253 361 3294 o
384 3235 496 3314 patriae
520 3250 592 3295 cura
616 3233 755 3313 salusque
778 3233 865 3295 tuae!

98 3332 149 3384 575
163 3322 253 3404 Non,
275 3331 309 3383 nt
331 3326 363 3384 in
386 3322 545 3383 Ausoniam
568 3320 711 3402 redeam,
734 3325 792 3382 nisi
815 3321 940 3384 forsitan
963 3322 1050 3406 olim,

164 3411 239 3473 Cum
262 3411 349 3491 longo
372 3428 485 3490 poenae
508 3418 643 3489 tempore
666 3412 763 3471 victus
786 3412 864 3491 eris,

163 3500 272 3566 Tutius
295 3500 416 3561 exilium
437 3499 585 3579 pauloque
608 3500 739 3577 quietius
761 3516 832 3579 oro,

164 3587 204 3651 Ut
225 3607 280 3669 par
303 3588 410 3652 delicto
434 3589 473 3648 sit
495 3606 560 3649 mea
582 3604 679 3667 poena
701 3605 764 3649 sno.
