2467 4042
455 206 515 274 iv,
533 211 692 262 est-soc.
804 181 929 261 umbe
1037 205 1078 271 75

153 373 198 435 Et
219 375 307 435 tinxit
328 372 466 453 ruitum,
488 381 519 434 ct
541 373 652 433 meruit
673 372 802 432 formosa
823 371 933 435 videri.

74 475 141 526 330
158 463 250 524 Tunc
272 463 316 524 sic
338 478 407 522 orsa
428 460 511 539 loqui
522 507 532 542 ,
553 456 654 541 “puer
676 479 694 519 o
717 460 888 539 dignisume
910 458 992 522 credi

154 550 235 612 Esse
258 549 333 611 deus
345 596 355 631 ,
378 567 432 610 seu
455 556 489 610 tu
512 548 587 610 deus
609 566 643 610 es
655 595 665 629 ,
686 557 773 628 potes
795 565 861 610 esse
880 547 1012 628 Cupido:

154 638 228 700 Sive
251 655 285 699 es
306 636 463 719 mortehs,
485 639 537 716 qui
558 644 765 718 tegemus,
786 635 883 719 beati,

151 726 195 788 Et
216 726 311 789 hater
332 725 403 786 felix
414 770 425 806 ,
447 732 479 786 et
499 725 649 786 fortunata
670 725 805 804 proiecto

154 815 252 893 Siqua
273 812 329 875 tibi
349 830 437 874 soror
458 822 506 875 est
517 860 527 894 ,
549 820 581 874 et
602 831 678 892 quae
702 812 784 874 dedit
804 813 920 894 ubera,
942 814 1060 874 nutrix.

70 916 135 966 825
155 901 219 963 Sed
242 901 329 981 longe
352 903 468 963 cunctis
490 900 637 981 longeque
659 901 775 962 beatior
795 901 862 983 ilia,
933 975 937 981 ,

156 991 253 1070 Siqua
273 989 329 1051 tibi
350 1007 459 1069 sponsa
482 997 530 1051 est
541 1036 551 1070 ,
573 992 689 1069 siquam
711 988 871 1068 dignabere
893 988 995 1050 meda.

154 1078 240 1140 Haec
261 1076 318 1139 tibi
339 1080 401 1139 sive
423 1078 520 1157 aliqua
544 1086 612 1160 est,
635 1096 701 1138 mea
729 1079 769 1139 sit
795 1079 903 1139 iurum
925 1076 1079 1157 voluptas:

155 1167 220 1227 Seu
238 1164 319 1227 nulla
341 1174 409 1245 est,
431 1184 487 1245 ego
510 1168 587 1246 sim,
609 1165 829 1245 thalamumque
851 1168 986 1227 ineamus

911 1248 1079 1315 eundem.’'

154 1344 230 1404 Nais
252 1343 289 1404 ab
310 1343 358 1404 his
381 1345 494 1404 tacuit.
522 1345 610 1422 pueri
633 1343 726 1405 rubor
749 1361 801 1403 cra
824 1345 952 1404 notarit:

74 1446 138 1496 330
154 1430 262 1493 Nescit
284 1434 387 1514 enim,
409 1431 480 1511 quid
503 1448 607 1492 amor.
635 1431 689 1493 sed
711 1442 742 1492 et
764 1429 921 1492 erubuisse
939 1430 1078 1492 decebat.

155 1519 215 1581 Hic
237 1519 319 1581 color
342 1521 441 1599 aprica
462 1518 662 1599 pendentibus
684 1519 791 1580 arbore
812 1521 926 1601 pomis,

154 1612 219 1669 Aut
239 1607 325 1668 ebori
346 1609 439 1669 tincto
462 1615 530 1690 est,
552 1616 605 1669 aut
626 1607 683 1670 sub
707 1607 835 1669 candore
858 1606 996 1689 rubenti,

155 1697 235 1758 Gum
255 1697 370 1758 trustra
391 1704 534 1757 resonant
556 1713 625 1757 aera
647 1696 820 1779 auxiliaria,
842 1696 947 1757 lunae.

153 1785 299 1846 Poscenti
320 1784 466 1864 nymphae
488 1785 553 1845 siue
575 1785 635 1845 tine
658 1787 771 1846 sororia
795 1784 899 1845 saltem

81 1885 145 1935 330
160 1871 296 1954 Oscula,
317 1874 434 1952 iamque
456 1890 563 1934 manus
585 1873 622 1933 ad
644 1873 776 1934 eburnea
798 1873 872 1933 coila
889 1873 998 1933 terenti

157 1955 332 2021 “Desinis?
353 1969 404 2023 aut
426 1961 529 2042 fugio,
552 1957 723 2041 tecumque'
747 1963 787 2023 ait
810 1957 879 2023 ‘ista
900 1961 1037 2040 rehnquo
1049 1956 1080 2020 .''

157 2047 303 2110 Salmacis
316 2051 474 2130 extimuit,
498 2044 597 2110 “ioca’
621 2068 679 2129 que
703 2046 787 2111 ‘haec
800 2048 856 2110 tibi
869 2048 964 2110 libera
976 2048 1081 2130 trado,

155 2131 299 2216 Hospes'’
321 2140 364 2198 ait
385 2137 562 2217 simulatque
585 2138 679 2217 mado
702 2137 856 2199 discedere
878 2155 983 2219 verso,

158 2224 239 2286 Tum
258 2243 377 2304 quoque
400 2227 586 2307 respiciens,
609 2227 812 2306 fruticumque
835 2225 987 2287 recondita
1009 2224 1079 2287 silva

84 2326 143 2377 340
157 2312 307 2396 Delitoit,
327 2314 465 2393 flexuque
486 2332 567 2394 genu
590 2317 760 2376 summisit.
788 2322 818 2377 at
841 2315 909 2394 ilie,

157 2401 283 2464 Scilicet
305 2411 340 2464 ut
361 2405 463 2463 uacuis
485 2411 516 2465 et
538 2403 798 2464 inobservatosin
821 2402 940 2483 herbis,

156 2490 226 2551 Huc
248 2491 273 2551 lt
295 2498 326 2551 et
347 2489 417 2552 hinc
438 2490 532 2573 illuc,
555 2500 586 2553 et
606 2494 639 2553 in
661 2491 860 2553 alludentibus
882 2490 970 2551 undis

159 2579 283 2640 Summa
304 2578 415 2658 pedum
437 2578 556 2658 taloque
578 2589 667 2642 tenus
690 2581 812 2659 vestigia
834 2581 961 2657 tinguit.

156 2667 221 2728 Nec
244 2684 349 2748 mora,
371 2670 516 2747 temperie
537 2667 713 2730 blandarum
735 2676 839 2749 captus
861 2684 1005 2746 aquarum

87 2767 141 2817 040
156 2754 258 2816 1101113
279 2755 317 2819 de
339 2765 444 2817 tenero
467 2756 609 2817 velamina
632 2775 759 2836 corpore
781 2759 882 2836 ponit.

157 2844 238 2905 'iham
255 2861 325 2904 vero
348 2845 485 2926 stupuit,
507 2846 665 2925 nudaeque
687 2845 827 2925 cupidine
849 2845 961 2904 formae

157 2931 302 2993 Salmacis
324 2935 456 2994 exarsit.
482 2932 607 3012 flagrant
634 2951 754 3013 quoque
780 2933 891 2995 lumina
918 2931 1082 3012 nymphae,

155 3019 227 3082 Nou
249 3019 337 3082 aliter
356 3038 446 3100 quam
468 3039 537 3081 cum
558 3039 636 3101 puro
658 3021 854 3083 nitidissimus
876 3019 949 3081 orbe

157 3107 303 3188 Opposita
324 3106 440 3189 speculi
461 3109 603 3171 referitur
626 3112 753 3190 imagine
774 3108 932 3172 Phoebus.

88 3209 143 3260 tto
156 3196 273 3276 Vixque
296 3214 410 3258 moram
432 3200 545 3277 patitur
555 3246 566 3280 ,
588 3200 636 3259 vix
658 3201 717 3259 iam
739 3216 794 3260 sua
815 3197 921 3278 gaudia
942 3195 1059 3278 differt,

158 3286 222 3346 iam
244 3288 328 3366 cupit
349 3285 510 3367 ampiecti,
531 3288 591 3347 iam
613 3305 647 3348 se
668 3286 744 3348 maie
767 3289 900 3347 continet
922 3302 1041 3345 amens.

157 3373 234 3454 ille,
255 3376 337 3436 caris
359 3373 445 3435 velox
467 3374 607 3455 applauso
629 3392 755 3456 corpore
777 3375 882 3456 palmis

158 3460 265 3524 Desilit
285 3464 318 3524 in
339 3461 465 3544 latices,
488 3463 661 3543 alternaque
683 3463 822 3525 bracchIa
844 3462 957 3524 ducens

158 3548 195 3611 ln
215 3548 337 3631 liquidis
359 3550 524 3613 translucet
545 3554 631 3634 aquis
642 3600 653 3636 ,
675 3559 710 3613 ut
731 3549 863 3612 eburnea
885 3551 979 3631 siquis
