<?xml version="1.0" encoding="UTF-8"?>
<!DOCTYPE html PUBLIC "-//W3C//DTD XHTML 1.0 Transitional//EN"
    "http://www.w3.org/TR/xhtml1/DTD/xhtml1-transitional.dtd">
<html xmlns="http://www.w3.org/1999/xhtml" xml:lang="en" lang="en">
 <head>
  <title>
</title>
<meta http-equiv="Content-Type" content="text/html;charset=utf-8" />
  <meta name='ocr-system' content='tesseract 3.04.00' />
  <meta name='ocr-capabilities' content='ocr_page ocr_carea ocr_par ocr_line ocrx_word'/>
</head>
<body>
  <div class='ocr_page' id='page_1' title='image "./povidiusnaso00ehwagoog_0583.png"; bbox 0 0 2467 4042; ppageno 0'>
   <div class='ocr_carea' id='block_1_1' title="bbox 466 224 1098 296">
    <p class='ocr_par' dir='ltr' id='par_1_1' title="bbox 466 224 1098 296">
     <span class='ocr_line' id='line_1_1' title="bbox 466 224 1098 296; baseline 0.005 -16"><span class='ocrx_word' id='word_1_1' title='bbox 466 224 548 296; x_wconf 83' lang='lat' dir='ltr'><strong>vm,</strong></span> <span class='ocrx_word' id='word_1_2' title='bbox 567 230 723 283; x_wconf 73' lang='lat' dir='ltr'><strong>otc-061.</strong></span> <span class='ocrx_word' id='word_1_3' title='bbox 745 244 894 282; x_wconf 71' lang='lat' dir='ltr'><strong>ammaon.</strong></span> <span class='ocrx_word' id='word_1_4' title='bbox 912 246 1006 282; x_wconf 77' lang='lat' dir='ltr'><strong>sanem</strong></span> <span class='ocrx_word' id='word_1_5' title='bbox 1035 226 1098 291; x_wconf 72' lang='lat'><strong>167</strong></span> 
     </span>
    </p>
   </div>
   <div class='ocr_carea' id='block_1_2' title="bbox 80 391 1098 3212">
    <p class='ocr_par' dir='ltr' id='par_1_2' title="bbox 170 391 1098 651">
     <span class='ocr_line' id='line_1_2' title="bbox 170 391 951 475; baseline -0.004 -19"><span class='ocrx_word' id='word_1_6' title='bbox 170 396 243 475; x_wconf 87' lang='lat' dir='ltr'><strong>lpse</strong></span> <span class='ocrx_word' id='word_1_7' title='bbox 264 394 366 456; x_wconf 89' lang='lat' dir='ltr'><strong>locum</strong></span> <span class='ocrx_word' id='word_1_8' title='bbox 388 392 471 475; x_wconf 79' lang='lat' dir='ltr'><strong>vidi3</strong></span> <span class='ocrx_word' id='word_1_9' title='bbox 494 411 562 454; x_wconf 86' lang='lat' dir='ltr'><strong>nam</strong></span> <span class='ocrx_word' id='word_1_10' title='bbox 583 411 632 454; x_wconf 86' lang='lat' dir='ltr'><strong>me</strong></span> <span class='ocrx_word' id='word_1_11' title='bbox 654 392 793 471; x_wconf 86' lang='lat' dir='ltr'><strong>Pelopeia</strong></span> <span class='ocrx_word' id='word_1_12' title='bbox 814 391 951 454; x_wconf 78' lang='lat' dir='ltr'><strong>Pittheus</strong></span> 
     </span>
     <span class='ocr_line' id='line_1_3' title="bbox 171 479 974 561; baseline 0 -17"><span class='ocrx_word' id='word_1_13' title='bbox 171 484 257 544; x_wconf 85' lang='lat' dir='ltr'><strong>Misit</strong></span> <span class='ocrx_word' id='word_1_14' title='bbox 277 485 310 544; x_wconf 90' lang='lat' dir='ltr'><strong>in</strong></span> <span class='ocrx_word' id='word_1_15' title='bbox 332 499 423 560; x_wconf 81' lang='lat' dir='ltr'><strong>arva,</strong></span> <span class='ocrx_word' id='word_1_16' title='bbox 446 499 501 544; x_wconf 88' lang='lat' dir='ltr'><strong>suo</strong></span> <span class='ocrx_word' id='word_1_17' title='bbox 524 479 674 560; x_wconf 90' lang='lat' dir='ltr'><strong>quondam</strong></span> <span class='ocrx_word' id='word_1_18' title='bbox 696 488 818 561; x_wconf 82' lang='lat' dir='ltr'><strong>regnata</strong></span> <span class='ocrx_word' id='word_1_19' title='bbox 840 481 974 560; x_wconf 83' lang='lat' dir='ltr'><strong>parenti.</strong></span> 
     </span>
     <span class='ocr_line' id='line_1_4' title="bbox 171 568 1098 651; baseline -0.002 -19"><span class='ocrx_word' id='word_1_20' title='bbox 171 571 261 632; x_wconf 84' lang='lat' dir='ltr'><strong>Haud</strong></span> <span class='ocrx_word' id='word_1_21' title='bbox 275 570 381 651; x_wconf 87' lang='lat' dir='ltr'><strong>procul</strong></span> <span class='ocrx_word' id='word_1_22' title='bbox 395 569 465 631; x_wconf 91' lang='lat' dir='ltr'><strong>binc</strong></span> <span class='ocrx_word' id='word_1_23' title='bbox 487 577 625 649; x_wconf 77' lang='lat' dir='ltr'><strong>stagnum</strong></span> <span class='ocrx_word' id='word_1_24' title='bbox 639 577 706 649; x_wconf 89' lang='lat' dir='ltr'><strong>est,</strong></span> <span class='ocrx_word' id='word_1_25' title='bbox 728 568 817 630; x_wconf 89' lang='lat' dir='ltr'><strong>tellus</strong></span> <span class='ocrx_word' id='word_1_26' title='bbox 830 568 998 631; x_wconf 87' lang='lat' dir='ltr'><strong>habitabilis</strong></span> <span class='ocrx_word' id='word_1_27' title='bbox 1012 568 1098 649; x_wconf 82' lang='lat' dir='ltr'><strong>olim,</strong></span> 
     </span>
    </p>

    <p class='ocr_par' dir='ltr' id='par_1_3' title="bbox 80 657 1075 1092">
     <span class='ocr_line' id='line_1_5' title="bbox 80 657 1075 738; baseline -0.004 -16"><span class='ocrx_word' id='word_1_28' title='bbox 80 673 151 723; x_wconf 74' lang='lat'><strong>625</strong></span> <span class='ocrx_word' id='word_1_29' title='bbox 172 660 263 722; x_wconf 86' lang='lat' dir='ltr'><strong>Nunc</strong></span> <span class='ocrx_word' id='word_1_30' title='bbox 286 658 421 721; x_wconf 77' lang='lat' dir='ltr'><strong>celebres</strong></span> <span class='ocrx_word' id='word_1_31' title='bbox 442 660 553 738; x_wconf 74' lang='lat' dir='ltr'><strong>mergis</strong></span> <span class='ocrx_word' id='word_1_32' title='bbox 575 657 734 737; x_wconf 77' lang='lat' dir='ltr'><strong>fulicisque</strong></span> <span class='ocrx_word' id='word_1_33' title='bbox 757 657 940 738; x_wconf 73' lang='lat' dir='ltr'>palustribus</span> <span class='ocrx_word' id='word_1_34' title='bbox 962 657 1075 720; x_wconf 87' lang='lat' dir='ltr'><strong>undae.</strong></span> 
     </span>
     <span class='ocr_line' id='line_1_6' title="bbox 173 746 975 829; baseline -0.002 -20"><span class='ocrx_word' id='word_1_35' title='bbox 173 749 312 829; x_wconf 87' lang='lat' dir='ltr'><strong>luppiter</strong></span> <span class='ocrx_word' id='word_1_36' title='bbox 333 746 393 808; x_wconf 90' lang='lat' dir='ltr'><strong>buc</strong></span> <span class='ocrx_word' id='word_1_37' title='bbox 415 749 515 827; x_wconf 88' lang='lat' dir='ltr'><strong>specle</strong></span> <span class='ocrx_word' id='word_1_38' title='bbox 537 746 678 827; x_wconf 87' lang='lat' dir='ltr'><strong>mortali,</strong></span> <span class='ocrx_word' id='word_1_39' title='bbox 701 763 829 825; x_wconf 90' lang='lat' dir='ltr'><strong>cumque</strong></span> <span class='ocrx_word' id='word_1_40' title='bbox 851 753 975 825; x_wconf 86' lang='lat' dir='ltr'><strong>parente</strong></span> 
     </span>
     <span class='ocr_line' id='line_1_7' title="bbox 173 834 860 916; baseline 0.003 -23"><span class='ocrx_word' id='word_1_41' title='bbox 173 836 264 897; x_wconf 81' lang='lat' dir='ltr'><strong>Venit</strong></span> <span class='ocrx_word' id='word_1_42' title='bbox 285 834 466 896; x_wconf 75' lang='lat' dir='ltr'><strong>Atlantiades</strong></span> <span class='ocrx_word' id='word_1_43' title='bbox 487 837 593 916; x_wconf 84' lang='lat' dir='ltr'><strong>positis</strong></span> <span class='ocrx_word' id='word_1_44' title='bbox 616 834 767 896; x_wconf 78' lang='lat' dir='ltr'><strong>caducifer</strong></span> <span class='ocrx_word' id='word_1_45' title='bbox 789 834 860 895; x_wconf 86' lang='lat' dir='ltr'><strong>alis.</strong></span> 
     </span>
     <span class='ocr_line' id='line_1_8' title="bbox 171 922 1042 1004; baseline 0 -19"><span class='ocrx_word' id='word_1_46' title='bbox 171 924 255 985; x_wconf 82' lang='lat' dir='ltr'><strong>llille</strong></span> <span class='ocrx_word' id='word_1_47' title='bbox 278 923 382 985; x_wconf 90' lang='lat' dir='ltr'><strong>domos</strong></span> <span class='ocrx_word' id='word_1_48' title='bbox 405 922 527 1004; x_wconf 86' lang='lat' dir='ltr'><strong>adiere,</strong></span> <span class='ocrx_word' id='word_1_49' title='bbox 549 922 649 984; x_wconf 90' lang='lat' dir='ltr'><strong>locum</strong></span> <span class='ocrx_word' id='word_1_50' title='bbox 671 925 865 1001; x_wconf 86' lang='lat' dir='ltr'><strong>requiemque</strong></span> <span class='ocrx_word' id='word_1_51' title='bbox 886 930 1042 1003; x_wconf 82' lang='lat' dir='ltr'><strong>potentes:</strong></span> 
     </span>
     <span class='ocr_line' id='line_1_9' title="bbox 171 1010 1032 1092; baseline 0 -19"><span class='ocrx_word' id='word_1_52' title='bbox 171 1012 254 1073; x_wconf 82' lang='lat' dir='ltr'><strong>lillis</strong></span> <span class='ocrx_word' id='word_1_53' title='bbox 277 1012 381 1073; x_wconf 90' lang='lat' dir='ltr'><strong>domos</strong></span> <span class='ocrx_word' id='word_1_54' title='bbox 404 1010 539 1074; x_wconf 88' lang='lat' dir='ltr'><strong>clausere</strong></span> <span class='ocrx_word' id='word_1_55' title='bbox 562 1028 669 1072; x_wconf 88' lang='lat' dir='ltr'><strong>serae.</strong></span> <span class='ocrx_word' id='word_1_56' title='bbox 698 1017 797 1073; x_wconf 86' lang='lat' dir='ltr'><strong>tamen</strong></span> <span class='ocrx_word' id='word_1_57' title='bbox 818 1029 878 1072; x_wconf 89' lang='lat' dir='ltr'><strong>una</strong></span> <span class='ocrx_word' id='word_1_58' title='bbox 901 1012 1032 1092; x_wconf 85' lang='lat' dir='ltr'><strong>recepit,</strong></span> 
     </span>
    </p>

    <p class='ocr_par' dir='ltr' id='par_1_4' title="bbox 83 1098 1010 1533">
     <span class='ocr_line' id='line_1_10' title="bbox 83 1098 1010 1181; baseline -0.004 -18"><span class='ocrx_word' id='word_1_59' title='bbox 83 1115 155 1164; x_wconf 76' lang='lat' dir='ltr'><strong>eso</strong></span> <span class='ocrx_word' id='word_1_60' title='bbox 171 1100 270 1165; x_wconf 81' lang='lat' dir='ltr'><strong>Parva</strong></span> <span class='ocrx_word' id='word_1_61' title='bbox 292 1099 434 1181; x_wconf 85' lang='lat' dir='ltr'><strong>quidem,</strong></span> <span class='ocrx_word' id='word_1_62' title='bbox 458 1098 576 1180; x_wconf 88' lang='lat' dir='ltr'><strong>stipulis</strong></span> <span class='ocrx_word' id='word_1_63' title='bbox 598 1107 631 1161; x_wconf 91' lang='lat' dir='ltr'><strong>st</strong></span> <span class='ocrx_word' id='word_1_64' title='bbox 653 1116 746 1160; x_wconf 86' lang='lat' dir='ltr'><strong>canna</strong></span> <span class='ocrx_word' id='word_1_65' title='bbox 767 1107 847 1161; x_wconf 89' lang='lat' dir='ltr'><strong>tecta</strong></span> <span class='ocrx_word' id='word_1_66' title='bbox 868 1098 1010 1179; x_wconf 78' lang='lat' dir='ltr'><strong>palustri:</strong></span> 
     </span>
     <span class='ocr_line' id='line_1_11' title="bbox 170 1187 996 1268; baseline -0.004 -17"><span class='ocrx_word' id='word_1_67' title='bbox 170 1189 236 1251; x_wconf 88' lang='lat' dir='ltr'><strong>Sed</strong></span> <span class='ocrx_word' id='word_1_68' title='bbox 258 1190 307 1268; x_wconf 88' lang='lat' dir='ltr'><strong>pia</strong></span> <span class='ocrx_word' id='word_1_69' title='bbox 329 1187 435 1249; x_wconf 85' lang='lat' dir='ltr'><strong>Baucis</strong></span> <span class='ocrx_word' id='word_1_70' title='bbox 458 1205 533 1249; x_wconf 88' lang='lat' dir='ltr'><strong>anus</strong></span> <span class='ocrx_word' id='word_1_71' title='bbox 555 1187 701 1267; x_wconf 90' lang='lat' dir='ltr'><strong>parilique</strong></span> <span class='ocrx_word' id='word_1_72' title='bbox 724 1194 819 1249; x_wconf 87' lang='lat' dir='ltr'><strong>astato</strong></span> <span class='ocrx_word' id='word_1_73' title='bbox 842 1187 996 1249; x_wconf 80' lang='lat' dir='ltr'><strong>Philemon</strong></span> 
     </span>
     <span class='ocr_line' id='line_1_12' title="bbox 169 1275 847 1358; baseline -0.003 -20"><span class='ocrx_word' id='word_1_74' title='bbox 169 1276 229 1339; x_wconf 90' lang='lat' dir='ltr'><strong>llla</strong></span> <span class='ocrx_word' id='word_1_75' title='bbox 251 1285 323 1338; x_wconf 89' lang='lat' dir='ltr'><strong>sunt</strong></span> <span class='ocrx_word' id='word_1_76' title='bbox 344 1278 430 1338; x_wconf 89' lang='lat' dir='ltr'><strong>annis</strong></span> <span class='ocrx_word' id='word_1_77' title='bbox 451 1278 547 1338; x_wconf 87' lang='lat' dir='ltr'><strong>iuncti</strong></span> <span class='ocrx_word' id='word_1_78' title='bbox 568 1275 776 1358; x_wconf 84' lang='lat' dir='ltr'><strong>iuvenalibus,</strong></span> <span class='ocrx_word' id='word_1_79' title='bbox 797 1275 847 1337; x_wconf 90' lang='lat' dir='ltr'><strong>illa</strong></span> 
     </span>
     <span class='ocr_line' id='line_1_13' title="bbox 170 1364 908 1446; baseline -0.004 -19"><span class='ocrx_word' id='word_1_80' title='bbox 170 1365 369 1427; x_wconf 79' lang='lat' dir='ltr'><strong>Comanuere</strong></span> <span class='ocrx_word' id='word_1_81' title='bbox 391 1382 480 1446; x_wconf 80' lang='lat' dir='ltr'><strong>casa3</strong></span> <span class='ocrx_word' id='word_1_82' title='bbox 502 1372 767 1446; x_wconf 82' lang='lat' dir='ltr'><strong>paupertatemque</strong></span> <span class='ocrx_word' id='word_1_83' title='bbox 790 1364 908 1427; x_wconf 88' lang='lat' dir='ltr'><strong>latendo</strong></span> 
     </span>
     <span class='ocr_line' id='line_1_14' title="bbox 168 1451 918 1533; baseline 0 -19"><span class='ocrx_word' id='word_1_84' title='bbox 168 1453 311 1514; x_wconf 78' lang='lat' dir='ltr'><strong>Edecere</strong></span> <span class='ocrx_word' id='word_1_85' title='bbox 333 1452 429 1515; x_wconf 85' lang='lat' dir='ltr'><strong>levem</strong></span> <span class='ocrx_word' id='word_1_86' title='bbox 450 1471 507 1515; x_wconf 92' lang='lat' dir='ltr'><strong>nec</strong></span> <span class='ocrx_word' id='word_1_87' title='bbox 529 1455 632 1533; x_wconf 85' lang='lat' dir='ltr'><strong>iniqua</strong></span> <span class='ocrx_word' id='word_1_88' title='bbox 654 1460 753 1514; x_wconf 90' lang='lat' dir='ltr'><strong>mente</strong></span> <span class='ocrx_word' id='word_1_89' title='bbox 776 1451 918 1514; x_wconf 83' lang='lat' dir='ltr'><strong>ferendo.</strong></span> 
     </span>
    </p>

    <p class='ocr_par' dir='ltr' id='par_1_5' title="bbox 89 1540 1068 1975">
     <span class='ocr_line' id='line_1_15' title="bbox 89 1540 1005 1622; baseline -0.004 -16"><span class='ocrx_word' id='word_1_90' title='bbox 89 1556 153 1606; x_wconf 73' lang='lat' dir='ltr'><strong>cac</strong></span> <span class='ocrx_word' id='word_1_91' title='bbox 170 1542 240 1603; x_wconf 86' lang='lat' dir='ltr'><strong>Nec</strong></span> <span class='ocrx_word' id='word_1_92' title='bbox 261 1542 377 1622; x_wconf 76' lang='lat' dir='ltr'><strong>refert,</strong></span> <span class='ocrx_word' id='word_1_93' title='bbox 400 1541 535 1602; x_wconf 82' lang='lat' dir='ltr'><strong>dominos</strong></span> <span class='ocrx_word' id='word_1_94' title='bbox 557 1541 641 1622; x_wconf 87' lang='lat' dir='ltr'><strong>illio,</strong></span> <span class='ocrx_word' id='word_1_95' title='bbox 664 1540 828 1603; x_wconf 83' lang='lat' dir='ltr'><strong>famulosne</strong></span> <span class='ocrx_word' id='word_1_96' title='bbox 852 1541 1005 1620; x_wconf 75' lang='lat' dir='ltr'><strong>roqdrasz</strong></span> 
     </span>
     <span class='ocr_line' id='line_1_16' title="bbox 169 1628 1068 1710; baseline -0.001 -19"><span class='ocrx_word' id='word_1_97' title='bbox 169 1630 251 1691; x_wconf 84' lang='lat' dir='ltr'><strong>Tota</strong></span> <span class='ocrx_word' id='word_1_98' title='bbox 273 1630 379 1691; x_wconf 90' lang='lat' dir='ltr'><strong>domus</strong></span> <span class='ocrx_word' id='word_1_99' title='bbox 402 1629 461 1690; x_wconf 92' lang='lat' dir='ltr'><strong>duo</strong></span> <span class='ocrx_word' id='word_1_100' title='bbox 484 1637 576 1710; x_wconf 87' lang='lat' dir='ltr'><strong>sunt,</strong></span> <span class='ocrx_word' id='word_1_101' title='bbox 598 1630 678 1692; x_wconf 90' lang='lat' dir='ltr'><strong>idem</strong></span> <span class='ocrx_word' id='word_1_102' title='bbox 700 1636 865 1709; x_wconf 89' lang='lat' dir='ltr'><strong>parentque</strong></span> <span class='ocrx_word' id='word_1_103' title='bbox 887 1628 1068 1708; x_wconf 79' lang='lat' dir='ltr'><strong>ludentque.</strong></span> 
     </span>
     <span class='ocr_line' id='line_1_17' title="bbox 169 1717 967 1799; baseline -0.003 -19"><span class='ocrx_word' id='word_1_104' title='bbox 169 1717 255 1797; x_wconf 78' lang='lat' dir='ltr'><strong>Ergo</strong></span> <span class='ocrx_word' id='word_1_105' title='bbox 278 1717 331 1779; x_wconf 93' lang='lat' dir='ltr'><strong>ubi</strong></span> <span class='ocrx_word' id='word_1_106' title='bbox 353 1717 509 1780; x_wconf 85' lang='lat' dir='ltr'><strong>caelicolae</strong></span> <span class='ocrx_word' id='word_1_107' title='bbox 532 1718 656 1798; x_wconf 90' lang='lat' dir='ltr'><strong>placitos</strong></span> <span class='ocrx_word' id='word_1_108' title='bbox 678 1720 805 1797; x_wconf 74' lang='lat' dir='ltr'><strong>tetigere</strong></span> <span class='ocrx_word' id='word_1_109' title='bbox 827 1724 967 1799; x_wconf 85' lang='lat' dir='ltr'><strong>penates,</strong></span> 
     </span>
     <span class='ocr_line' id='line_1_18' title="bbox 172 1805 1002 1887; baseline 0.001 -20"><span class='ocrx_word' id='word_1_110' title='bbox 172 1806 402 1885; x_wconf 88' lang='lat' dir='ltr'><strong>Summissoquc</strong></span> <span class='ocrx_word' id='word_1_111' title='bbox 425 1805 553 1868; x_wconf 87' lang='lat' dir='ltr'><strong>humiles</strong></span> <span class='ocrx_word' id='word_1_112' title='bbox 575 1808 726 1868; x_wconf 87' lang='lat' dir='ltr'><strong>intrarunt</strong></span> <span class='ocrx_word' id='word_1_113' title='bbox 747 1807 859 1868; x_wconf 76' lang='lat' dir='ltr'><strong>certios</strong></span> <span class='ocrx_word' id='word_1_114' title='bbox 882 1813 1002 1887; x_wconf 85' lang='lat' dir='ltr'><strong>postes,</strong></span> 
     </span>
     <span class='ocr_line' id='line_1_19' title="bbox 169 1893 932 1975; baseline 0 -20"><span class='ocrx_word' id='word_1_115' title='bbox 169 1893 307 1956; x_wconf 79' lang='lat' dir='ltr'><strong>Membra</strong></span> <span class='ocrx_word' id='word_1_116' title='bbox 330 1911 421 1955; x_wconf 84' lang='lat' dir='ltr'><strong>senex</strong></span> <span class='ocrx_word' id='word_1_117' title='bbox 444 1896 541 1974; x_wconf 91' lang='lat' dir='ltr'><strong>posito</strong></span> <span class='ocrx_word' id='word_1_118' title='bbox 563 1896 652 1956; x_wconf 92' lang='lat' dir='ltr'><strong>iussit</strong></span> <span class='ocrx_word' id='word_1_119' title='bbox 673 1894 806 1955; x_wconf 84' lang='lat' dir='ltr'><strong>relevare</strong></span> <span class='ocrx_word' id='word_1_120' title='bbox 829 1893 932 1975; x_wconf 86' lang='lat' dir='ltr'><strong>sedili,</strong></span> 
     </span>
    </p>

    <p class='ocr_par' dir='ltr' id='par_1_6' title="bbox 93 1981 965 2416">
     <span class='ocr_line' id='line_1_20' title="bbox 93 1981 965 2062; baseline -0.006 -15"><span class='ocrx_word' id='word_1_121' title='bbox 93 1996 154 2047; x_wconf 74' lang='lat' dir='ltr'><strong>uo</strong></span> <span class='ocrx_word' id='word_1_122' title='bbox 171 1982 243 2055; x_wconf 84' lang='lat' dir='ltr'><strong>Quo</strong></span> <span class='ocrx_word' id='word_1_123' title='bbox 265 1982 461 2062; x_wconf 86' lang='lat' dir='ltr'><strong>superiniecit</strong></span> <span class='ocrx_word' id='word_1_124' title='bbox 481 1989 596 2044; x_wconf 83' lang='lat' dir='ltr'><strong>textum</strong></span> <span class='ocrx_word' id='word_1_125' title='bbox 618 1982 695 2044; x_wconf 88' lang='lat' dir='ltr'><strong>rude</strong></span> <span class='ocrx_word' id='word_1_126' title='bbox 717 1981 820 2044; x_wconf 84' lang='lat' dir='ltr'><strong>sedula</strong></span> <span class='ocrx_word' id='word_1_127' title='bbox 841 1981 965 2044; x_wconf 89' lang='lat' dir='ltr'><strong>Baucis.</strong></span> 
     </span>
     <span class='ocr_line' id='line_1_21' title="bbox 171 2069 954 2151; baseline 0 -19"><span class='ocrx_word' id='word_1_128' title='bbox 171 2070 248 2132; x_wconf 90' lang='lat' dir='ltr'><strong>lndc</strong></span> <span class='ocrx_word' id='word_1_129' title='bbox 270 2072 338 2132; x_wconf 87' lang='lat' dir='ltr'><strong>loco</strong></span> <span class='ocrx_word' id='word_1_130' title='bbox 361 2069 495 2150; x_wconf 90' lang='lat' dir='ltr'><strong>tepidum</strong></span> <span class='ocrx_word' id='word_1_131' title='bbox 518 2073 651 2132; x_wconf 86' lang='lat' dir='ltr'><strong>cinerem</strong></span> <span class='ocrx_word' id='word_1_132' title='bbox 673 2070 795 2132; x_wconf 84' lang='lat' dir='ltr'><strong>dimovit</strong></span> <span class='ocrx_word' id='word_1_133' title='bbox 817 2078 848 2132; x_wconf 90' lang='lat' dir='ltr'><strong>et</strong></span> <span class='ocrx_word' id='word_1_134' title='bbox 869 2072 954 2151; x_wconf 75' lang='lat' dir='ltr'><strong>ignes</strong></span> 
     </span>
     <span class='ocr_line' id='line_1_22' title="bbox 174 2158 941 2237; baseline 0 -17"><span class='ocrx_word' id='word_1_135' title='bbox 174 2159 310 2220; x_wconf 80' lang='lat' dir='ltr'><strong>Suscitat</strong></span> <span class='ocrx_word' id='word_1_136' title='bbox 331 2158 488 2220; x_wconf 85' lang='lat' dir='ltr'><strong>hesternos</strong></span> <span class='ocrx_word' id='word_1_137' title='bbox 511 2158 649 2237; x_wconf 78' lang='lat' dir='ltr'><strong>foliisque</strong></span> <span class='ocrx_word' id='word_1_138' title='bbox 672 2166 704 2220; x_wconf 91' lang='lat' dir='ltr'><strong>ct</strong></span> <span class='ocrx_word' id='word_1_139' title='bbox 725 2160 837 2222; x_wconf 90' lang='lat' dir='ltr'><strong>cortlcc</strong></span> <span class='ocrx_word' id='word_1_140' title='bbox 861 2161 941 2220; x_wconf 91' lang='lat' dir='ltr'><strong>sicco</strong></span> 
     </span>
     <span class='ocr_line' id='line_1_23' title="bbox 173 2246 932 2327; baseline -0.001 -18"><span class='ocrx_word' id='word_1_141' title='bbox 173 2247 276 2309; x_wconf 88' lang='lat' dir='ltr'><strong>Nutrit</strong></span> <span class='ocrx_word' id='word_1_142' title='bbox 298 2255 330 2309; x_wconf 91' lang='lat' dir='ltr'><strong>et</strong></span> <span class='ocrx_word' id='word_1_143' title='bbox 352 2247 388 2308; x_wconf 91' lang='lat' dir='ltr'><strong>ad</strong></span> <span class='ocrx_word' id='word_1_144' title='bbox 410 2247 542 2308; x_wconf 87' lang='lat' dir='ltr'><strong>dammas</strong></span> <span class='ocrx_word' id='word_1_145' title='bbox 564 2249 662 2308; x_wconf 90' lang='lat' dir='ltr'><strong>anima</strong></span> <span class='ocrx_word' id='word_1_146' title='bbox 683 2246 823 2327; x_wconf 86' lang='lat' dir='ltr'><strong>producit</strong></span> <span class='ocrx_word' id='word_1_147' title='bbox 845 2247 932 2327; x_wconf 86' lang='lat' dir='ltr'><strong>anili,</strong></span> 
     </span>
     <span class='ocr_line' id='line_1_24' title="bbox 173 2334 906 2416; baseline 0.001 -19"><span class='ocrx_word' id='word_1_148' title='bbox 173 2334 394 2416; x_wconf 71' lang='lat' dir='ltr'><strong>Multifidasque</strong></span> <span class='ocrx_word' id='word_1_149' title='bbox 417 2335 498 2397; x_wconf 86' lang='lat' dir='ltr'><strong>lacos</strong></span> <span class='ocrx_word' id='word_1_150' title='bbox 519 2335 698 2415; x_wconf 86' lang='lat' dir='ltr'><strong>ramaliaque</strong></span> <span class='ocrx_word' id='word_1_151' title='bbox 721 2336 803 2397; x_wconf 87' lang='lat' dir='ltr'><strong>arida</strong></span> <span class='ocrx_word' id='word_1_152' title='bbox 825 2343 906 2398; x_wconf 91' lang='lat' dir='ltr'><strong>tecto</strong></span> 
     </span>
    </p>

    <p class='ocr_par' dir='ltr' id='par_1_7' title="bbox 98 2422 1062 2857">
     <span class='ocr_line' id='line_1_25' title="bbox 98 2422 927 2504; baseline -0.004 -15"><span class='ocrx_word' id='word_1_153' title='bbox 98 2437 158 2489; x_wconf 76' lang='lat' dir='ltr'><strong>cto</strong></span> <span class='ocrx_word' id='word_1_154' title='bbox 175 2423 289 2485; x_wconf 86' lang='lat' dir='ltr'><strong>Detulit</strong></span> <span class='ocrx_word' id='word_1_155' title='bbox 306 2431 338 2486; x_wconf 95' lang='lat' dir='ltr'><strong>et</strong></span> <span class='ocrx_word' id='word_1_156' title='bbox 359 2426 488 2504; x_wconf 88' lang='lat' dir='ltr'><strong>minuit,</strong></span> <span class='ocrx_word' id='word_1_157' title='bbox 510 2441 661 2503; x_wconf 83' lang='lat' dir='ltr'><strong>parvoque</strong></span> <span class='ocrx_word' id='word_1_158' title='bbox 684 2422 814 2485; x_wconf 80' lang='lat' dir='ltr'><strong>admovit</strong></span> <span class='ocrx_word' id='word_1_159' title='bbox 836 2428 927 2486; x_wconf 75' lang='lat' dir='ltr'><strong>aeno.</strong></span> 
     </span>
     <span class='ocr_line' id='line_1_26' title="bbox 175 2511 993 2593; baseline -0.001 -20"><span class='ocrx_word' id='word_1_160' title='bbox 175 2512 323 2592; x_wconf 80' lang='lat' dir='ltr'><strong>Quodque</strong></span> <span class='ocrx_word' id='word_1_161' title='bbox 346 2530 420 2573; x_wconf 90' lang='lat' dir='ltr'><strong>suus</strong></span> <span class='ocrx_word' id='word_1_162' title='bbox 443 2515 573 2574; x_wconf 86' lang='lat' dir='ltr'><strong>coniunx</strong></span> <span class='ocrx_word' id='word_1_163' title='bbox 595 2515 682 2592; x_wconf 78' lang='lat' dir='ltr'><strong>riguo</strong></span> <span class='ocrx_word' id='word_1_164' title='bbox 705 2512 865 2593; x_wconf 79' lang='lat' dir='ltr'><strong>collegerat</strong></span> <span class='ocrx_word' id='word_1_165' title='bbox 887 2511 993 2593; x_wconf 79' lang='lat' dir='ltr'><strong>horto,</strong></span> 
     </span>
     <span class='ocr_line' id='line_1_27' title="bbox 175 2598 1062 2673; baseline 0.002 -13"><span class='ocrx_word' id='word_1_166' title='bbox 175 2600 310 2662; x_wconf 85' lang='lat' dir='ltr'><strong>Truncat</strong></span> <span class='ocrx_word' id='word_1_167' title='bbox 331 2599 419 2662; x_wconf 86' lang='lat' dir='ltr'><strong>bolus</strong></span> <span class='ocrx_word' id='word_1_168' title='bbox 441 2600 542 2662; x_wconf 83' lang='lat' dir='ltr'><strong>follis.</strong></span> <span class='ocrx_word' id='word_1_169' title='bbox 565 2601 650 2662; x_wconf 79' lang='lat' dir='ltr'><strong>furca</strong></span> <span class='ocrx_word' id='word_1_170' title='bbox 672 2600 749 2662; x_wconf 84' lang='lat' dir='ltr'><strong>levat</strong></span> <span class='ocrx_word' id='word_1_171' title='bbox 771 2600 820 2663; x_wconf 91' lang='lat' dir='ltr'><strong>ille</strong></span> <span class='ocrx_word' id='word_1_172' title='bbox 843 2598 960 2662; x_wconf 83' lang='lat' dir='ltr'><strong>bicorni</strong></span> <span class='ocrx_word' id='word_1_173' title='bbox 1059 2666 1062 2673; x_wconf 59' lang='grc'>,</span> 
     </span>
     <span class='ocr_line' id='line_1_28' title="bbox 176 2687 910 2771; baseline 0.001 -22"><span class='ocrx_word' id='word_1_174' title='bbox 176 2687 303 2749; x_wconf 89' lang='lat' dir='ltr'><strong>Sordida</strong></span> <span class='ocrx_word' id='word_1_175' title='bbox 325 2696 409 2768; x_wconf 74' lang='lat' dir='ltr'><strong>terga</strong></span> <span class='ocrx_word' id='word_1_176' title='bbox 432 2690 495 2750; x_wconf 92' lang='lat' dir='ltr'><strong>suls</strong></span> <span class='ocrx_word' id='word_1_177' title='bbox 518 2690 604 2769; x_wconf 80' lang='lat' dir='ltr'><strong>nigro</strong></span> <span class='ocrx_word' id='word_1_178' title='bbox 627 2688 787 2769; x_wconf 89' lang='lat' dir='ltr'><strong>pendentia</strong></span> <span class='ocrx_word' id='word_1_179' title='bbox 810 2690 910 2771; x_wconf 81' lang='lat' dir='ltr'><strong>tigno,</strong></span> 
     </span>
     <span class='ocr_line' id='line_1_29' title="bbox 177 2775 915 2857; baseline 0 -19"><span class='ocrx_word' id='word_1_180' title='bbox 177 2775 362 2856; x_wconf 81' lang='lat' dir='ltr'><strong>Servatoque</strong></span> <span class='ocrx_word' id='word_1_181' title='bbox 385 2777 437 2838; x_wconf 91' lang='lat' dir='ltr'><strong>diu</strong></span> <span class='ocrx_word' id='word_1_182' title='bbox 459 2784 576 2838; x_wconf 90' lang='lat' dir='ltr'><strong>resecat</strong></span> <span class='ocrx_word' id='word_1_183' title='bbox 598 2776 635 2838; x_wconf 91' lang='lat' dir='ltr'><strong>de</strong></span> <span class='ocrx_word' id='word_1_184' title='bbox 657 2786 776 2857; x_wconf 81' lang='lat' dir='ltr'><strong>tergore</strong></span> <span class='ocrx_word' id='word_1_185' title='bbox 799 2784 915 2857; x_wconf 88' lang='lat' dir='ltr'><strong>partem</strong></span> 
     </span>
    </p>

    <p class='ocr_par' dir='ltr' id='par_1_8' title="bbox 102 2863 998 3036">
     <span class='ocr_line' id='line_1_30' title="bbox 102 2863 998 2945; baseline -0.007 -16"><span class='ocrx_word' id='word_1_186' title='bbox 102 2878 160 2929; x_wconf 77' lang='lat' dir='ltr'><strong>cco</strong></span> <span class='ocrx_word' id='word_1_187' title='bbox 180 2863 348 2945; x_wconf 78' lang='lat' dir='ltr'><strong>Exiguam,</strong></span> <span class='ocrx_word' id='word_1_188' title='bbox 370 2872 541 2944; x_wconf 88' lang='lat' dir='ltr'><strong>sectamque</strong></span> <span class='ocrx_word' id='word_1_189' title='bbox 564 2864 664 2927; x_wconf 91' lang='lat' dir='ltr'><strong>domat</strong></span> <span class='ocrx_word' id='word_1_190' title='bbox 686 2865 870 2928; x_wconf 78' lang='lat' dir='ltr'><strong>ferventibus</strong></span> <span class='ocrx_word' id='word_1_191' title='bbox 892 2865 998 2927; x_wconf 89' lang='lat' dir='ltr'><strong>undis.</strong></span> 
     </span>
     <span class='ocr_line' id='line_1_31' title="bbox 175 2952 897 3036; baseline 0 -21"><span class='ocrx_word' id='word_1_192' title='bbox 175 2952 294 3015; x_wconf 87' lang='lat' dir='ltr'><strong>Interea</strong></span> <span class='ocrx_word' id='word_1_193' title='bbox 316 2952 428 3014; x_wconf 89' lang='lat' dir='ltr'><strong>medias</strong></span> <span class='ocrx_word' id='word_1_194' title='bbox 451 2953 557 3014; x_wconf 81' lang='lat' dir='ltr'><strong>fanum</strong></span> <span class='ocrx_word' id='word_1_195' title='bbox 578 2953 768 3017; x_wconf 87' lang='lat' dir='ltr'><strong>sermonibus</strong></span> <span class='ocrx_word' id='word_1_196' title='bbox 789 2954 897 3036; x_wconf 85' lang='lat' dir='ltr'><strong>boras,</strong></span> 
     </span>
    </p>

    <p class='ocr_par' dir='ltr' id='par_1_9' title="bbox 103 3040 968 3212">
     <span class='ocr_line' id='line_1_32' title="bbox 103 3040 942 3121; baseline -0.004 -15"><span class='ocrx_word' id='word_1_197' title='bbox 103 3055 159 3106; x_wconf 76' lang='lat' dir='ltr'><strong>cos</strong></span> <span class='ocrx_word' id='word_1_198' title='bbox 177 3040 418 3121; x_wconf 84' lang='lat' dir='ltr'><strong>Concutiuntque</strong></span> <span class='ocrx_word' id='word_1_199' title='bbox 440 3051 540 3105; x_wconf 89' lang='lat' dir='ltr'><strong>torum</strong></span> <span class='ocrx_word' id='word_1_200' title='bbox 562 3041 600 3103; x_wconf 90' lang='lat' dir='ltr'><strong>dc</strong></span> <span class='ocrx_word' id='word_1_201' title='bbox 618 3041 700 3103; x_wconf 91' lang='lat' dir='ltr'><strong>molli</strong></span> <span class='ocrx_word' id='word_1_202' title='bbox 721 3042 853 3104; x_wconf 85' lang='lat' dir='ltr'><strong>fluminis</strong></span> <span class='ocrx_word' id='word_1_203' title='bbox 875 3041 942 3103; x_wconf 83' lang='lat' dir='ltr'><strong>ulva</strong></span> 
     </span>
     <span class='ocr_line' id='line_1_33' title="bbox 175 3128 968 3212; baseline 0.001 -21"><span class='ocrx_word' id='word_1_204' title='bbox 175 3129 342 3210; x_wconf 77' lang='lat' dir='ltr'><strong>Inpositam</strong></span> <span class='ocrx_word' id='word_1_205' title='bbox 364 3128 464 3212; x_wconf 87' lang='lat' dir='ltr'><strong>lecto,</strong></span> <span class='ocrx_word' id='word_1_206' title='bbox 486 3129 599 3210; x_wconf 92' lang='lat' dir='ltr'><strong>sponda</strong></span> <span class='ocrx_word' id='word_1_207' title='bbox 621 3130 807 3210; x_wconf 91' lang='lat' dir='ltr'><strong>pedibusque</strong></span> <span class='ocrx_word' id='word_1_208' title='bbox 829 3131 968 3210; x_wconf 75' lang='lat' dir='ltr'><strong>salignis.</strong></span> 
     </span>
    </p>
   </div>
   <div class='ocr_carea' id='block_1_3' title="bbox 104 3215 1099 3653">
    <p class='ocr_par' dir='ltr' id='par_1_10' title="bbox 174 3215 1099 3477">
     <span class='ocr_line' id='line_1_34' title="bbox 176 3215 1077 3301; baseline 0 -24"><span class='ocrx_word' id='word_1_209' title='bbox 176 3215 316 3280; x_wconf 82' lang='lat' dir='ltr'><strong>Vestibus</strong></span> <span class='ocrx_word' id='word_1_210' title='bbox 338 3217 560 3301; x_wconf 74' lang='lat' dir='ltr'><strong>boccacium,</strong></span> <span class='ocrx_word' id='word_1_211' title='bbox 583 3237 658 3298; x_wconf 88' lang='lat' dir='ltr'><strong>quas</strong></span> <span class='ocrx_word' id='word_1_212' title='bbox 680 3236 740 3280; x_wconf 93' lang='lat' dir='ltr'><strong>non</strong></span> <span class='ocrx_word' id='word_1_213' title='bbox 762 3221 822 3281; x_wconf 86' lang='lat' dir='ltr'><strong>nisi</strong></span> <span class='ocrx_word' id='word_1_214' title='bbox 843 3227 978 3298; x_wconf 89' lang='lat' dir='ltr'><strong>temporo</strong></span> <span class='ocrx_word' id='word_1_215' title='bbox 1001 3218 1077 3279; x_wconf 87' lang='lat' dir='ltr'><strong>iesto</strong></span> 
     </span>
     <span class='ocr_line' id='line_1_35' title="bbox 176 3305 1099 3385; baseline -0.003 -17"><span class='ocrx_word' id='word_1_216' title='bbox 176 3305 319 3368; x_wconf 85' lang='lat' dir='ltr'><strong>Sternere</strong></span> <span class='ocrx_word' id='word_1_217' title='bbox 342 3315 545 3369; x_wconf 78' lang='lat' dir='ltr'><strong>consuerent:</strong></span> <span class='ocrx_word' id='word_1_218' title='bbox 567 3305 621 3367; x_wconf 88' lang='lat' dir='ltr'><strong>sed</strong></span> <span class='ocrx_word' id='word_1_219' title='bbox 649 3314 680 3368; x_wconf 90' lang='lat' dir='ltr'><strong>ct</strong></span> <span class='ocrx_word' id='word_1_220' title='bbox 701 3306 774 3369; x_wconf 90' lang='lat' dir='ltr'><strong>baec</strong></span> <span class='ocrx_word' id='word_1_221' title='bbox 801 3306 927 3385; x_wconf 83' lang='lat' dir='ltr'><strong>vilisque</strong></span> <span class='ocrx_word' id='word_1_222' title='bbox 954 3312 1099 3385; x_wconf 77' lang='lat' dir='ltr'><strong>nouasque</strong></span> 
     </span>
     <span class='ocr_line' id='line_1_36' title="bbox 174 3393 918 3477; baseline -0.003 -21"><span class='ocrx_word' id='word_1_223' title='bbox 174 3393 273 3457; x_wconf 81' lang='lat' dir='ltr'><strong>Vestis</strong></span> <span class='ocrx_word' id='word_1_224' title='bbox 296 3402 382 3477; x_wconf 88' lang='lat' dir='ltr'><strong>erat,</strong></span> <span class='ocrx_word' id='word_1_225' title='bbox 403 3393 481 3458; x_wconf 90' lang='lat' dir='ltr'><strong>lecto</strong></span> <span class='ocrx_word' id='word_1_226' title='bbox 504 3412 565 3456; x_wconf 91' lang='lat' dir='ltr'><strong>non</strong></span> <span class='ocrx_word' id='word_1_227' title='bbox 587 3395 766 3475; x_wconf 76' lang='lat' dir='ltr'><strong>indignanda</strong></span> <span class='ocrx_word' id='word_1_228' title='bbox 788 3395 918 3474; x_wconf 78' lang='lat' dir='ltr'><strong>saligno.</strong></span> 
     </span>
    </p>

    <p class='ocr_par' dir='ltr' id='par_1_11' title="bbox 104 3482 1025 3653">
     <span class='ocr_line' id='line_1_37' title="bbox 104 3482 994 3563; baseline -0.001 -17"><span class='ocrx_word' id='word_1_229' title='bbox 104 3497 162 3547; x_wconf 76' lang='lat' dir='ltr'><strong>ecc</strong></span> <span class='ocrx_word' id='word_1_230' title='bbox 175 3482 352 3545; x_wconf 74' lang='lat' dir='ltr'><strong>Accubuere</strong></span> <span class='ocrx_word' id='word_1_231' title='bbox 375 3482 445 3545; x_wconf 90' lang='lat' dir='ltr'><strong>dci.</strong></span> <span class='ocrx_word' id='word_1_232' title='bbox 472 3500 605 3546; x_wconf 88' lang='lat' dir='ltr'><strong>mensam</strong></span> <span class='ocrx_word' id='word_1_233' title='bbox 628 3486 780 3546; x_wconf 89' lang='lat' dir='ltr'><strong>succincta</strong></span> <span class='ocrx_word' id='word_1_234' title='bbox 802 3492 994 3563; x_wconf 87' lang='lat' dir='ltr'><strong>tremensque</strong></span> 
     </span>
     <span class='ocr_line' id='line_1_38' title="bbox 176 3570 1025 3653; baseline 0 -21"><span class='ocrx_word' id='word_1_235' title='bbox 176 3571 265 3633; x_wconf 82' lang='lat' dir='ltr'><strong>Ponlt</strong></span> <span class='ocrx_word' id='word_1_236' title='bbox 287 3588 384 3634; x_wconf 81' lang='lat' dir='ltr'><strong>anas.</strong></span> <span class='ocrx_word' id='word_1_237' title='bbox 410 3589 531 3634; x_wconf 87' lang='lat' dir='ltr'><strong>mensae</strong></span> <span class='ocrx_word' id='word_1_238' title='bbox 553 3570 606 3634; x_wconf 88' lang='lat' dir='ltr'><strong>sed</strong></span> <span class='ocrx_word' id='word_1_239' title='bbox 630 3580 694 3635; x_wconf 89' lang='lat' dir='ltr'><strong>erat</strong></span> <span class='ocrx_word' id='word_1_240' title='bbox 715 3591 769 3653; x_wconf 90' lang='lat' dir='ltr'><strong>pes</strong></span> <span class='ocrx_word' id='word_1_241' title='bbox 791 3574 899 3634; x_wconf 88' lang='lat' dir='ltr'><strong>tertius</strong></span> <span class='ocrx_word' id='word_1_242' title='bbox 920 3574 1025 3652; x_wconf 86' lang='lat' dir='ltr'><strong>inpar:</strong></span> 
     </span>
    </p>
   </div>
   <div class='ocr_carea' id='block_1_4' title="bbox 0 0 1238 4042">
    <p class='ocr_par' dir='ltr' id='par_1_12' title="bbox 0 0 1238 4042">
     <span class='ocr_line' id='line_1_39' title="bbox 0 0 1238 4042; baseline 0 0"><span class='ocrx_word' id='word_1_243' title='bbox 0 0 1238 4042; x_wconf 95' lang='lat' dir='ltr'><strong> </strong></span> 
     </span>
    </p>
   </div>
  </div>
 </body>
</html>
