2467 4042
423 223 470 273 VI.
490 224 638 274 aee-812.
966 215 1030 282 355

115 385 257 446 Convenit
280 393 310 446 et
333 386 448 465 servis,
471 400 556 445 serva
578 385 647 463 quia
671 382 785 442 Tullius
809 389 892 442 ortus

159 473 319 534 Constituit
342 472 448 533 dubiae
472 471 579 551 templa
602 473 768 550 propinqua
792 469 881 530 deae.

370 582 421 648 25.
443 580 507 647 Hc
553 582 604 646 26.
628 577 690 645 Ad

51 704 100 754 786
114 691 191 753 Ecce
215 691 384 753 suburbana
406 691 525 752 rediens
549 691 623 751 male
648 688 765 750 sobrius
788 687 859 749 aede

159 779 203 840 Ad
227 779 326 841 stelias
349 779 455 859 aliquis
477 779 545 839 talia
569 778 658 839 verba
680 779 765 838 iacit:

114 866 193 927 Zona
216 866 286 929 latet
308 875 359 928 tua
382 885 483 947 nunc,
507 877 537 928 et
558 884 625 927 cras
648 866 773 925 sortasse
796 863 916 925 latebit:

158 954 270 1015 Behinc
293 957 372 1035 erit,
395 954 509 1035 Orien,
532 952 700 1033 aspicienda
723 952 812 1013 mihi.

114 1042 152 1103 At
174 1044 201 1102 si
223 1060 282 1103 nen
305 1050 385 1105 esset
407 1050 517 1124 potus,
540 1041 664 1103 dixisset
686 1041 788 1101 eadem

49 1143 100 1192 790
158 1128 323 1192 Venturum
346 1139 465 1209 tempus
488 1129 641 1191 solstitiale
665 1129 730 1189 die.

351 1242 421 1306 nt.
445 1237 506 1305 Bc
551 1241 603 1306 28.
627 1236 683 1303 OF

114 1348 251 1410 Lucifero
274 1348 420 1410 subeunte
443 1348 535 1409 Lares
557 1347 679 1409 delubra
702 1346 836 1408 tulerunt

159 1436 233 1515 ilic,
258 1436 312 1497 ubi
333 1437 366 1496 fit
388 1436 473 1498 decta
496 1435 588 1496 multa
612 1452 721 1494 corona
743 1452 849 1495 manu.

115 1523 245 1601 Tempus
263 1524 340 1584 idem
356 1523 455 1585 Stator
472 1523 553 1584 aedis
572 1521 678 1603 habet,
697 1539 785 1600 quam
798 1521 941 1582 Romulus
960 1521 1029 1582 oiim

160 1611 236 1672 Ante
258 1611 382 1672 Palatini
405 1611 537 1672 condidit
559 1629 611 1672 ora
633 1612 712 1688 iugi.

458 1721 510 1785 29.
533 1719 594 1784 DF

49 1842 100 1891 795
115 1830 172 1891 Tot
194 1837 308 1892 restant
331 1830 368 1890 de
391 1847 493 1891 mense
517 1829 580 1890 dies
592 1877 601 1912 ,
625 1838 698 1908 quot
720 1829 839 1889 nomina
861 1826 979 1907 Parcis,

161 1917 235 1978 Cum
258 1918 324 1978 data
347 1925 418 1979 sunt
440 1917 559 1979 trabeae
582 1916 712 1996 templa,
737 1915 882 1996 Quirine,
904 1923 989 1976 tuae.

463 2029 515 2094 30.
537 2026 598 2093 nd

115 2138 245 2217 Tempus
267 2136 356 2199 Iuleis
379 2155 444 2198 cras
467 2145 513 2197 est
536 2136 631 2197 natale
654 2135 810 2198 Kalendis:

158 2225 313 2304 Pierides,
335 2227 448 2303 coeptis
471 2224 568 2285 addite
592 2242 706 2284 summa
729 2226 819 2285 meis.

115 2312 232 2392 Dicite,
254 2311 408 2392 Pierides,
432 2314 499 2392 quis
521 2330 574 2373 ros
596 2311 764 2372 adiunxerit
785 2313 852 2391 isti,

46 2413 101 2462 800
161 2400 215 2461 Cui
237 2399 319 2460 dedit
341 2401 446 2473 invitas
469 2403 545 2461 victa
568 2417 694 2461 noverca
716 2395 847 2460 manus?

116 2486 165 2549 Sic
187 2506 263 2567 ege.
304 2489 348 2548 sic
370 2485 451 2548 ctio:
484 2482 571 2548 ‘clari
593 2489 773 2548 monimenta
795 2485 923 2566 Philippi

158 2574 296 2656 Aspicis,
318 2574 397 2635 unde
421 2574 512 2636 trahit
534 2575 643 2635 Marcia
665 2582 745 2636 casta
767 2591 878 2654 genus:

112 2663 243 2743 Marcia,
265 2663 399 2723 sacrifico
423 2662 583 2724 deductum
606 2680 714 2723 nomen
736 2662 772 2723 ab
794 2663 894 2742 Anco,

158 2748 192 2811 ln
214 2768 272 2829 qua
294 2767 363 2829 pars
385 2750 476 2811 iacies
498 2750 649 2811 nobilitate
673 2768 726 2811 sua
749 2758 811 2812 est.

23 2851 73 2900 000
91 2839 163 2917 [Par
185 2840 282 2899 animo
306 2856 424 2917 quoque
447 2839 541 2899 torma
565 2856 619 2898 suo
642 2839 802 2918 respondet
823 2840 855 2899 in
877 2837 943 2919 illa,

155 2924 194 2988 Et
215 2944 311 3004 genus
333 2934 364 2987 et
386 2926 475 2987 iacies
497 2928 708 3005 ingeniumque
732 2923 851 3003 simui]

112 3013 174 3074 Nec
197 3014 275 3093 quod
299 3013 451 3075 laudamus
473 3015 597 3074 sormam
609 3060 620 3091 ,
642 3022 675 3075 tu
699 3023 786 3093 turpe
809 3015 942 3093 putaris:

155 3099 322 3164 Laudamus
344 3119 464 3181 magnas
487 3101 541 3162 hac
564 3119 683 3181 qunque
705 3109 789 3181 parte
813 3100 900 3162 deas.

112 3188 210 3268 Nupta
232 3191 288 3251 iuit
311 3191 458 3270 quondam
480 3196 638 3250 matertera
661 3189 796 3251 Caesaris
817 3188 876 3250 illi.

41 3290 96 3340 810
156 3276 181 3337 0
204 3278 317 3358 dectus,
340 3296 357 3338 ο
381 3295 463 3339 sacra
486 3278 595 3338 semina
618 3278 706 3356 digna
727 3272 849 3340 dome!'

112 3362 162 3424 Sic
184 3367 293 3425 cecinit
314 3363 398 3425 Clio.
439 3365 541 3426 docme
565 3383 720 3426 assensere
742 3382 878 3442 surores;

156 3450 267 3511 Annuit
287 3450 404 3512 Alcides
426 3454 633 3532 increpuitque
656 3454 766 3533 lyram.

425 3617 622 3642 ——40--
