2467 4042
195 201 238 267 96
361 219 483 257 emron
610 199 790 256 HETAbffl.

284 367 381 430 imber
404 375 468 429 erat
491 399 533 412 -
557 361 662 429 ‘vitam
685 387 774 430 meo.
802 366 923 430 subiere
946 370 1074 431 minores

285 458 379 538 Saepe
402 474 485 518 casas
508 459 611 537 superi
624 451 656 517 .''
684 457 773 518 dictis
795 465 827 518 et
847 465 983 537 tempore
1004 466 1100 520 motae

284 547 509 625 Annuimusque
532 546 619 626 viro,
640 547 811 625 primasque
833 547 1009 607 intravimus
1031 545 1131 607 aedes.

220 646 271 696 28⁵
286 634 442 696 Desierant
463 632 597 715 imbres,
620 636 757 713 victoque
781 633 971 713 aquilonibus
993 643 1092 695 austro

283 723 378 784 Fusca
400 732 560 802 repurgato
582 721 735 802 fugiebant
755 720 857 783 nubila
880 722 980 784 caelo.

282 811 414 892 impetus
436 814 481 872 ire
505 812 582 873 luit.
609 811 720 872 claudit
742 829 796 873 sua
818 818 896 872 tecta
919 811 1091 893 Pyreneus,

283 899 408 980 Vimque
430 908 536 980 parat.
564 917 654 979 quam
671 917 727 961 nos
750 901 877 979 sumptis
900 900 1056 979 effugimus
1079 898 1166 965 alis..

284 989 352 1069 lpse
375 997 516 1051 secuturo
539 988 644 1049 similis
667 990 750 1050 stetit
772 988 883 1049 arduus
906 1006 994 1069 arce,

218 1090 270 1141 tto
284 1072 384 1148 “Qua'
399 1095 457 1156 que
481 1073 539 1138 ‘via
558 1086 604 1139 est
616 1075 723 1157 vobis,
746 1079 804 1137 erit
817 1086 849 1136 et
862 1072 946 1138 mihi’
961 1076 1036 1140 dixit
1048 1073 1153 1138 ‘eadem
1160 1071 1191 1157 ,'’

284 1166 382 1245 Seque
404 1168 474 1227 iacit
495 1183 600 1227 vecors
623 1183 640 1226 e
663 1183 794 1227 summae
819 1163 947 1226 culmine
972 1168 1080 1247 turris,

283 1253 322 1315 lit
344 1254 423 1316 cadit
444 1256 475 1314 in
498 1254 620 1334 vultus,
643 1254 830 1333 discussique
852 1252 971 1316 ossibus
995 1257 1055 1316 oris

283 1343 395 1404 Tundit
417 1342 541 1404 humum
563 1344 695 1404 moriens
717 1343 862 1405 scelerato
886 1345 1030 1422 sanguine
1053 1345 1166 1404 tinctam
1175 1337 1192 1402 .'

283 1431 367 1492 blusa
389 1431 587 1511 loquebatur:
609 1449 724 1511 pennae
748 1449 876 1492 sonuere
898 1449 954 1510 per
977 1449 1080 1513 auras,

218 1532 270 1582 reo
283 1518 405 1600 Verque
428 1519 607 1581 salutantum
631 1522 722 1581 ramis
743 1518 880 1581 veniebat
902 1518 939 1580 ab
962 1519 1046 1582 eltis.

285 1608 440 1691 Suspicit,
463 1617 494 1670 et
515 1609 656 1692 linguae,
679 1611 817 1689 quaerit,
840 1616 900 1669 tam
924 1617 1006 1670 certa
1028 1608 1173 1688 loquentes

283 1696 367 1759 Unde
390 1706 517 1759 sonent.
545 1697 754 1777 hominemque
777 1705 861 1777 putat
883 1695 950 1757 lore
974 1697 1189 1760 natolocutum.

284 1786 352 1847 Ales
374 1795 459 1848 erat.
488 1804 673 1866 numeroque
697 1804 825 1867 novem,
848 1803 902 1846 sua
924 1786 982 1847 iata
1006 1793 1171 1865 querentes,

284 1874 457 1936 institerant
478 1877 569 1937 ramis
590 1876 741 1936 imitantes
764 1875 861 1936 omnia
882 1876 983 1953 picae.

217 1976 270 2026 300
283 1963 402 2024 Miranti
424 1966 468 2026 sic
490 1981 559 2025 orsa
581 1964 653 2025 deae
677 1964 752 2025 dea.
781 1959 889 2042 ‘nuper
911 1971 942 2025 et
962 1964 1037 2024 istae

284 2053 438 2114 Auxemnt
459 2052 613 2113 volucrum
636 2054 730 2114 victae
753 2053 914 2113 certamine
938 2051 1072 2113 turbam.

284 2140 387 2202 Pieros
406 2140 459 2201 has
482 2142 585 2221 genuit
607 2139 732 2203 Pellaeis
755 2140 837 2202 diros
860 2142 890 2200 in
914 2142 1010 2203 arvis:

284 2229 409 2290 Paeonis
432 2228 548 2309 Euippe
571 2237 667 2291 mater
690 2230 766 2290 tuit.
794 2228 843 2290 illa
866 2236 1018 2308 potentem

284 2318 427 2380 Lucinam
450 2321 596 2400 noviens,
618 2320 742 2380 noviens
764 2319 898 2397 paritura
910 2365 919 2399 ,
942 2319 1071 2379 vocavit.

217 2417 269 2469 305
283 2406 428 2469 intumuit
450 2423 575 2469 numero
598 2406 773 2468 stohdarum
796 2405 882 2467 turba
905 2423 1060 2487 sororum,

284 2495 401 2576 Perque
424 2503 468 2558 tot
490 2494 667 2557 Haemonias
690 2504 721 2557 et
742 2513 796 2575 per
819 2502 864 2555 tot
886 2493 1029 2556 hebaldus
1053 2493 1135 2557 urbes

284 2582 349 2645 lluc
372 2586 506 2646 renitet
529 2584 579 2645 tali
603 2586 761 2645 committit
783 2581 895 2663 proelia
917 2601 1007 2645 voce:
1223 2594 1224 2601 ’

286 2668 441 2734 “Desinite
464 2672 617 2734 indoctum
641 2690 713 2733 vana
736 2671 892 2733 dulcedine
915 2671 1020 2751 uulgus

283 2760 418 2823 Fallere.
445 2760 623 2843 nobiscum,
647 2763 730 2840 siqua
754 2769 800 2822 est
821 2759 928 2822 liducia
950 2760 1050 2842 robis,

218 2861 270 2912 ere
284 2849 488 2932 Thespiades,
512 2858 646 2932 certate,
669 2850 764 2912 deae.
793 2866 848 2910 nec
871 2867 965 2930 voce,
988 2866 1044 2909 nec
1066 2858 1129 2912 arte·
1223 2906 1224 2931 ,

284 2938 466 3001 vincemur:
489 2939 673 3018 totidemque
697 2955 821 3000 sumus.
849 2937 895 2998 vel
918 2936 1013 2999 cedite
1037 2938 1123 3000 victae
1223 2942 1224 2975 ³

284 3027 377 3090 Fonte
400 3027 557 3090 Medusaeo
580 3037 611 3089 et
632 3026 764 3107 Hyantea
786 3026 955 3108 Aganippe,

284 3115 337 3178 Vel
360 3134 415 3178 nos
437 3115 580 3178 Emathiis
604 3117 640 3178 ad
663 3115 794 3177 Paeonas
818 3133 914 3195 usque
937 3116 1055 3177 nivosos

286 3204 431 3267 Cedamus
454 3206 586 3285 campis.
615 3204 756 3266 dirimant
779 3205 939 3266 certamina
962 3202 1102 3284 nymphae
1111 3199 1138 3265 .'’

219 3305 271 3355 ³15
285 3294 387 3374 'lurpe
410 3293 530 3373 quidem
554 3292 734 3354 contendere
758 3302 844 3374 erat,
866 3291 919 3353 sed
943 3291 1048 3354 cedere
1069 3296 1153 3355 visun

285 3382 438 3461 Turrpirrs.
466 3382 577 3444 electae
600 3385 701 3444 iurant
721 3399 776 3462 per
800 3381 920 3443 ilrrmina
942 3380 1101 3466 nymphae,

287 3470 434 3549 Factaque
458 3470 494 3532 de
517 3473 583 3532 viro
606 3489 745 3552 pressere
769 3471 871 3533 sedilia
894 3488 981 3533 saxo.

286 3557 371 3619 Tunc
395 3561 459 3620 sine
483 3568 564 3621 sorte
587 3561 671 3641 prior
690 3578 765 3642 quae
793 3579 826 3622 se
850 3569 965 3623 certare
987 3563 1115 3643 professa
1133 3563 1180 3637 est,
