2467 4042
449 240 495 293 1v.
513 244 719 294 1173-11169.
792 299 800 316 ⁸
1045 237 1087 303 67

166 400 274 463 Tristis
296 398 361 463 es?
397 402 536 481 indignor
548 449 557 484 ,
584 403 664 482 qued
688 406 744 465 sim
767 403 822 467 tibi
848 422 938 466 eausa
960 403 1088 466 doloris:

167 488 233 551 Nou
256 486 320 551 es?
357 500 408 571 at,
432 493 539 552 amisse
563 494 690 571 coniuge
713 492 823 575 digua,
845 493 944 555 eres.

120 589 154 638 85
169 577 215 655 Tu
238 596 309 638 vere
332 585 384 639 tua
405 578 511 640 damna
533 579 623 659 dele,
645 582 802 642 mitissima
824 582 970 662 muium,

168 665 298 746 Tempus
321 673 352 727 et
374 685 392 727 e
413 669 527 729 uestris
550 670 634 748 exige
657 671 743 730 triste
765 669 867 751 malis,

168 753 281 833 Fleque
303 772 387 815 meos
410 754 514 817 casus!
556 766 603 818 est
623 756 769 836 quaedam
790 757 864 820 llere
886 757 1038 836 voluptas:

166 841 311 923 Expletur
333 842 464 906 lacrimis
487 846 679 924 egeriturque
703 845 804 907 dulor,

167 931 265 1010 Atque
288 933 401 993 utinam
423 930 550 1011 lugenda
572 931 629 993 tibi
651 952 712 994 rseu
734 936 793 995 vita
804 978 814 1014 ,
837 933 890 995 sed
913 940 993 996 esset

118 1029 154 1080 40
167 1018 247 1080 Mors
270 1037 357 1101 mea,
379 1027 476 1081 morte
499 1020 580 1081 seres
603 1021 664 1082 sela
686 1021 791 1083 relicta
812 1022 895 1083 meal

169 1106 299 1188 Spiritus
322 1107 371 1169 hic
394 1116 501 1188 perte
524 1110 637 1189 patrias
659 1111 770 1171 exisset
791 1112 822 1171 in
846 1127 950 1191 auras,

170 1195 356 1275 Sparsisseut
377 1195 516 1259 lacrimae
539 1214 665 1277 corpure
687 1206 790 1260 uestra
812 1200 896 1279 pise,

171 1284 378 1364 supremoque
400 1284 449 1346 (lie
471 1292 577 1347 uotum
600 1290 764 1366 spermatis
786 1287 900 1349 eaelum

169 1371 328 1434 Texissent
350 1372 435 1452 digiti
457 1372 569 1436 lumina
591 1382 693 1436 uestra
715 1377 777 1437 tui.

122 1470 156 1520 45
170 1458 209 1521 Et
231 1460 307 1521 einis
330 1462 361 1522 iu
384 1461 500 1524 tumulo
522 1464 639 1543 pesitus
661 1464 803 1525 iacuisset
824 1464 920 1543 avitu,

103 1600 105 1602 .
171 1547 321 1628 Tectaque
343 1552 478 1612 nascenti
500 1568 610 1631 eorpus
633 1550 758 1612 baberet
779 1551 907 1631 humus3

171 1636 328 1718 Denique,
350 1646 385 1699 ut
406 1647 438 1701 et
459 1640 519 1700 rixi
531 1687 541 1720 ‚
567 1641 631 1700 siue
654 1640 778 1702 erimine
800 1647 937 1700 mortuus
960 1654 1074 1699 essem.

170 1723 256 1787 Nune
272 1725 345 1787 ¹mea
367 1726 513 1807 supplicio
536 1729 595 1789 vita
617 1726 755 1807 pudenda
778 1745 833 1789 suo
857 1734 920 1788 est.

171 1812 217 1875 lle
240 1816 405 1895 miserum,
427 1817 454 1877 si
476 1823 532 1896 tu,
555 1833 624 1876 eum
648 1815 756 1877 diceris
779 1814 874 1877 exulis
898 1832 990 1895 uxor,

124 1913 158 1962 50
173 1901 290 1963 evertis
312 1901 411 1964 vultus
435 1911 465 1964 et
488 1902 644 1982 subitura
667 1902 777 1968 rubori

172 1989 219 2051 lle
241 1992 407 2072 miserum,
429 1993 457 2052 si
477 1999 566 2072 turpe
590 1999 678 2072 putas
700 1991 773 2053 mihi
796 1999 889 2071 nupta
911 1989 1022 2052 rideri!

172 2077 219 2138 lle
242 2080 409 2162 miserum,
432 2080 458 2141 si
480 2087 510 2141 te
533 2082 592 2141 iam
614 2080 708 2160 pudet
730 2098 796 2142 esse
820 2077 933 2141 meaml

172 2165 304 2247 Tempus
325 2166 379 2228 ubi
402 2175 449 2229 est
470 2166 566 2249 illud,
589 2187 649 2248 que
672 2177 703 2231 te
725 2171 836 2230 iactare
858 2166 974 2229 solebas

172 2253 327 2337 Coniuge,
349 2273 406 2318 uee
428 2273 538 2317 nomeu
561 2257 747 2320 dissimulare
765 2253 847 2318 riri?

124 2352 159 2402 se
173 2341 304 2423 Tempus
322 2342 375 2405 ubi
393 2352 461 2425 est,
485 2353 639 2424 quote-
656 2348 715 2407 uisi
734 2364 794 2407 ueu
812 2346 857 2406 vis
875 2343 925 2405 illa
943 2343 1095 2407 referri-

173 2429 212 2491 Et
234 2429 294 2492 dici
306 2478 317 2511 ,
339 2435 482 2514 memini,
505 2436 581 2496 iuvit
604 2442 635 2496 et
657 2452 725 2496 esse
747 2428 870 2495 meam?

173 2517 272 2598 thue
294 2518 387 2599 proba
410 2520 534 2601 dignum
556 2531 621 2603 est,
649 2524 729 2584 omui
753 2521 809 2584 tibi
833 2521 902 2583 dete
925 2519 1092 2601 placebam:

175 2605 309 2670 ludebat
331 2610 410 2670 veris
432 2609 526 2673 multa
548 2612 674 2673 laventis
697 2629 800 2673 amer.

172 2694 258 2778 Nee,
276 2715 366 2777 quem
379 2700 547 2779 praeferres
558 2733 594 2745 -
611 2703 653 2762 ita
671 2718 721 2763 res
739 2699 794 2761 tibi
808 2716 911 2778 magna
929 2695 1049 2759 videbar
1061 2728 1096 2738 —

126 2797 159 2846 60
175 2785 331 2867 Quemque
354 2795 440 2849 tuum
463 2788 565 2852 malles
588 2808 678 2872 esse,
700 2791 746 2851 vir
769 2788 843 2850 alter
866 2795 948 2849 erat.

173 2872 259 2936 Nunc
274 2893 393 2956 quoque
407 2895 446 2938 ue
460 2877 586 2961 pudeat,
599 2879 680 2958 quod
695 2880 736 2940 sis
750 2876 823 2938 milri
837 2884 946 2956 uupta3
966 2883 1096 2952 tuusque

174 2960 241 3022 Neu
264 2961 353 3024 debet
375 2964 460 3026 delur
482 2965 575 3048 hiup,
598 2965 688 3027 debet
710 2965 814 3027 abesse
836 2963 951 3044 pudor.

175 3047 250 3110 Cum
273 3051 383 3112 eeeidit
405 3050 560 3132 Capaneus
583 3053 682 3115 subite
705 3055 883 3114 temerarius
905 3053 987 3130 ictu,

175 3135 253 3199 Num
275 3138 351 3217 legis
373 3137 517 3200 Euadnen
540 3140 697 3202 erubuisse
720 3137 811 3201 viro?

128 3236 162 3286 at
176 3223 238 3287 Nee
262 3229 331 3305 quia
355 3243 408 3287 rex
430 3227 535 3289 muudi
557 3230 742 3308 compescuit
764 3225 884 3307 ignibus
907 3226 1010 3305 ignes,

174 3313 243 3394 lpse
265 3315 329 3376 suis
351 3315 504 3377 Phaethon
527 3314 698 3378 infitiandus
722 3324 803 3397 erat;

175 3402 238 3464 Nee
262 3402 378 3466 Semele
402 3404 511 3467 Cadmo
535 3407 612 3466 laeta
635 3413 682 3466 est
705 3403 799 3466 aliens
822 3404 956 3485 parenti,

176 3491 262 3563 Quod
285 3493 426 3573 precibus
448 3496 539 3574 periit
562 3494 716 3556 ambitiosa
739 3494 819 3555 suis.

175 3580 237 3643 Nee
260 3581 337 3664 tibi,
360 3582 440 3662 quod
463 3587 559 3646 saevis
587 3601 641 3663 ego
671 3601 736 3646 sum
761 3580 839 3643 lovis
861 3578 980 3660 ignibus
1003 3583 1092 3654 ictus,

903 3680 940 3736 5*
