2467 4042
249 268 355 330 11111.
378 266 482 346 [111111
506 265 661 326 nunus
685 264 881 326 rra-195.
1014 263 1070 329 151

174 424 336 485 Ponuntur
349 419 453 480 medio
471 436 525 480 eur
541 434 609 479 mea
626 417 762 478 membra
779 425 867 480 torar
948 482 952 489 ,

133 507 227 582 Quod
241 507 365 580 timeas,
387 520 450 565 non
467 511 524 564 est.
547 518 626 564 auso
642 503 749 562 Venus
766 502 835 578 ipsa
851 503 973 571 favebit,

73 603 120 658 tto
174 591 300 653 Sternet
313 596 345 651 et
358 603 534 665 aequoreas
551 602 688 660 aequore
702 594 772 646 nata
785 587 864 648 vias.

130 677 181 737 lre
197 675 272 736 tibet
284 674 405 735 medias
420 671 479 747 ipsi
494 671 567 731 mihi
581 685 678 745 saepe
692 685 749 745 per
762 670 870 732 undas.

174 760 243 821 Sed
258 761 339 821 sotet
352 757 413 817 hoe
429 756 566 816 maribus
579 755 674 815 tutius
689 769 761 815 esse
776 755 894 817 iratum.

128 844 212 905 Nam
228 859 285 905 eur
297 843 358 902 hue
373 840 471 901 vectis
486 838 597 900 Phrixo
611 838 777 914 Phrixique
792 853 900 901 sorore

175 929 254 990 Sola
270 927 356 989 dedit
371 926 469 986 vastis
484 922 596 984 femina
614 937 726 983 nomen
743 923 856 998 aquist

71 1023 117 1080 115
128 1011 276 1075 Forsitan
291 1010 333 1071 ad
346 1010 476 1071 reditum
490 1015 609 1068 metuas
624 1021 664 1066 no
681 1016 819 1082 tempora
835 1007 945 1078 derint,

174 1094 372 1172 Autgemini
385 1108 525 1169 nequeas
541 1093 620 1151 terre
634 1089 748 1152 laboris
763 1106 852 1152 onus.

131 1182 174 1242 Αι
189 1198 249 1244 nos
266 1179 385 1240 diversi
399 1178 534 1239 medium
549 1190 694 1236 coeamus
709 1174 740 1235 11
753 1190 879 1251 aequor,

177 1265 345 1339 Obviaque
359 1263 390 1323 in
408 1262 535 1324 summis
550 1260 658 1320 oscula
675 1258 785 1321 demus
800 1258 900 1335 aquis,

129 1349 239 1425 Atque
251 1350 295 1408 ita
311 1347 445 1423 quisque
459 1359 534 1406 suas
549 1344 656 1404 iterum
672 1344 835 1404 redeamus
853 1344 894 1404 ad
907 1344 1014 1403 urbere

71 1442 120 1499 tto
175 1433 348 1508 Exiguum,
370 1430 429 1491 sed
443 1430 514 1505 plus
527 1443 619 1505 quam
634 1425 707 1488 nihii
722 1427 796 1489 ittud
812 1428 881 1493 erit.

130 1517 193 1578 Vei
213 1517 316 1594 pudor
328 1514 380 1575 hie
393 1515 522 1587 utinam,
544 1512 597 1588 qui
612 1527 670 1572 nos
685 1514 763 1573 eiam
779 1513 862 1589 augit
875 1510 988 1585 amare,

175 1602 238 1661 Vel
252 1597 378 1661 timidus
394 1599 494 1658 iamne
508 1596 622 1657 cedere
638 1596 730 1657 veitet
742 1604 844 1658 arnor!

132 1686 319 1757 uouemere
333 1698 385 1743 res
400 1683 537 1754 iunctae,
559 1682 646 1742 calor
659 1687 689 1740 et
704 1681 890 1756 reverentia,
912 1690 1056 1757 pugnant

177 1770 258 1845 Quid
275 1783 392 1844 sequar
405 1766 434 1826 in
452 1765 620 1829 dubioest
640 1764 718 1825 haee
732 1764 838 1840 deret,
862 1764 911 1825 itte
928 1764 1021 1824 iuvat.

74 1863 120 1920 171
130 1855 173 1918 Ut
189 1854 288 1916 semet
303 1850 430 1912 intravit
444 1848 576 1910 Colchos
591 1846 748 1923 Pagaseus
765 1849 866 1922 tason,
970 1894 989 1907 ,-

176 1936 358 2013 impositam
375 1933 467 1995 aeleri
481 1933 613 1994 Phasida
627 1948 734 2009 puppe
749 1933 829 1995 tutta
873 1976 875 1979 .
980 1972 987 1983 ,

131 2025 174 2087 Ut
189 2021 288 2083 semet
301 2020 416 2081 idaeus
434 2018 668 2079 Lacedaemona
682 2018 764 2079 venit
779 2018 907 2092 adulter,

178 2107 255 2167 cum
274 2105 391 2181 praeda
405 2100 496 2162 rediit
511 2102 649 2178 protinus
663 2102 715 2163 itte
730 2119 797 2164 sua.
1102 2172 1104 2175 ,

131 2192 176 2252 'ru
196 2182 402 2267 quamsaepe
418 2186 497 2264 petis
513 2187 597 2262 quod
613 2201 715 2260 amas,
738 2194 799 2248 tam
812 2200 910 2263 saepe
920 2187 1078 2265 relinquia

74 2285 122 2340 181
173 2275 214 2335 Et
228 2273 373 2348 quotiens
386 2286 481 2347 grave
496 2270 530 2332 iit
545 2270 703 2347 puppibus
715 2271 774 2347 ire,
796 2276 895 2332 natae.

134 2359 189 2421 Sia
206 2365 323 2433 tamen,
347 2370 366 2416 o
381 2355 520 2428 iuvenis,
541 2355 725 2416 tumidamm
741 2356 840 2417 vietor
852 2369 1008 2430 aquenum,

179 2443 232 2504 Sia
247 2442 342 2503 tacito
356 2453 503 2516 spernas,
523 2447 558 2500 ut
571 2454 713 2515 vereare,
735 2440 853 2500 fretum.

133 2530 213 2589 Arte
226 2526 386 2587 laboratae
398 2530 577 2599 merguntur
589 2523 629 2585 ab
644 2539 781 2600 aequore
795 2537 902 2584 nares.

177 2613 225 2672 Tu
239 2617 292 2671 tua
309 2610 380 2687 pius
396 2608 489 2669 remis
503 2607 629 2669 brachia
644 2623 740 2684 posse
753 2614 865 2684 putasr

76 2695 348 2772 1111011111ρί1,
370 2694 430 2754 troo
443 2698 555 2753 111111
568 2698 717 2768 metuunt,
739 2692 895 2764 Leandro,
915 2699 1035 2754 natare:

177 2779 288 2839 Exitus
303 2777 354 2838 hio
368 2777 472 2838 inantia
491 2775 647 2852 puppibus
662 2792 735 2838 esse
747 2778 837 2838 solet.

133 2864 188 2926 Me
201 2861 361 2923 miseramt
384 2861 478 2938 cupio
494 2876 554 2921 non
571 2861 760 2936 persuadere
774 2860 857 2938 quod
873 2859 987 2936 hortor,

180 2946 311 3023 Sisque,
334 2958 459 3023 precor,
480 2944 603 3006 monitis
618 2944 726 3006 tortior
739 2943 808 3021 ipse
822 2944 915 3004 moise

134 3032 313 3095 Dummodo
328 3028 508 3107 pervenias,
526 3044 726 3106 ,excussaque
741 3045 838 3105 saepe
853 3043 908 3104 per
917 3027 1018 3088 undas

78 3125 124 3181 1111
177 3116 291 3176 inieras
307 3114 421 3176 umeris
435 3113 560 3176 brachia
574 3114 659 3174 lassa
672 3114 760 3174 meis.

136 3200 202 3262 Seu
218 3199 309 3275 mibi,
331 3198 490 3262 caeruleas
507 3198 650 3275 quotiens
666 3198 812 3259 obvertor
827 3197 866 3258 ad
879 3195 991 3269 undas,

179 3283 294 3344 Nescio
311 3299 392 3360 quae
409 3280 554 3359 pauidum
571 3283 686 3359 frigora
701 3289 809 3358 pectus
823 3279 926 3341 habet.

137 3368 201 3429 uec
215 3368 317 3428 minue
331 3367 497 3429 hesternae
511 3368 685 3429 confundor
697 3366 829 3443 imagine
841 3362 951 3439 noetis,

181 3450 327 3526 Quamvis
345 3458 393 3512 est
410 3452 508 3514 saeris
523 3452 574 3512 itta
589 3452 671 3527 piata
685 3450 773 3516 mais.

81 3544 124 3600 tta
135 3536 274 3612 Namque
291 3535 350 3597 sub
365 3551 491 3611 aurora,
512 3535 572 3596 iam
586 3534 767 3596 dormitante
782 3534 915 3608 iueerno,
