2467 4042
290 220 422 285 220
669 236 833 273 mu
1116 214 1443 270 METAIM
1458 255 1473 269 .

467 383 769 446 Attonitus
814 383 1074 444 novitate
1118 379 1259 442 mali
1282 428 1302 462 ‚
1347 379 1628 460 divesque
1673 382 1978 461 miserque
1994 428 2019 462 ,

467 472 746 553 Effugere
792 479 957 551 optat
999 487 1145 549 opes
1190 478 1255 531 et
1299 485 1451 548 quae
1494 469 1670 530 modo
1713 478 1960 531 voverat
1980 517 2000 551 ‚
2050 469 2184 531 odit
2203 516 2224 531 .

469 560 650 642 Copia
693 558 855 622 nulla
898 559 1116 620 famem
1158 556 1426 638 relevat,
1408 579 1425 595 ·
1469 559 1600 619 sitis
1645 557 1812 620 arida
1854 565 2073 638 guttur

339 661 442 713 130
467 648 646 730 Urit,
691 655 753 709 et
795 649 987 708 inviso
1033 647 1286 707 meritus
1329 653 1653 726 torquetur
1691 644 1765 708 al)
1813 663 1993 708 auro.

471 736 589 815 [Ad
633 734 982 815 caelumque
1026 751 1239 796 manus
1284 742 1348 797 et
1390 732 1698 814 splendida
1745 733 2026 796 bracchia
2034 731 2346 901 qfflens]

470 822 579 886 ‘Da
624 825 898 904 veniam,
942 821 1174 884 Lenaee
1218 821 1433 902 pater!
1476 818 1923 926 peccavimus-f
1967 825 2031 883 in

470 909 613 975 ‘Sed
658 913 947 974 miserere
971 958 991 992 ‚
1034 927 1297 993 precor,
1342 913 1733 990 speciosoque
1776 913 1943 990 eripe
1990 910 2223 972 damno
2245 906 2292 971 .’

467 1001 610 1063 Mite
657 1001 837 1063 deum
879 1017 1102 1061 numen
1147 997 1418 1060 Bacchus
1460 1017 1740 1079 peccasse
1786 999 2079 1061 fatentem

341 1102 442 1153 185
471 1090 756 1152 Restituit
779 1136 799 1170 ‚
843 1088 1104 1166 factique
1149 1085 1266 1149 fide
1312 1086 1446 1149 data
1489 1104 1738 1149 munera
1783 1086 1963 1149 solvit
1978 1133 1995 1148 .

471 1176 653 1240 ‘Neve
697 1175 849 1238 male
895 1184 1097 1256 optato
1143 1193 1383 1237 maneas
1428 1175 1798 1238 circumlitus
1844 1192 1990 1237 auro
2005 1222 2025 1256 ,

466 1261 652 1327 Vade'
697 1266 782 1327 ait
823 1259 921 1326 ‘ad
965 1266 1194 1343 magnis
1239 1266 1501 1327 vicinum
1548 1263 1835 1325 Sardibus
1880 1280 2124 1325 amnem
2138 1309 2160 1344 ,

468 1354 705 1433 Perque
750 1355 960 1433 iugum
1001 1353 1222 1414 montis
1265 1351 1602 1414 labentibus
1647 1351 1858 1412 obvius
1902 1351 2084 1414 undis

471 1440 661 1522 Carpe
705 1442 861 1503 viam
884 1488 904 1523 ‚
949 1439 1139 1502 donec
1184 1442 1390 1505 venias
1434 1440 1507 1502 ad
1550 1439 1814 1502 fluminis
1859 1447 2070 1521 oru1s;

339 1542 443 1595 140
472 1531 945 1611 Spumigeroque
988 1535 1162 1590 tuum
1206 1528 1360 1589 fonti
1383 1575 1404 1609 ,
1448 1546 1565 1608 qua
1607 1528 1907 1609 plur'unus
1950 1529 2075 1590 exit
2090 1573 2115 1607 ,

471 1618 674 1680 Subde
719 1624 899 1698 caput
922 1664 942 1698 ,
986 1633 1326 1697 corpusque
1373 1616 1552 1678 simul
1573 1663 1595 1698 ‚
1638 1615 1814 1677 simul
1851 1615 1985 1678 elue
2019 1617 2273 1678 crimen
2298 1664 2315 1677 .

468 1707 597 1769 Rex
639 1708 838 1768 iussae
883 1704 1153 1768 succedit
1195 1722 1383 1785 aquae
1412 1751 1427 1767 .
1480 1706 1573 1766 vis
1617 1721 1798 1766 aurea
1842 1705 2021 1776 tinxit
2124 1718 2174 1758 t·
2198 1716 2345 1760 dad-

469 1794 718 1857 Flumen
745 1841 765 1876 ,
811 1801 876 1856 et
916 1792 1174 1857 humano
1221 1793 1299 1854 de
1344 1810 1595 1873 corpore
1641 1794 1821 1855 cessit
1864 1793 1930 1853 in
1974 1809 2219 1855 amnem
2241 1839 2261 1854 .

472 1882 673 1962 [Nunc
725 1899 964 1963 quoque
1007 1884 1124 1943 iam
1169 1883 1389 1943 veteris
1433 1888 1717 1961 percepto
1763 1882 1990 1942 semine
2033 1899 2228 1943 venae

348 1986 445 2034 ΗΕ.
477 1974 621 2034 Arva
673 1974 867 2050 rigent
908 1987 1053 2031 auro
1098 1969 1349 2031 madidis
1391 1968 1671 2050 pallentia
1713 1967 1935 2048 glaebis
1956 1967 2000 2047 .]

565 2062 661 2118 ille
693 2106 709 2142 ‚
751 2075 1006 2140 perosus
1051 2076 1198 2139 opes
1222 2105 1245 2140 ,
1290 2057 1466 2119 silvas
1512 2065 1577 2120 et
1618 2074 1762 2118 rura
1806 2054 2038 2118 colebat
2058 2104 2084 2138 ,

477 2150 750 2226 Panaque:
796 2147 1092 2208 montanis
1136 2144 1502 2208 habitantem
1546 2162 1783 2225 semper
1824 2145 1891 2206 in
1936 2148 2129 2207 antris
2148 2194 2166 2207 .

477 2238 701 2314 Pingue
749 2235 853 2297 sed
897 2237 1205 2315 ingenium
1248 2237 1508 2315 mansit3
1551 2236 1944 2312 nocituraque
1968 2280 1990 2315 ‚
2031 2243 2107 2295 ut
2154 2243 2348 2317 ante,

481 2326 709 2386 [iurans
751 2332 925 2385 erant
967 2322 1206 2384 domino
1254 2323 1499 2385 stolidae
1544 2319 1893 2403 praecordia
1937 2324 2163 2385 mentis
2180 2370 2198 2386 .

348 2429 449 2474 ian
481 2414 621 2474 Nam
669 2414 821 2474 freta
865 2412 1237 2493 prospiciens
1284 2410 1399 2472 late
1444 2413 1603 2490 riget
1644 2408 1868 2472 arduus
1912 2409 2032 2471 alto

477 2502 717 2562 Τιῃῃῑιιε
762 2502 826 2561 in
872 2517 1125 2561 ascensu
1149 2545 1169 2580 ,
1214 2499 1484 2578 clivoque
1532 2506 1814 2561 extensus
1857 2505 2125 2578 utroque

481 2590 762 2650 &malibus
807 2588 947 2649 hinc
973 2635 993 2669 ,
1035 2587 1200 2649 illinc
1243 2591 1445 2668 parvis
1484 2587 1693 2648 finitur
1734 2585 2067 2666 Hypaepis.

477 2682 597 2738 Pati
649 2678 729 2738 ihi
773 2676 916 2738 dum
961 2678 1185 2738 teneris
1229 2669 1411 2737 iactat
1453 2693 1562 2736 sua
1606 2677 1869 2737 carmina
1915 2674 2199 2755 nymphis

477 2766 553 2826 Et.
597 2766 721 2826 leve
768 2773 966 2827 cerata
1009 2763 1349 2826 modulatur
1393 2762 1726 2825 harundine
1770 2780 2015 2824 carmen
2031 2810 2054 2843 ,

348 2870 449 2914 155
481 2858 673 2914 Ausus-
721 2853 1055 2934 Apollineos
1099 2870 1243 2933 prae
1288 2870 1353 2915 se
1400 2859 1783 2914 contemnere
1830 2859 2079 2932 cannis,

481 2946 677 3002 Iudice
729 2940 837 3002 sub
882 2939 1090 3002 Tmolo
1137 2949 1441 3003 certamen
1484 2942 1647 3003 venit
1689 2940 1764 3002 ad
1806 2942 2016 3020 inpar.

481 3034 673 3090 Mamm
725 3048 831 3090 suo
878 3031 1078 3092 senior
1121 3030 1303 3091 iudex
1349 3028 1619 3090 consedit
1642 3075 1662 3110 ‚
1708 3036 1769 3090 et
1812 3045 1989 3090 aures

481 3118 717 3178 Liberat
761 3117 1119 3199 arboribus3
1165 3135 1393 3196 quercu
1440 3134 1609 3179 coma
1654 3116 1892 3178 caerula
1936 3124 2170 3178 tantum

481 3210 750 3286 ¹Cingitur
774 3252 794 3287 ,
849 3214 913 3269 et
958 3206 1223 3286 pendent
1268 3208 1496 3268 circum
1541 3223 1681 3267 cava
1726 3216 1995 3285 tempora
2040 3204 2291 3284 glandes
2313 3252 2337 3268 .

350 3306 449 3354 1¹3⁴]
481 3298 653 3374 isque
701 3294 878 3357 deum
920 3296 1157 3375 peeoris
1202 3303 1477 3375 spectans
1524 3289 1609 3354 ‘in
1655 3289 1874 3355 iudice'
1921 3293 2074 3355 dixit

481 3382 673 3442 ‘Nulla
721 3400 885 3444 mora
930 3391 1024 3445 est
1050 3377 1090 3444 .'
1145 3381 1384 3445 calamis
1429 3381 1762 3462 agrestibus
1805 3384 2047 3444 insonat
2086 3381 2229 3445 ille:

481 3474 912 3550 Barbaricoque
958 3471 1157 3532 Midan
1200 3503 1287 3515 —
1334 3470 1538 3533 aderat
1582 3488 1716 3532 nam
1760 3470 1917 3531 forte
1964 3473 2209 3532 canenti
2242 3498 2334 3517 -—

481 3558 752 3618 Carmine
799 3559 1022 3620 delenit
1049 3605 1064 3619 .
1118 3566 1259 3640 post
1301 3559 1463 3621 hune
1508 3576 1676 3621 sacer
1720 3575 1824 3620 ora
1866 3561 2123 3621 retorsit
