2467 4042
196 245 258 311 218
555 247 693 310 ARTIS
718 247 858 309 AMAT.

280 399 481 475 Reticuloque
497 399 579 475 pilae
595 399 682 460 leves
697 400 860 460 fundantur
874 408 991 476 aperto,

320 484 398 557 Nec,
420 482 479 543 nisi
495 499 587 558 quam
601 483 707 557 tolles,
728 484 791 543 ulla
805 484 959 544 movenda
972 483 1036 560 pila
1050 492 1111 546 est

279 567 334 627 Est
347 583 459 642 genus,
481 567 511 626 in
527 566 653 627 totidem
668 567 751 627 tenui
768 566 887 627 ratione
902 568 1062 629 redactum

322 650 488 726 scriptula,
511 657 586 726 quot
600 664 723 710 meuses
737 649 873 712 lubricus
888 667 986 711 annus
1001 651 1112 713 habeta

215 743 267 799 365
277 733 375 795 Parva
388 732 500 794 tabella
514 735 596 809 capit
610 742 714 795 ternos
730 735 882 809 utrimque
896 735 1028 810 lapillos,

321 819 354 878 ln
371 833 431 894 qua
445 817 562 877 vicisse
577 825 626 878 est
639 819 837 879 continuasse
852 833 937 880 suos.

278 901 360 961 Mille
376 903 497 962 lacesse
509 901 613 961 locust
636 907 724 976 turpe
737 909 785 963 est
799 903 919 963 nescire
933 903 1067 978 puellam

319 986 448 1045 Ludere.
471 985 606 1045 ludendo
623 1000 719 1059 saepe
732 991 856 1061 paratur
869 1001 964 1047 amor.

280 1069 341 1131 Sed
355 1069 497 1130 minimus
513 1068 600 1129 labor
613 1075 662 1130 est
675 1070 832 1144 sapienter
846 1069 975 1131 iactibus
990 1070 1048 1129 uti:

215 1161 269 1217 170
320 1153 420 1214 Maius
435 1169 515 1229 opus
529 1167 633 1213 mores
648 1153 863 1228 composuisse
877 1168 962 1214 suos.

278 1239 352 1297 Tum
368 1252 475 1297 sumus
491 1236 616 1311 incauti,
640 1236 804 1311 studioque
818 1238 973 1312 aperimur
985 1238 1014 1296 in
1031 1236 1115 1313 ipso,

320 1321 469 1395 Nudaque
486 1336 542 1395 per
556 1321 643 1380 lusus
659 1326 784 1395 pectora
798 1328 903 1382 nostra
917 1327 1035 1396 patente

278 1405 327 1464 Ira
341 1403 438 1478 subit,
461 1405 598 1465 deforme
612 1405 738 1477 mulum,
761 1404 899 1480 lucrique
914 1404 1037 1479 cupido,

319 1488 481 1563 Iurgiaque
498 1493 528 1547 ct
540 1489 627 1547 rixae
642 1488 754 1548 sollicit
743 1480 855 1563 tuisque
870 1488 973 1549 dolor·

214 1579 265 1635 010
277 1571 407 1632 Crimina
422 1570 576 1645 dicuntur,
597 1578 724 1632 resonat
737 1572 922 1632 clamoribus
937 1570 1052 1645 aether,

320 1655 467 1715 Invocat
460 1662 554 1714 iratos
570 1662 600 1714 et
613 1654 672 1714 slbl
688 1670 820 1730 quisque
834 1656 925 1715 deos
1211 1693 1217 1706 ·

59 1728 366 1834 ‘'“ffissullfl
380 1738 476 1813 fides,
496 1737 620 1798 tabulae
635 1754 715 1813 quae
729 1754 791 1799 non
806 1754 863 1813 per
877 1746 949 1798 vota
962 1744 1122 1814 petuntur!
1178 1770 1218 1789 -

151 1793 259 1875 Τ
319 1823 356 1883 Ε1
372 1822 505 1882 lacrimis
519 1821 584 1880 vidi
599 1836 696 1896 saepe
709 1822 833 1882 madere
846 1837 952 1896 genas.

278 1907 414 1982 luppiter
429 1923 447 1965 a
460 1905 550 1967 vobis
564 1912 626 1964 tam
641 1906 742 1981 turpia
756 1906 881 1965 crimina
895 1906 996 1981 pellat,

214 1998 267 2053 380
319 1991 353 2050 ln
369 1990 479 2066 quibus
495 1995 543 2049 est
559 1988 612 2049 ulli
629 2004 703 2048 cura
719 1990 841 2064 placere
855 1989 932 2050 tiro.

278 2074 343 2134 Hos
357 2075 469 2148 ignava
484 2072 571 2134 iocos
586 2072 689 2133 tribuit
702 2080 808 2132 natura
823 2073 944 2147 puellis.

319 2158 445 2217 Materia
459 2156 567 2216 ludunt
579 2156 722 2216 uberiore
735 2157 804 2216 viri.

279 2240 355 2302 Sunt
369 2239 428 2301 illis
444 2242 623 2315 celeresque
638 2241 718 2315 pilae
732 2240 926 2315 iaculumque
940 2238 1104 2316 trocloique

319 2327 475 2398 Arnraque
487 2330 520 2383 et
534 2324 564 2383 in
580 2340 677 2402 gyros
693 2325 738 2385 ire
752 2332 877 2385 coactus
892 2340 1001 2399 equus.

213 2417 264 2470 385
276 2409 338 2468 Neo
354 2423 410 2468 vos
425 2407 558 2483 Campus
574 2408 679 2480 habet,
702 2423 760 2468 nec
774 2423 832 2468 vos
847 2406 1038 2481 gelidissima
1050 2409 1158 2486 Virgo,

319 2492 382 2552 Nec
396 2490 514 2551 Tuscus
530 2492 653 2566 placida
666 2491 790 2551 devehit
803 2492 901 2552 amnis
919 2507 1012 2568 aqua.

276 2577 318 2636 At
332 2577 402 2636 licet
416 2582 446 2635 et
460 2576 588 2651 prodest
601 2575 764 2650 Pompeias
781 2576 825 2635 ire
840 2592 896 2651 per
908 2574 1043 2650 umbras,

318 2659 453 2733 Virginis
468 2659 612 2720 aetheriis
628 2676 689 2735 qua
705 2666 797 2735 caput
814 2660 902 2720 ardet
914 2659 1014 2735 equis.

276 2743 375 2804 Visite
390 2744 540 2817 laurigero
557 2750 677 2804 sacrata
691 2743 805 2804 Palatia
817 2742 958 2805 Phoebos

213 2835 265 2890 090
316 2828 370 2887 Ille
384 2826 599 2888 Paraetonicas
617 2828 723 2887 mersit
737 2828 768 2887 in
783 2827 949 2888 alteratas.

278 2911 425 2987 Quaeque
440 2925 530 2971 soror
542 2910 739 2986 coniunxque
758 2911 845 2972 ducis
862 2912 1048 2971 monimenta
1062 2917 1216 2987 pararunt,

319 2995 487 3070 Navalique
501 3010 596 3069 gener
609 2995 727 3055 cinctus
742 2995 860 3056 bonore
875 3001 976 3070 eaput.

276 3078 377 3138 Visite
390 3079 569 3139 turicremas
585 3093 702 3139 vaceae
716 3078 932 3154 Memphitidos
949 3092 1028 3150 aros,

318 3163 417 3223 Visite
433 3162 610 3237 conspicuis
626 3170 713 3223 terna
725 3163 845 3223 theatra
858 3162 945 3223 locis.

214 3253 266 3308 195
277 3246 460 3322 Spectentur
474 3246 578 3321 tepido
594 3247 771 3307 maculosae
785 3247 934 3322 sanguine
947 3245 1091 3317 harenae,

317 3330 460 3405 Metaque
474 3330 601 3390 ferventi
617 3331 803 3391 circueunda
816 3340 893 3393 rota.

277 3413 365 3489 Quod
380 3416 464 3488 latet,
487 3414 623 3489 ignotum
639 3421 695 3477 est.
718 3415 812 3490 ignoti
827 3417 911 3476 nulla
924 3412 1052 3490 cupidos

317 3498 445 3571 Fructus
460 3497 562 3565 abest.
586 3498 682 3559 iacies
698 3512 767 3558 cum
780 3498 863 3561 bona
875 3504 954 3560 teste
970 3502 1065 3557 caret.
