2467 4042
467 236 548 308 xm,
569 244 726 296 ree-saa.
834 258 929 296 uuus
1031 237 1093 303 261

174 400 326 482 Plenaque
351 403 447 466 adhuc
470 413 534 467 eret
555 404 604 466 illa
627 407 720 466 viris.
748 407 903 468 interritus
926 408 974 485 egi

175 490 271 562 Quam
293 492 366 553 mihi
388 482 542 554 mandarat
563 495 729 556 communis
753 492 875 556 Graecia
898 511 1036 575 eausam,

99 590 160 641 200
174 579 351 658 Aecusoque
374 579 464 642 Parin
486 581 685 662 praedamque
707 581 909 661 Helenamque
933 600 1075 664 reposco,

173 666 212 729 Et
236 685 339 728 moveo
362 667 512 730 Priamum
534 669 712 749 Priamoque
734 670 885 733 Antenora
905 673 1057 733 iunctum.

172 755 212 816 ut
235 754 320 817 Paris
343 764 374 817 et
396 757 504 818 fratres
527 766 558 820 et
580 760 633 837 qui
655 776 782 838 rapuere
804 758 861 821 suh
883 758 952 840 illo,

173 842 230 904 Vix
253 851 379 905 tenuere
401 863 508 906 manus
531 877 573 890 -
597 847 657 907 scis
679 845 737 907 hoc
749 892 759 928 ,
781 845 934 910 Menelao!
958 880 1000 892 -

562 1008 563 1011 Ἴ
937 936 1096 999 nefandas:

173 1019 334 1099 Primaque
357 1020 408 1083 hur
430 1024 526 1085 nostri
549 1031 648 1084 tecum
672 1024 729 1086 luit
749 1023 799 1086 illa
820 1023 941 1104 pericli.

100 1120 157 1171 205
172 1107 277 1188 Longa
299 1109 414 1171 referre
437 1127 520 1172 mora
543 1120 590 1173 est
612 1129 688 1190 quae
711 1111 894 1192 consilioque
917 1129 1065 1193 manuque

172 1196 294 1259 Utiliter
318 1197 375 1259 ieci
398 1200 521 1277 spatiosi
542 1206 678 1279 tempore
701 1199 786 1262 belli.

172 1286 248 1346 Post
270 1287 349 1348 acies
371 1289 482 1366 primas
504 1286 589 1349 urhis
611 1305 645 1348 se
667 1288 823 1351 moenibus
844 1289 947 1352 hostes

173 1373 358 1435 continuere
381 1373 455 1457 diu,
478 1393 534 1436 nec
556 1378 652 1456 aperti
675 1379 760 1457 copia
781 1376 884 1438 hlartis

173 1461 240 1524 Ulla
262 1461 340 1523 luit:
364 1461 478 1524 decimo
503 1464 622 1526 demum
643 1467 838 1545 pugnavimus
861 1482 955 1526 anno.

101 1561 159 1612 210
173 1549 255 1623 Quid
277 1550 351 1612 facis
372 1553 505 1634 interea,
528 1555 580 1631 qui
602 1552 645 1614 nil
657 1600 667 1635 ,
690 1555 747 1615 nlsi
768 1553 903 1635 proelia,
926 1549 1036 1615 nosti?

173 1638 250 1710 Quis
273 1646 343 1700 tuus
366 1656 440 1700 usus
463 1636 648 1702 aretinam
671 1643 696 1701 si
718 1659 784 1703 mea
807 1641 884 1703 iacta
906 1642 1053 1721 requiris,

172 1725 319 1788 Hostibus
341 1726 467 1789 insidior
479 1775 489 1810 ,
512 1728 606 1790 fossas
629 1731 793 1790 munimine
817 1730 921 1811 cingo,

174 1814 320 1876 Consolor
343 1817 462 1898 socios,
485 1823 519 1878 ut
541 1816 622 1896 longi
645 1817 741 1880 taedia
762 1816 832 1879 belli

173 1902 274 1964 hiente
297 1904 395 1965 ierant
416 1903 552 1983 placida:
574 1905 690 1988 doceo,
713 1924 773 1985 quo
796 1908 890 1968 simus
913 1906 1009 1969 alendi

100 2000 159 2052 215
173 1991 376 2071 Armaudique
394 1992 504 2074 mod03
526 1995 651 2075 mittor,
675 2012 734 2073 quo
757 1993 888 2075 postulat
910 2013 1000 2058 usus.

169 2079 254 2141 -Ecce
277 2079 354 2141 lovis
376 2082 514 2162 monitu,
537 2081 679 2162 deeeptus
701 2085 828 2163 imagine
852 2086 967 2166 somni,

161 2167 240 2230 'Rex
261 2166 346 2230 iubet
367 2170 480 2248 incepti
501 2186 604 2231 curam
627 2170 776 2233 dimittere
799 2170 885 2233 helli.

173 2254 228 2317 the
250 2263 350 2337 potest
371 2264 493 2318 auctore
515 2275 600 2319 suam
623 2258 784 2321 defendere
806 2278 926 2322 vocem.

174 2343 243 2406 Non
265 2346 342 2406 sluat
364 2344 422 2406 hoc
444 2344 516 2407 dian
528 2393 539 2428 ,
561 2346 745 2429 delendaque
769 2347 912 2428 Pergama
933 2355 1054 2429 poseat,

101 2443 160 2494 220
175 2432 322 2513 Quodque
339 2441 461 2515 potest,
482 2443 616 2514 pugnet.
640 2453 695 2498 cur
713 2453 773 2497 nou
792 2443 959 2499 remoratur
977 2431 1100 2498 ituros?

175 2520 239 2583 Cur
255 2538 316 2583 non
334 2539 417 2583 arma
435 2524 535 2605 capit,
553 2524 625 2605 dat,
643 2523 723 2604 quod
741 2542 812 2603 uaga
830 2523 917 2587 turha
932 2520 1100 2604 sequatur?

175 2608 243 2671 Non
265 2617 331 2672 erat
351 2609 409 2671 hoc
427 2612 552 2672 nimium
570 2630 733 2691 numquam
750 2615 809 2674 nisi
827 2630 931 2693 magna
949 2613 1099 2692 loquenti.

177 2696 271 2776 [Quid
293 2697 373 2777 quod
396 2706 427 2760 et
449 2701 514 2778 ipse
536 2697 643 2778 fugit?
665 2699 725 2761 ridi
737 2748 747 2783 ,
769 2702 935 2781 puduitque
958 2701 1077 2783 ridere,

176 2786 252 2848 Cum
274 2794 308 2848 tu
330 2793 413 2867 terga
435 2786 522 2849 dares
544 2788 760 2868 inhonestaque
783 2790 846 2852 vela
868 2784 1010 2870 parares.¹

102 2882 161 2934 225
175 2874 238 2937 Nec
260 2891 343 2936 more
355 2921 365 2957 ‚
387 2869 483 2954 “quid
506 2873 633 2938 facitis?
656 2896 731 2959 ques
754 2895 807 2939 ros
829 2872 989 2941 dementia’
1012 2877 1073 2939 dixi

133 3028 137 3035 ⁴
177 2958 346 3045 ‘Concitnt,
368 2979 386 3023 o
409 2965 505 3046 socii,
528 2972 643 3045 captam
666 2966 816 3028 dimittere
839 2962 984 3029 Troiam?

177 3051 291 3123 Quidve
310 3051 431 3113 domum
450 3052 535 3117 sertis
554 3053 692 3137 decimo,
714 3056 773 3116 nisi
796 3055 948 3136 dedecus,
971 3048 1098 3115 anuo?”

176 3138 297 3202 Talibus
320 3147 409 3219 atque
432 3139 518 3222 aliis,
540 3142 572 3202 in
595 3159 671 3221 quae
695 3142 779 3204 dolor
801 3145 865 3224 ipse
888 3144 1033 3205 disertum

175 3226 321 3308 Fecerat,
344 3246 464 3290 aversos
485 3229 612 3309 profuga
635 3230 672 3292 de
695 3230 788 3293 classe
812 3232 934 3315 reduxi.

106 3326 162 3376 eso
176 3314 327 3377 Convocat
348 3316 466 3378 Atrides
489 3320 588 3379 socios
610 3326 727 3381 terrore
750 3327 908 3399 parentes:

175 3401 238 3465 Nec
260 3402 484 3467 Telamoniades
506 3408 595 3467 etiam
617 3425 698 3468 nunc
720 3407 838 3469 hiscere
860 3409 1019 3486 quiequam
1043 3411 1049 3425 ’

175 3490 274 3554 Audet
287 3538 294 3553 .
308 3500 339 3553 at
361 3510 452 3556 ausus
474 3502 540 3555 erat
561 3513 648 3575 reges
671 3498 822 3557 incessere
845 3495 932 3557 dietis

175 3579 352 3662 Thersites,
375 3583 464 3643 etiam
484 3600 540 3664 per
562 3601 610 3645 me
633 3583 712 3646 haud
734 3586 879 3667 impune,
900 3582 1079 3665 protervis]
