2467 4042
410 288 536 355 22⁰
1228 289 1630 353 AMORUM

579 442 741 520 Ergo
773 443 954 504 etiam
983 457 1121 504 cum
1156 458 1253 502 me
1284 459 1610 519 supremus
1640 447 1916 522 adederit
1945 448 2121 524 igniS,

664 528 914 592 Vivam.
959 541 1234 601 parsque
1275 527 1392 597 mei
1424 531 1608 590 multa
1638 537 1956 606 superstes
1995 533 2126 593 erit.

1055 745 1302 811 LIBER
1357 747 1801 814 SECUNDUS.

481 828 522 922 ¹
586 825 730 925 Hoc
763 878 1011 940 quoque
1039 864 1364 939 composui
1392 864 1655 940 Pelignis
1688 874 1866 927 natus
1902 867 2179 943 aquosiS,

663 949 773 1009 Ille
803 963 920 1024 ego
949 947 1260 1024 nequitiae
1287 947 1451 1009 Naso
1484 957 1667 1024 poeta
1698 966 1892 1012 meae.
2186 953 2458 1031 [severa

578 1032 711 1093 Hoc
756 1047 1004 1108 quoque
1052 1031 1232 1093 iussit
1269 1032 1484 1092 Amor.
1556 1036 1769 1108 procul
1810 1034 1983 1109 hinc,
2042 1039 2265 1110 procul
2311 1045 2467 1104 este.

661 1116 796 1177 Non
827 1116 977 1178 estis
1010 1116 1234 1177 teneris
1266 1123 1438 1191 apta,
1483 1117 1753 1193 theatra,·
1794 1119 2013 1179 modis,

521 1210 556 1264 ⁵
575 1199 676 1263 Me
704 1201 867 1276 legat
894 1200 955 1261 in
987 1201 1203 1276 sponsi
1235 1200 1390 1260 facie
1420 1217 1542 1262 non
1573 1203 1793 1277 frigida
1816 1203 1990 1279 virgo

658 1283 735 1345 Et
762 1285 933 1346 rudis
962 1285 1170 1360 ignoto
1202 1292 1403 1346 tactus
1433 1301 1640 1346 amore
1671 1303 1842 1363 puer.

577 1369 783 1446 Atque
812 1368 1035 1445 aliquis
1066 1370 1355 1430 iuvenum
1386 1386 1509 1444 quo
1540 1386 1701 1431 nunc
1730 1386 1876 1446 ego,
1924 1372 2177 1432 saucius
2207 1387 2370 1433 arcu

658 1454 978 1529 Agnoscat
1004 1451 1288 1514 flammae
1318 1454 1570 1514 conscia
1598 1454 1775 1530 signa
1805 1471 1985 1529 suae,

573 1537 951 1614 Miratusque
981 1537 1087 1597 diu
1115 1540 1293 1612 ‘quo’
1326 1537 1490 1599 dicat
1519 1537 1621 1598 ‘ab
1653 1539 1854 1599 indice
1888 1539 2109 1602 doctus

501 1636 561 1684 lu
670 1621 1007 1698 ⁴[Intiposuit
1035 1637 1218 1682 casus
1250 1622 1366 1683 iste
1393 1630 1583 1697 poeta
1610 1626 1862 1684 meosv’

577 1712 784 1768 Ausus
814 1721 1010 1780 eram,
1058 1706 1336 1781 memini,
1382 1707 1673 1767 caelestia
1704 1707 1908 1767 dicere
1937 1708 2099 1768 bella

661 1790 1200 1866 Centimanumque
1233 1791 1442 1869 Gyan,
1486 1798 1548 1851 et
1575 1791 1726 1852 satis
1767 1792 1892 1852 oris
1921 1797 2079 1852 erata

577 1876 721 1936 Cum
753 1877 908 1935 male
938 1891 1008 1935 se
1037 1875 1240 1935 Tellus
1271 1877 1394 1935 ulta
1424 1882 1548 1951 est,
1595 1874 1957 1952 ingestaque
1987 1875 2259 1953 Olympo

657 1960 870 2021 ardua
902 1959 1205 2021 devexum
1234 1958 1444 2019 Pelion
1472 1958 1633 2020 Ossa
1668 1960 1817 2021 tulit.

497 2056 553 2108 15
585 2048 645 2104 In
681 2043 959 2105 manibus
989 2044 1231 2104 nimbos
1263 2051 1324 2104 et
1354 2059 1492 2103 cum
1521 2044 1669 2104 Iove
1705 2043 1931 2105 fulmen
1963 2041 2305 2118 habebam,

661 2127 835 2200 ῡυῡᾱ
862 2127 1021 2188 bene
1051 2143 1164 2203 pro
1198 2128 1372 2189 caelo
1402 2128 1663 2190 mitteret
1690 2127 1793 2187 ille
1825 2143 1961 2188 suo.

577 2212 804 2272 Clausit
831 2212 1029 2273 amica
1057 2212 1247 2272 rores.
1305 2227 1420 2287 ego
1454 2228 1591 2273 cum
1624 2212 1772 2272 Iove
1802 2213 2027 2272 fulmen
2060 2211 2264 2273 omisi.

658 2295 899 2357 Excidit
926 2295 1173 2372 ingenio
1210 2297 1485 2372 Iuppiter
1514 2298 1651 2373 ipse
1676 2312 1833 2356 men.

573 2384 870 2456 Iuppiter,
916 2380 1227 2457 ignoscas,
1296 2382 1378 2440 nil
1408 2397 1504 2442 me
1542 2389 1644 2441 tua
1674 2380 1863 2461 verba
1893 2377 2204 2440 iuvabant.

489 2476 557 2528 m
665 2468 882 2526 Clausa
909 2471 1013 2525 tuo
1045 2465 1242 2526 maius
1272 2467 1457 2525 ianua
1486 2466 1710 2525 fulmen
1742 2464 1945 2525 habet.

573 2549 906 2612 ‘Blanditias
937 2552 1274 2625 elegosque
1303 2550 1493 2624 leviS‚
1535 2565 1674 2608 mea
1702 2549 1850 2620 tela,
1897 2548 2225 2624 resumpsi.

657 2635 1000 2696 Mollierunt
1028 2634 1214 2694 duras
1245 2634 1405 2693 lenia
1428 2633 1618 2693 verba
1649 2634 1835 2693 soreS.

573 2720 846 2779 Carmina
877 2718 1253 2794 sanguineae
1282 2718 1595 2779 deducunt
1624 2732 1855 2777 cornua
1883 2716 2092 2786 lunae,

659 2804 729 2860 Et
753 2810 1045 2863 revocant
1075 2803 1293 2863 niveos
1325 2801 1488 2863 Solis
1529 2803 1725 2861 euntis
1756 2815 1976 2876 equos.

489 2900 551 2948 *25
581 2888 852 2948 Carmine
885 2887 1192 2946 dissiliunt
1221 2886 1494 2963 abruptis
1526 2885 1805 2946 faucibus
1835 2899 2088 2960 angueS,

661 2972 845 3044 {nque
875 2987 1026 3032 suos
1061 2972 1260 3031 fontes
1290 2987 1473 3031 versa
1500 2970 1756 3030 recurrit
1784 2984 1964 3044 aqua.

573 3056 948 3116 &numinibus
980 3070 1228 3116 cessere
1259 3055 1457 3131 fores,
1503 3055 1855 3129 insertaque
1887 3052 2079 3127 posti,

657 3139 942 3212 Quamvis
972 3140 1162 3200 robur
1189 3146 1349 3213 erat,
1397 3139 1663 3198 carmine
1694 3138 1853 3196 victa
1887 3152 2028 3197 sera
2056 3143 2171 3197 est.

573 3224 725 3296 Quill
761 3225 900 3283 mihi
932 3224 1231 3300 profuerit
1260 3226 1444 3283 velox
1473 3230 1749 3283 cantatus
1779 3221 2092 3281 Achilles?

493 3320 553 3368 au
661 3308 816 3380 Quid
846 3325 958 3382 pro
993 3325 1090 3369 me
1116 3307 1367 3368 Atrides
1399 3309 1551 3367 alter
1587 3313 1646 3365 et
1675 3308 1827 3366 alter
1858 3312 2069 3379 agent,

573 3392 809 3468 Quique
837 3398 926 3454 tot
953 3392 1244 3465 errand0‚
1293 3399 1443 3466 quot
1467 3390 1662 3464 bello,
1705 3387 1972 3467 perdidit
2000 3404 2199 3448 annos
2217 3435 2233 3463 ,

657 3480 884 3552 Raptus
915 3483 977 3536 et
1003 3476 1358 3536 Haemoniis
1392 3473 1612 3535 flebilis
1637 3474 1864 3533 Hector
1892 3473 2113 3547 equis?

577 3568 645 3620 flu.
681 3560 830 3620 lucie
861 3568 1108 3621 tenerae
1140 3560 1385 3620 laudata
1416 3575 1606 3634 saepe
1638 3560 1876 3621 nuellae
