2467 4042
27 30 97 119 μ

387 220 443 291 ΙΧ,
463 226 619 276 tta-ata.
674 239 759 278 mc.
778 238 894 276 carmus
951 219 1011 284 179

94 387 210 469 Corque
235 389 332 451 ieram
356 390 450 449 satia.
478 385 525 447 vel
547 389 573 447 si
596 386 782 448 miserandus
805 393 836 447 et
857 385 952 467 hosti,

92 476 152 537 lloc
175 485 247 558 est,
269 479 296 538 si
319 475 374 537 tibi
396 493 485 555 sum,
508 475 581 536 diris
604 474 785 536 cruciatibus
809 492 927 555 aegram

39 575 80 627 tto
93 564 277 644 invisamque
301 567 428 625 animam
451 572 608 643 natamque
633 562 783 624 laboribus
806 563 908 624 arrier.

92 652 167 714 llors
190 653 267 714 mibi
290 654 501 715 manuscrit.
529 651 616 713 decet
638 651 711 713 haec
734 651 804 713 dare
828 652 905 712 dona

839 757 1009 801 novercam.

95 828 169 909 Ergo
193 849 251 910 ego
276 829 443 892 foedantem
460 831 624 910 peregrino
648 826 757 908 templa
779 845 887 889 cruore

96 915 212 979 Busirin
238 914 371 980 domui?
393 936 539 997 saevoque
563 918 702 979 alimenta
724 917 857 996 parentis

95 1007 200 1068 Antaeo
226 1002 356 1086 eripui?
378 1024 434 1068 nee
456 1024 504 1067 me
526 1007 655 1087 pastoris
677 1003 781 1066 Hiberi

46 1102 83 1153 tto
95 1093 194 1156 Forma
209 1094 319 1174 triplex
327 1090 412 1177 ‚'nec
426 1095 521 1156 forma
535 1095 642 1175 triplex
656 1101 724 1175 tua,
739 1092 885 1175 Cerbero,
899 1088 1015 1155 movit?

95 1180 207 1266 llosue,
232 1200 360 1265 manus,
383 1182 470 1244 validi
491 1185 645 1263 pressistis
667 1198 779 1243 cornua
802 1177 905 1244 tarrri?

96 1269 229 1332 Vestrum
244 1290 320 1352 opus
333 1270 395 1332 lllis
409 1270 516 1353 babet,
529 1279 662 1333 restrum
672 1269 887 1351 Stymphalides
901 1269 1016 1353 undae,

96 1357 343 1440 Partheniumque
367 1355 504 1422 nemus?
526 1368 625 1421 vestra
646 1360 757 1421 virtuto
780 1358 892 1429 relatus

98 1445 360 1510 Thermodontiaco
385 1448 514 1510 caelatus
536 1447 653 1510 balteus
676 1464 768 1528 auro,

37 1544 89 1595 ‘tto
99 1533 240 1616 Pomaque
264 1535 302 1597 ab
325 1538 454 1597 insomni
477 1536 684 1599 concustodita
707 1531 861 1597 dracone?

101 1621 153 1683 Nec
174 1624 249 1685 milti
273 1623 413 1686 Centauri
436 1632 562 1704 potuero
585 1626 750 1706 resistere,
772 1641 828 1685 nee
851 1626 892 1684 mi

101 1710 230 1774 Arcadiae
256 1720 386 1774 vastator
409 1709 511 1792 aper?
532 1731 589 1776 nec
611 1714 725 1794 proluit
747 1711 856 1793 hydrae

104 1796 233 1863 Crescere
258 1819 313 1880 per
336 1800 476 1863 damnum
499 1803 691 1881 geminasque
714 1818 866 1862 resumere
890 1796 994 1862 vires?

104 1885 169 1956 duld
180 1935 190 1970 ‚
213 1907 285 1951 cum
307 1887 432 1952 Thracis
454 1907 549 1970 equos
571 1890 700 1952 humano
724 1890 868 1968 sanguiue
890 1891 1015 1969 pingues

65 1981 96 2031 ttt
105 1972 240 2056 Plenaque
265 1977 442 2057 corporibus
464 1976 571 2040 laceris
593 1979 748 2059 praesepia
771 1976 848 2058 vidi,

107 2060 218 2145 Visaque
244 2064 361 2146 deieci,
385 2065 597 2146 dominumque
621 2069 760 2149 ipsosque
784 2061 924 2146 peremi?

30 2172 31 2175 ¹
108 2148 149 2212 llis
169 2152 238 2216 elisa
262 2156 339 2216 lacet
361 2155 454 2216 moles
477 2154 623 2216 Nemeaea
644 2154 781 2216 lacertis:

110 2235 157 2301 llac
177 2241 292 2304 caelum
316 2245 432 2305 cervice
455 2242 532 2305 tuli.
560 2244 676 2305 defessa
698 2241 827 2305 iubendo
851 2250 898 2303 est

33 2354 34 2359 κ
110 2323 186 2391 Saeva
205 2330 284 2392 loris
308 2332 460 2394 coniuuxr
482 2349 537 2411 ego
560 2349 628 2394 sum
650 2331 817 2393 indefessus
841 2329 971 2410 agendo.

73 2412 160 2477 notet
181 2437 255 2480 nora
277 2422 371 2500 pestis
394 2419 499 2502 adest,
523 2422 572 2482 cui
593 2438 651 2482 nec
672 2421 783 2481 virtute
806 2420 906 2481 resisti

112 2499 159 2565 llee
179 2507 245 2570 telis
268 2510 418 2588 armisque
441 2517 557 2588 potest.
585 2506 776 2588 pulmonibus
800 2514 880 2568 errat

114 2587 175 2670 lgm
194 2596 269 2658 edax
293 2597 382 2678 imis,
403 2614 517 2676 perque
540 2615 644 2659 omnes
666 2597 799 2677 pascitur
821 2603 921 2658 artus.

38 2684 39 2701 ²
115 2678 143 2739 tt
159 2683 230 2747 ralet
253 2683 462 2764 Eurystheusl
485 2692 517 2746 et
537 2695 630 2766 sunt,
654 2687 707 2764 qui
728 2683 851 2746 credere
874 2685 991 2765 possint

116 2762 172 2831 Esse
188 2767 301 2835 deosi’
325 2772 420 2855 dixit,
442 2791 556 2854 perque
579 2773 673 2837 altum
695 2774 814 2835 saucius
837 2771 933 2835 Oeten

79 2850 181 2919 uiant
200 2861 288 2923 aliter
309 2860 466 2943 graditur,
489 2879 577 2942 quam
600 2863 627 2923 si
649 2860 793 2924 venabula
814 2869 919 2924 lauriss

119 2939 224 3026 Corpore
249 2930 305 3011 flx⁰a
328 2957 433 3032 gerat,
456 2952 584 3031 factique
608 2951 754 3031 refugerit
776 2957 897 3013 auctor.

119 3026 190 3114 Saepe
210 3036 296 3100 lllum
318 3039 447 3117 gemitus
469 3039 629 3122 edentem,
653 3055 741 3120 saepe
764 3039 959 3119 trementem,

120 3114 192 3203 Saepe
211 3134 442 3206 retemptantem
464 3134 542 3190 totas
565 3127 732 3208 refringere
754 3135 853 3189 restes

122 3202 346 3295 sementemque
369 3213 469 3278 trabes
491 3217 731 3296 irascentemque
753 3215 870 3278 rideres

86 3290 245 3365 telonibus
267 3310 319 3366 aut
340 3305 437 3384 patrio
460 3304 633 3367 tendentem
655 3303 793 3367 bracclria
816 3302 914 3365 caelo.

123 3376 177 3449 ltu
196 3390 307 3454 Lichan
329 3391 480 3473 trepidum
502 3392 668 3456 latitantem
690 3410 765 3474 rupe
788 3398 888 3454 cavata

123 3468 228 3562 Aspicit,
251 3488 344 3560 utque
367 3479 452 3543 dolor
474 3480 588 3543 rabiem
611 3480 770 3562 collegerat
792 3498 928 3564 omnem,

126 3548 215 3654 lune,
237 3566 326 3633 licha
339 3564 361 3653 ,'
384 3568 458 3633 dixit
481 3566 594 3632 ‘fercella
616 3570 693 3632 dona
715 3565 849 3632 dedisti?

741 3668 804 3729 *12*
