2467 4042
427 210 470 283 x,
488 217 648 270 seo-aes.
765 231 872 270 um
979 213 1047 280 205

113 382 263 462 Quasque
287 380 399 442 creavit
419 380 478 441 init
497 377 630 460 pecudes
653 398 763 462 caper,
786 383 932 463 ipsaque,
959 382 1044 444 onius

113 470 242 532 Semine
264 475 409 548 concepta
431 476 478 530 est
490 515 500 550 ,
522 485 560 529 ox
581 467 632 530 illo
655 469 786 550 concipit
808 469 886 531 ales.

111 558 258 640 Felices,
281 556 389 637 quibus
411 558 467 618 ista
490 555 602 618 lieentl
625 557 753 619 humana
775 557 917 637 malignas

41 659 98 711 ato
114 646 201 710 Cura
222 646 306 725 dedit
327 645 432 727 lepos,
454 652 487 707 et
509 643 588 725 quod
610 653 718 707 natura
739 648 883 727 remittit,

111 735 222 798 Invida
244 736 312 796 lura
334 740 465 814 negant.
492 741 597 814 gentes
619 742 720 796 tamen
743 752 809 797 esse
832 735 989 814 feruntur,

112 824 153 886 In
178 822 290 903 quibua
314 831 346 886 et
366 829 437 884 nato
459 824 594 902 genetrix
618 830 650 884 et
672 831 741 886 nata
762 825 879 904 parenti

113 913 282 994 Iungitur,
304 919 336 973 et
356 912 452 991 pietas
475 912 623 993 geminato
647 913 756 973 crescit
778 929 895 974 amore.

113 1001 166 1063 dle
191 1002 354 1083 miseram,
376 997 456 1080 quod
479 995 541 1060 ιἰοιι
563 1001 647 1062 nasci
669 999 742 1062 milri
765 1002 889 1080 contigit
911 999 990 1083 lllie,

47 1101 101 1153 ιιι
115 1089 316 1169 Fortunaque
339 1087 397 1150 loci
418 1085 542 1149 laedor!
568 1119 607 1133 -
633 1088 705 1168 quid
726 1091 759 1150 in
780 1090 839 1151 ista
860 1085 1021 1151 revolvor?

115 1177 200 1260 Spes
221 1177 400 1239 interdictae
423 1174 589 1238 discedite!
612 1175 721 1256 dignus
744 1178 836 1239 amori

75 1266 198 1348 lile,
221 1263 274 1327 sed
296 1274 332 1327 ιιι
353 1272 461 1348 pater,
483 1272 595 1327 est-
619 1283 691 1348 ergo
714 1268 740 1327 si
762 1265 821 1328 lilia
842 1267 941 1347 magni

114 1354 190 1417 Non
212 1371 311 1416 essem
333 1352 480 1435 Cinyrae,
503 1351 628 1433 Cinyrae
652 1353 851 1417 concumbere
873 1372 1007 1436 possem

115 1443 210 1506 Nunc
232 1443 303 1550 quia
325 1449 385 1503 tam
408 1459 493 1503 meus
516 1449 585 1524 est,
608 1459 669 1504 non
691 1450 739 1504 est
760 1460 845 1506 meus
858 1445 1013 1524 ,ipsaque

941 1532 1047 1595 damno

51 1633 103 1685 ιιι
116 1621 178 1684 list
200 1619 274 1682 milri
295 1620 491 1701 proximitas·
514 1619 608 1682 aliena
630 1622 783 1702 potentior
805 1638 919 1684 essem

116 1711 170 1773 lre
193 1708 268 1771 libet
288 1708 393 1789 procul
415 1708 486 1771 hinc
508 1711 682 1790 patriaeque
705 1709 875 1789 relinquere
897 1710 991 1792 lines,

116 1798 201 1861 llum
221 1796 320 1859 scelus
343 1798 503 1876 effugiam.
530 1800 641 1859 retinet
663 1797 759 1860 malus
781 1798 1049 1860 ardoramantem:

117 1886 162 1949 llt
175 1902 319 1967 praesens
333 1892 466 1966 spectem
480 1883 618 1966 Cinyram
625 1934 635 1968 ,
653 1893 849 1968 tangamque,
866 1886 1048 1968 loquarque,

119 1973 293 2054 Osculaque
316 1973 486 2036 admoveam
498 2021 509 2056 ,
532 1977 558 2035 si
580 1975 623 2036 nil
645 1974 821 2037 conceditur
842 1974 920 2037 ultra
943 2007 986 2020 -

57 2074 107 2125 ιιι
120 2062 209 2126 Ultra
233 2070 285 2125 aut
306 2070 477 2143 respectare
500 2062 610 2141 aliquid
634 2071 743 2146 potes,
765 2065 856 2143 impia
877 2061 987 2142 virgo?

120 2152 164 2215 Et
187 2158 262 2232 quot
283 2150 449 2213 confundas
471 2158 503 2213 ot
524 2153 591 2212 iura
613 2160 645 2213 et
667 2153 809 2232 nomina,
832 2149 951 2213 sentis?

120 2240 211 2303 'lune
234 2239 295 2303 eris
317 2246 348 2300 et
370 2241 475 2301 matris
496 2239 600 2320 paelex
624 2247 655 2301 et
677 2240 810 2303 adultera
831 2235 952 2320 patris?

121 2329 211 2391 Tune
234 2344 321 2390 soror
343 2329 405 2389 nati
427 2330 622 2408 genetrixque
644 2327 790 2390 vocabere
811 2324 939 2390 fratris?

121 2418 189 2479 Nec
210 2423 327 2479 metues
350 2424 416 2478 atro
439 2417 562 2477 crinitas
585 2434 681 2496 angue
704 2434 842 2499 sorores,

59 2514 110 2567 ιιι
123 2506 208 2579 Quas
229 2503 345 2566 lacibus
367 2506 463 2565 saevis
485 2504 588 2566 oculos
611 2512 702 2585 atque
724 2523 777 2567 ora
793 2512 931 2585 petentes

122 2593 220 2657 Noxia
242 2593 332 2656 corda
354 2588 486 2654 vident?
508 2601 539 2654 ιι
561 2601 595 2655 tu
607 2639 617 2676 ,
640 2593 712 2655 dum
735 2611 861 2674 corpore
884 2610 944 2655 non
968 2611 1001 2653 es

122 2682 216 2745 Passa
238 2681 346 2764 nefas,
368 2682 466 2742 animo
488 2698 527 2742 ne
550 2683 706 2765 concipe,
720 2699 795 2743 neve
817 2684 948 2763 potentis

123 2769 294 2833 Conctnbitu
317 2771 409 2831 vetito
431 2776 555 2832 naturae
578 2769 678 2851 pollue
701 2769 824 2833 ioedus

124 2858 208 2922 Velle
229 2866 324 2942 puta,
346 2875 396 2920 res
418 2859 483 2938 ipsa
504 2865 605 2920 aetat.
633 2860 702 2939 pins
724 2857 774 2920 ille
786 2876 1003 2970 ,memorque

61 2955 111 3008 ιιι
124 2947 283 3009 lloris-
307 2955 338 3008 et
359 2964 378 3007 o
400 2945 507 3009 vellem
530 2945 635 3009 similis
658 2947 743 3009 furor
766 2955 847 3009 esset
867 2948 899 3008 in
922 2940 1015 3007 illo!'’

125 3035 268 3098 Dixerat.
296 3044 328 3096 at
348 3033 495 3118 Cinyras,
516 3053 608 3115 quem
631 3036 716 3116 copia
738 3035 827 3116 digna
849 3052 1012 3116 procorum
1018 3081 1029 3117 ,

126 3123 205 3196 Quid
228 3124 338 3206 iaciat,
360 3122 497 3185 dubitare
520 3124 613 3207 lacit,
636 3126 762 3186 scitatur
785 3123 926 3204 abipsa,
1115 3146 1118 3153 ·

125 3211 303 3275 Nominllrus
324 3171 435 3293 dictis,
458 3200 545 3274 cuius
567 3212 638 3274 velit
661 3230 728 3275 esse
750 3214 868 3274 mariti.

125 3299 178 3362 Illa
200 3300 269 3363 silet
290 3302 410 3382 primo:
432 3302 596 3381 patriisque
618 3303 651 3362 in
672 3282 804 3362 v'ultibns
825 3300 953 3361 haerens

65 3390 272 3472 tutemet,
294 3398 325 3451 et
347 3387 448 3470 tepldo
472 3389 616 3452 suffundit
638 3388 750 3451 lumina
772 3406 860 3450 rore.

126 3476 258 3558 Virginei
270 3476 399 3559 cmyras
421 3476 496 3540 lraec
518 3478 645 3540 credens
668 3496 735 3540 esso
757 3478 891 3561 timoris,

126 3561 213 3629 Flere
235 3574 337 3648 vetat,
359 3568 511 3650 siccatque
533 3585 647 3651 genas,
670 3575 759 3647 atque
782 3566 884 3629 oscula
905 3567 1018 3647 iungit,
