2467 4042
454 200 512 272 vi,
531 205 690 259 toa-482.
798 219 900 258 saeuus
1011 202 1073 266 119

2 405 11 444 ς,
135 367 312 450 Cecropios
335 372 429 433 lntrat
450 368 614 448 Piraeaque
636 367 723 429 litora
746 371 853 448 tangit.

2 496 13 533 ,ς
134 455 176 518 Ut
199 460 341 538 primum
365 460 464 520 soceri
486 457 553 519 data
576 458 683 539 copia,
707 456 828 518 dextera
852 456 973 518 dextrae

133 544 309 629 Iungitur,
333 557 363 608 et
386 548 483 609 lausto
507 547 703 607 committitur
726 546 824 606 ondne
847 562 963 605 sermo.

135 633 298 714 Coeperat
319 636 465 697 adventus
488 652 629 714 eausam,
648 632 783 695 mandata
805 634 920 695 referre

68 730 120 781 too
135 721 315 806 Coniugis,
338 731 369 785 et
391 723 505 785 celeres
527 724 634 784 missae
658 722 804 802 spondere
825 739 985 784 recursusr

133 810 222 872 Ecce
250 814 334 873 venit
356 829 463 891 magno
486 811 568 872 dives
590 810 752 872 Philomela
774 818 897 890 paratu,

134 898 275 961 Divitior
300 902 415 962 forma.
445 898 561 979 [quales
585 898 687 961 audire
711 898 839 961 solemus

133 986 261 1050 Naidas
283 999 313 1051 et
335 989 460 1068 dryadas
483 988 588 1049 mediis
611 988 750 1049 incedere
773 987 872 1069 silvis,

136 1074 173 1136 Si
199 1076 296 1139 modo
320 1077 372 1139 des
395 1076 453 1137 illis
477 1076 576 1138 cultus
599 1075 770 1155 similesque
792 1084 913 1156 paratus
923 1074 945 1154 .]

69 1173 121 1222 teo
136 1163 213 1226 Non
241 1184 330 1227 secus
353 1167 465 1227 exarsit
487 1172 647 1244 conspecta
670 1165 782 1243 virgim
805 1163 937 1245 Tereus,

138 1252 248 1323 Quam
271 1256 367 1333 siquis
391 1255 472 1315 canis
493 1255 593 1332 ignem
616 1252 765 1333 subponat
786 1253 902 1334 aristis,

139 1342 208 1403 Aut
232 1342 370 1404 trondem
392 1343 564 1422 positasque
588 1350 702 1402 cremet
725 1339 882 1403 laenibbus
904 1339 1029 1402 herbas.

139 1427 245 1511 Digna
268 1430 388 1509 quidem
412 1430 525 1510 lacies;
547 1429 599 1490 sed
624 1437 654 1491 ct
676 1429 756 1491 hunc
778 1430 878 1491 innata
900 1428 989 1491 libido

141 1516 331 1580 Exstimulat
343 1566 352 1600 ‚
373 1536 562 1599 pronumque
585 1535 680 1597 genus
703 1517 875 1596 regionibus
898 1517 955 1578 illis

76 1613 128 1664 seo
143 1605 181 1668 ln
208 1605 355 1668 Venerem
378 1615 445 1668 est:
467 1605 572 1685 llagrat
594 1608 664 1667 vitio
688 1607 844 1685 gentisque
867 1623 998 1685 suoque.

147 1694 287 1776 impetus
310 1705 356 1756 est
377 1695 420 1755 illi
443 1695 586 1756 comitum
609 1712 802 1774 corrumpere
826 1711 928 1757 curam

146 1782 345 1863 Nutricisque
367 1782 478 1863 iidem,
501 1800 557 1843 nec
579 1800 640 1843 non
662 1781 834 1861 ingentibus
857 1784 951 1862 ipsam

150 1871 320 1934 Sollicitare
343 1871 441 1953 datis,
465 1879 620 1949 totumque
642 1871 806 1950 inpendere
829 1889 972 1951 regnum3

151 1961 211 2022 Aut
233 1978 340 2040 rapere
363 1967 394 2021 et
416 1976 503 2020 sacro
525 1967 641 2039 raptam
664 1959 823 2020 defendere
846 1958 942 2040 bello;

85 2054 137 2106 sos
153 2047 192 2110 lit
213 2047 288 2110 nihil
310 2056 357 2110 est
369 2095 378 2129 ‚
402 2047 481 2126 quod
504 2065 564 2108 non
588 2047 700 2108 effreno
717 2055 828 2127 ‘captus
850 2065 951 2108 amore

153 2137 259 2218 lusit3
283 2154 339 2197 nec
362 2138 484 2215 capiunt
505 2134 635 2196 inclusas
658 2144 779 2212 pectora
802 2134 949 2198 llammas.

154 2225 274 2304 lamque
297 2242 395 2285 moras
418 2223 494 2284 male
517 2224 602 2304 lert,
626 2223 793 2303 cupidoque
815 2226 977 2285 revertitur
1000 2242 1051 2287 ore

154 2314 197 2375 ld
219 2312 356 2374 mandata
378 2311 535 2391 Procnes,
553 2319 584 2372 et
606 2313 667 2390 agit
689 2330 743 2372 sua
765 2319 832 2374 rota
854 2310 910 2373 sub
928 2311 994 2374 illa.

154 2401 325 2463 Facundum
348 2399 474 2461 iaciebat
498 2418 602 2480 amor3
626 2402 823 2480 quotiensque
847 2399 969 2479 rogabat

91 2499 142 2550 tte
155 2488 286 2551 Ulterius
308 2491 410 2571 iusto,
431 2487 570 2567 Prognen
592 2490 634 2549 ita
656 2487 730 2549 velle
754 2487 883 2550 terebat.

155 2578 273 2639 Addidit
296 2585 327 2639 et
348 2576 506 2657 lacrimas,
529 2585 679 2656 tamquam
701 2577 869 2638 mandasset
892 2585 922 2638 et
943 2577 1023 2639 illas.

156 2666 213 2726 Pro
235 2667 339 2746 superi
350 2713 360 2748 ,
383 2673 527 2744 quantum
548 2664 684 2726 mortalia
706 2672 828 2744 pectora
850 2682 955 2726 caecae

155 2754 256 2816 Noctis
279 2752 410 2815 babent!
433 2756 498 2833 ipso
522 2752 644 2814 sceleris
667 2752 818 2815 molimine
841 2752 955 2816 Tereus

156 2842 295 2904 Creditur
318 2861 384 2903 esse
407 2844 476 2922 pius
498 2840 676 2921 laudemque
699 2860 716 2902 a
739 2843 863 2902 crimine
886 2845 994 2903 sumit.

93 2943 142 2992 ste
156 2930 232 3001 Quid
246 2979 255 3012 ,
277 2931 357 3009 quod
371 2931 450 2991 idem
463 2928 625 2991 Philomela
645 2931 749 3012 cupit,
771 2932 943 3010 patriosque
957 2929 1074 2992 lacertis

154 3018 264 3081 Blanda
286 3014 392 3080 tenens
414 3035 556 3100 umeros,
579 3026 613 3080 ut
636 3025 683 3079 eat
704 3020 804 3078 visana
826 3036 978 3100 sororem,

155 3107 271 3187 Perque
295 3125 379 3168 suam
402 3114 565 3186 contraque
588 3124 673 3167 suam
694 3108 771 3186 petit
791 3108 857 3186 ipsa
879 3105 1021 3167 salutem.

156 3195 276 3276 Spectat
298 3214 363 3257 eam
385 3195 525 3274 Tereus,
543 3201 842 3274 praecontrectatque
865 3194 1009 3275 videndo,

156 3284 376 3363 Osculaque·et
398 3282 474 3345 collo
497 3284 678 3345 circumdata
700 3281 838 3345 bracchia
861 3300 987 3343 cernens

96 3383 142 3436 sto
155 3372 259 3434 Omnia
281 3391 336 3453 pro
360 3371 488 3434 stimulis
511 3371 684 3450 facibusque
708 3370 835 3451 ciboque
858 3371 969 3432 luroris

154 3464 289 3544 Accipit,
312 3470 343 3522 et
366 3462 503 3540 quotiens
526 3459 714 3539 amplectitur
736 3458 784 3520 illa
806 3466 978 3540 parentem,

155 3548 227 3611 Esse
239 3566 349 3631 parens
363 3548 468 3610 vellet:
483 3579 525 3592 —
539 3565 637 3628 neque
652 3550 730 3609 enim
744 3547 842 3608 minus
856 3548 966 3628 impius
979 3554 1073 3608 esset.
