2467 4042
445 299 472 372 l,
487 296 555 359 -451
570 331 607 342 -
621 297 693 359 526.
1021 296 1079 362 181

130 454 221 514 Neve
236 448 469 527 aliquis-verbis
486 449 613 510 odiosus
629 448 739 510 offerat
752 449 846 520 auris,

61 546 117 599 aso
179 537 275 611 Quam
290 541 383 611 potes
399 532 549 608 ambiguis
565 533 693 594 callidus
710 532 790 594 abde
804 533 894 593 cotie

129 618 198 680 Seu
214 619 349 695 pedibus
363 617 471 678 vacuis
486 616 530 676 illi
545 618 685 692 spatiosa
698 624 812 678 teretur

177 703 335 775 Porticus,
357 702 408 761 hic
423 699 527 762 socias
541 707 574 761 tu
590 716 716 776 quoque
730 702 821 778 iunge
835 716 952 762 mlum*

129 788 174 849 Et
189 788 282 847 modo
299 785 470 862 praecedas
486 785 593 860 lecito,
616 786 709 845 modo
726 792 811 860 terga
826 800 975 861 sequare

178 872 216 931 Et
229 871 324 931 modo
340 870 484 943 leminea,
506 877 537 929 et
550 869 643 929 modo
659 872 759 929 lentus
773 885 841 929 eas:

61 966 118 1018 495
129 956 197 1016 Nec
210 956 266 1015 tibi
280 955 321 1014 de
334 953 444 1013 mediis
460 953 576 1027 aliquot
589 953 721 1013 transire
734 954 892 1014 columnas

179 1039 226 1101 Sit
242 1038 360 1115 pudor,
382 1044 434 1098 aut
447 1038 534 1097 lateri
549 1038 747 1097 continuasse
762 1039 851 1099 latus.

133 1125 198 1184 Nec
216 1124 285 1184 sine
299 1129 330 1182 te
348 1137 444 1182 curvo
458 1121 567 1182 sedeat
580 1121 727 1196 speciosa
739 1121 872 1182 theatro:

179 1208 270 1284 Quod
284 1212 424 1282 spectes,
446 1206 561 1267 umeris
577 1206 695 1267 adseret
707 1207 760 1266 illa
774 1207 849 1266 suls.

133 1294 220 1353 illam
235 1290 402 1366 respicias,
425 1290 508 1350 illam
522 1291 632 1349 mirere
646 1289 764 1350 licebit:

63 1388 122 1439 50⁰
175 1375 272 1436 Multa
286 1374 466 1450 supercilio,
489 1375 582 1434 multa
597 1374 725 1448 loquare
739 1373 830 1434 notis.

132 1460 172 1521 Et
186 1459 335 1536 plaudas,
357 1458 492 1533 aliquam
506 1459 599 1521 mimo
612 1458 743 1518 saltante
758 1459 904 1534 puellam=

174 1544 214 1604 Iit
233 1544 341 1603 faveas
358 1542 414 1613 illi,
435 1542 578 1618 quisquis
595 1549 703 1617 agatur
716 1558 832 1602 amaus.

133 1629 208 1689 Cum
224 1626 337 1701 surgit,
360 1641 481 1702 surges.
503 1626 605 1687 donec
620 1626 788 1698 sedetilla,
809 1624 942 1688 sedebis.

174 1711 311 1773 Arbitrio
328 1709 473 1770 domnae
486 1717 626 1786 tempora
642 1712 736 1785 perde
749 1716 829 1770 tuae.

67 1807 119 1858 ⁵05
132 1795 196 1857 Sed
212 1796 266 1855 tibi
282 1809 341 1854 nee
353 1795 435 1854 ferro
450 1795 572 1869 placeat
584 1802 729 1871 torquere
744 1795 883 1871 capillos,

174 1880 240 1940 Nec
254 1887 306 1940 tua
322 1879 460 1938 mordaci
474 1879 598 1953 pumice
612 1894 702 1939 crura
715 1885 806 1938 teras.

131 1966 196 2024 lsta
211 1963 283 2024 iube
296 1962 424 2037 faciant,
447 1977 575 2036 quorum
590 1962 736 2041 Cybeleia
752 1970 848 2024 macer

176 2046 353 2108 concinitur
367 2045 509 2126 Phrygiis
523 2047 679 2107 exululata
692 2047 804 2107 modis.

131 2134 245 2192 Forma
258 2131 343 2191 viros
357 2131 494 2191 neclecta
509 2130 608 2191 decet.
639 2130 776 2192 Minoida
789 2130 928 2193 Theseus

69 2226 122 2278 elo
175 2214 327 2290 Abstulit,
348 2222 370 2273 a*
382 2215 465 2274 nulla
478 2221 619 2290 tempora
635 2224 775 2291 comptus
790 2231 859 2276 acu

40 2376 44 2381 ⁵
132 2299 337 2377 Hippolytum
349 2296 503 2371 Phaema,
527 2315 584 2359 nec
599 2307 665 2360 erat
678 2298 758 2359 bene
774 2301 887 2375 cultus,
910 2302 1031 2361 amovit

175 2383 255 2444 Cura
270 2383 349 2442 deae
363 2379 450 2443 silvis
466 2389 556 2458 aptus
570 2383 693 2444 Adonis
708 2392 783 2444 erat.

131 2466 281 2528 Munditie
295 2466 451 2542 placeant,
472 2468 632 2527 fuscentur
645 2483 776 2543 corpora
791 2468 922 2543 campm

175 2550 223 2612 Sit
238 2550 278 2610 be
301 2551 521 2647 econyenieus
536 2551 832 2627 etsinelabetogm
978 2578 1009 2681 L
1069 2590 1077 2671 l
1129 2570 1170 2639 αἱ
1212 2638 1215 2645 .

68 2645 118 2697 cla
128 2567 312 2778 Linwgsda
322 2649 363 2694 ne
376 2641 487 2709 rigeat,
511 2643 635 2696 careant
648 2636 788 2711 rubigine
802 2635 919 2713 dentes,
1017 2613 1233 2779 &sedwa

201 2734 238 2778 ec
251 2732 354 2794 vagus
366 2718 397 2777 in
411 2718 481 2778 laxa
495 2735 554 2795 pes
567 2718 620 2779 tibi
635 2720 715 2795 pelle
730 2726 826 2780 natet:
989 2736 992 2743 ·

130 2803 195 2863 Nec
211 2803 295 2863 male
305 2802 457 2862 delorrnet
470 2803 587 2879 rigidos
599 2810 729 2865 tonsure
742 2804 886 2879 capillum

175 2885 222 2952 stt
236 2901 340 2960 come,
360 2886 400 2947 sit
414 2882 507 2977 docta
518 2887 615 2948 barba
629 2894 749 2949 resecta
763 2904 866 2950 manu.
933 2873 1013 2955 incl,
1027 2930 1032 2939 .
1049 2889 1160 2955 liunt..
1169 2924 1191 2939 ω

128 2971 168 3031 Et
182 2968 258 3031 nihil
271 2970 439 3045 emineant,
461 2978 493 3031 et
506 2972 568 3032 siut
581 2972 649 3032 sine
666 2971 809 3033 sordibus
823 2988 959 3049 unguem

70 3064 119 3116 eto
171 3055 272 3130 lnque
287 3068 366 3115 cava
378 3055 479 3116 nullus
495 3062 556 3116 stet
568 3055 622 3115 tibi
637 3071 711 3115 nare
725 3056 816 3131 pilus.

128 3138 194 3200 Nec
208 3139 290 3199 male
306 3138 425 3199 odorati
439 3140 479 3198 sit
492 3139 588 3200 tristis
601 3140 752 3200 anhelitus
767 3139 844 3201 oris=

170 3222 236 3285 Nec
249 3221 352 3282 laedat
365 3222 449 3282 naris
464 3223 572 3299 virque
587 3231 738 3299 paterque
749 3225 862 3299 gregis.

127 3306 239 3368 Cetera
252 3305 390 3367 lascivae
403 3307 529 3379 iaciant,
552 3308 704 3384 concede,
727 3309 857 3383 puellae,

169 3390 208 3452 Et
224 3391 325 3465 siquis
340 3391 420 3450 male
435 3391 481 3451 vir
495 3392 614 3467 quaerit
627 3391 742 3452 habere
756 3392 864 3452 virum.

68 3485 113 3537 aaa
123 3474 224 3549 Ecce,
244 3490 336 3534 suum
349 3482 450 3534 vatem
465 3474 557 3535 Liber
570 3483 670 3538 vocat
693 3475 745 3535 hie
759 3493 884 3552 quoque
899 3479 1027 3537 amotis

168 3558 321 3627 Adiuvat,
346 3566 376 3618 et
390 3557 547 3632 flammae,
571 3577 634 3635 qua
648 3560 727 3620 calet
741 3560 823 3636 ipse,
846 3561 937 3620 lavet
