2467 4042
201 206 263 273 192
405 228 476 264 rrars
613 206 792 264 marmot.

287 373 405 437 Tollere
428 382 596 436 conantur:
619 391 729 455 saepe,
752 382 786 436 ut
808 374 963 436 medeatur
986 378 1103 457 amori,

285 462 498 545 Praecipiunt,
520 462 688 542 surdaeque
711 461 851 524 adhihent
874 462 981 525 solacia
1003 467 1120 528 menti.

221 561 273 612 cco
287 551 367 613 Muta
390 554 467 613 iacet
479 598 488 634 ,
511 551 679 631 viridesque
703 553 765 612 suis
788 559 871 613 tenet
893 551 1046 631 unguibus
1070 552 1186 615 herbas

286 639 385 720 Byblis
397 688 407 723 ,
430 648 461 701 et
483 648 613 702 umectat
635 637 823 701 lacrimarum
845 642 978 719 gramina
999 643 1086 702 rivo.

285 728 392 790 Naidas
414 728 462 789 his
484 745 589 793 venam
601 775 611 809 ,
634 746 709 807 quae
738 745 899 807 numquam
926 746 1066 790 arescere
1094 739 1216 811 posset,

287 816 485 901 subposuisse
509 816 632 878 ierunt.
660 815 731 895 quid
746 819 825 878 enim
842 816 913 877 dare
927 819 1024 878 maius
1037 815 1217 880 habebant?

286 905 448 986 Protinus,
473 913 505 967 ut
527 913 609 967 secto
631 906 733 984 piceae
757 904 793 965 de
820 906 930 966 cortice
953 912 1077 990 guttae,

221 1005 273 1056 ceo
286 992 361 1057 Utve
384 1002 472 1057 tenax
494 988 612 1077 gravida
636 1001 735 1054 manat
756 992 863 1055 tehure
886 991 1042 1075 bitumen;

287 1082 362 1144 Utve
385 1081 441 1144 sub
465 1082 592 1165 adventu
614 1083 756 1160 spirantis
779 1081 844 1143 lene
867 1080 966 1143 iavoni

288 1170 357 1232 Sole
379 1170 559 1233 remollescit
581 1187 657 1248 qnae
680 1169 790 1249 frigore
814 1170 948 1232 constitit
971 1169 1070 1253 unda3

288 1259 338 1320 Sic
359 1257 489 1321 lacrimis
512 1266 687 1340 consumpta
710 1259 771 1320 suis
794 1256 943 1318 Phoebeia
964 1257 1067 1338 Byblis
1098 1273 1122 1313 a.
1137 1274 1211 1314 arn.

287 1346 420 1427 Vertitur
443 1350 473 1409 in
497 1348 632 1427 ionum,
655 1349 707 1426 qui
729 1364 809 1408 nuno
832 1364 951 1426 quoque
975 1347 1103 1409 vahibus
1128 1349 1187 1410 iliis

221 1446 273 1497 ceo
287 1435 402 1497 Nomen
424 1435 514 1497 habet
535 1435 694 1516 dominae,
715 1436 859 1514 nigraque
882 1433 939 1496 sub
961 1433 1030 1496 ilice
1054 1450 1174 1498 manat.

332 1525 420 1586 Fama
443 1526 511 1585 novi
534 1530 655 1585 centum
678 1522 798 1585 Creteas
820 1523 946 1584 forsitan
968 1521 1062 1585 urbes

287 1612 443 1694 implesset
465 1614 613 1693 monstri,
637 1613 663 1673 si
685 1629 745 1672 non
768 1610 910 1675 miracula
931 1629 1029 1691 nuper

289 1701 391 1781 iphicle
414 1708 526 1779 mutata
549 1699 638 1769 Crete
659 1701 800 1783 propiora
821 1698 956 1762 tulisset.

288 1789 425 1852 Proxima
448 1788 592 1871 Gnosiaco
615 1806 685 1853 nam
708 1787 856 1869 quondam
877 1786 1015 1849 Phaestia
1037 1808 1136 1870 regno

222 1890 275 1941 oto
288 1878 452 1959 Progenult
474 1878 561 1953 telius
584 1879 686 1956 ignoto
710 1877 828 1939 nomine
851 1874 993 1957 Ligdum,

290 1968 421 2047 ingenua
444 1967 480 2029 de
501 1960 589 2046 'plebe
612 1966 709 2028 virum
724 1964 736 2026 .’
758 1983 815 2026 nec
838 1982 945 2026 census
968 1966 1000 2026 in
1022 1963 1076 2026 iiio

288 2054 448 2118 Nobilitate
471 2073 524 2117 sua
546 2056 663 2135 maior,
686 2052 738 2115 sed
761 2052 974 2133 vitantesque

288 2144 440 2224 inculpata
463 2145 539 2206 iuit.
567 2142 703 2222 gravidae
727 2143 778 2221 qui
801 2134 935 2220 coniugis
957 2159 1047 2203 aures

289 2232 417 2299 Vocibus
440 2232 487 2294 his
509 2232 648 2313 monuit,
670 2248 739 2292 eum
761 2232 819 2291 ianr
841 2247 935 2311 prope
956 2238 1063 2309 partus
1077 2230 1209 2292 adesset:

221 2331 274 2384 eto
289 2317 382 2393 ‘Quae
405 2338 547 2403 voveam,
570 2319 630 2381 duo
644 2327 715 2381 sunt
728 2337 736 2380 t
751 2319 878 2393 [minimo
897 2325 931 2379 nt
944 2317 1080 2383 relevere
1093 2318 1210 2399 labore,

288 2410 386 2490 thue
410 2426 521 2472 marem
543 2409 663 2490 parias.
692 2409 846 2469 onerosior
868 2406 959 2469 altera
981 2416 1138 2491 sopsmest,

288 2499 328 2560 Et
350 2501 428 2560 vires
450 2499 569 2560 fortuna
591 2503 701 2576 negat.
729 2495 808 2576 quod
831 2493 1006 2576 abominor,
1030 2513 1102 2575 ergo

289 2587 376 2649 Edita
399 2588 476 2648 iorte
499 2595 550 2649 tuo
574 2585 666 2647 luerit
689 2586 714 2645 si
737 2585 846 2645 semina
866 2591 955 2664 partu
967 2630 977 2666 ,
1000 2616 1044 2629 -

289 2676 402 2751 invitus
425 2675 554 2756 mand03
576 2676 695 2754 pietas,
717 2670 860 2754 ignosce!
883 2703 926 2716 —
949 2665 1107 2736 necetur?

222 2773 275 2825 ceo
289 2764 430 2825 Dixerat:
453 2771 485 2825 et
505 2763 635 2825 lacrimis
658 2760 772 2823 vultum
794 2759 891 2822 lavere
913 2761 1046 2840 profusis

289 2853 362 2915 Tam
386 2854 438 2933 qui
460 2850 638 2932 mandabat,
661 2868 748 2929 quam
773 2851 822 2911 cui
844 2849 980 2911 mandata
1004 2848 1167 2913 dabantur.

291 2941 349 3003 Sed
373 2949 471 3002 tamen
494 2958 589 3020 usque
613 2956 701 3001 suum
723 2940 806 2999 vanis
828 2936 987 2999 Telethusa
1010 2942 1151 3001 maritum

291 3029 435 3091 Sollicitat
457 3027 619 3110 precibus,
642 3045 679 3091 ne
703 3045 786 3106 spem
810 3025 866 3087 sibi
889 3033 979 3105 ponat
1000 3028 1034 3087 in
1056 3035 1139 3089 arto.

291 3117 380 3180 Certa
402 3135 455 3178 sua
479 3126 526 3179 est
547 3115 639 3195 Ligdo
663 3117 831 3177 sententia.
858 3117 976 3194 iamque
999 3114 1123 3176 ferendo

223 3217 276 3269 seo
290 3205 345 3267 Vix
368 3214 432 3267 erat
453 3205 503 3266 iila
525 3222 644 3285 gravem
667 3211 783 3265 maturo
806 3203 938 3284 pondere
961 3211 1115 3287 ventrem,

291 3294 365 3357 Cum
388 3294 486 3355 medio
509 3295 606 3354 noctis
630 3295 725 3372 spatio
749 3289 805 3355 sub
827 3292 954 3372 imagine
977 3294 1076 3353 somni

289 3381 405 3442 Inachis
428 3389 495 3442 ante
514 3389 636 3463 torum,
658 3398 766 3461 pompa
789 3382 927 3442 comitata
950 3397 1093 3463 suorum,
1193 3438 1205 3457 ,

289 3467 349 3528 Aut
371 3470 454 3531 stetit
476 3477 526 3530 aut
549 3471 611 3529 visa
635 3478 702 3531 est.
730 3472 848 3530 inerant
870 3468 984 3530 lunaria
1008 3468 1103 3530 fronti

290 3553 406 3616 Cornua
430 3574 497 3617 cum
521 3559 611 3637 spicis
634 3557 727 3619 nitido
750 3555 926 3619 iiaventibus
950 3572 1022 3618 auro
