2467 4042
488 214 559 287 xi,
578 221 736 272 eoi-740.
804 234 981 273 assoumrua
1053 214 1118 281 325

140 382 274 445 -Saxa
296 381 373 462 fugit
384 428 394 463 ,
417 380 522 444 dextra
543 389 703 462 praerupta
726 381 866 444 Celennia
887 390 990 463 parte,

140 504 183 516 -
196 469 448 550 Romethiumque
469 470 541 550 legit
564 469 751 551 Caulonaque
774 470 1006 551 Naryciamque,

130 571 183 623 ‘lot
196 558 374 639 Evincitque
395 559 507 621 fretum
529 558 683 638 Siculique
705 566 830 638 angusta
851 558 950 620 Pelori

195 646 438 730 Hippotadaeque
461 646 564 709 domos
586 649 667 727 regis
689 646 889 726 Temesesque
912 645 1046 728 metalla,

196 735 431 815 Leucosiamque
452 736 550 818 petit,
572 735 724 816 tepidique
747 737 860 797 rosaria
882 734 997 796 Paesti.

196 824 269 887 Inde
290 824 363 904 legit
385 822 535 907 Capreas,
557 825 858 905 promunturiumque
880 822 1028 885 Minervae

130 924 183 976 ‘110
196 911 236 974 Iit
258 911 437 974 Surrentino
454 929 622 992 generosos
644 912 762 992 palmite
786 911 877 974 eolles

196 999 432 1080 Herculeamque
455 999 560 1062 urbem
584 1000 759 1081 Stabiasque
782 1009 812 1062 et
834 1003 866 1062 in
889 1002 947 1063 otia
971 1008 1069 1061 natam

195 1088 406 1170 Parthenopen
428 1096 459 1151 et
481 1087 518 1150 ab
541 1089 597 1150 hac
620 1087 764 1151 Cumaeae
788 1087 897 1169 templa
921 1086 1064 1168 Sibyllae.

196 1177 273 1239 Hinc
296 1175 383 1239 calidi
405 1178 502 1239 tontes
525 1176 799 1257 lentisciferumque
822 1185 942 1239 tenetur

195 1265 372 1348 Liternum,
394 1265 575 1347 multamque
598 1265 720 1328 trahens
742 1265 799 1333 sub
821 1268 937 1345 gurgite
961 1264 1101 1325 harenam

130 1365 183 1417 m
197 1352 380 1437 Volturnus,
403 1356 556 1434 niveisque
580 1354 723 1433 frequens
747 1353 889 1415 Sinuessa
912 1351 1074 1434 columbis,

195 1442 423 1522 Minturnaeque
446 1460 549 1523 graves
572 1450 603 1504 et
626 1461 715 1524 qnam
737 1441 894 1504 tumulavit
915 1440 1070 1522 alumnus,

195 1530 430 1611 Antiphataeque
453 1529 581 1612 domus,
603 1529 793 1610 Trachasque
816 1529 937 1591 obsessa
958 1526 1066 1609 palude

197 1619 235 1680 llt
257 1618 346 1687 tellus
369 1617 490 1680 Circaea
512 1626 543 1681 et
565 1620 654 1698 spissi
676 1618 772 1680 litoris
790 1617 925 1680 Antium.

196 1706 262 1769 Huc
284 1705 337 1769 uhi
359 1705 510 1768 veliferam
533 1713 641 1768 nautae
664 1706 819 1768 advertere
842 1707 973 1768 carinam
996 1737 1038 1749 -

131 1796 292 1875 asemper
313 1796 394 1856 enim
415 1796 474 1856 iam
495 1801 606 1874 pontus
629 1802 693 1856 erat
711 1826 754 1838 —
773 1794 847 1856 deus
871 1793 999 1874 explicat
1016 1791 1119 1874 orbes,

196 1884 315 1963 Perque
338 1884 422 1944 sinus
445 1882 568 1944 crebros
591 1889 623 1943 et
644 1900 749 1962 magna
771 1882 920 1944 volumina
941 1880 1044 1943 labens

196 1970 318 2052 Templa
340 1973 473 2051 parentis
494 1972 551 2032 init
572 1969 681 2032 ilavnm
705 1972 853 2051 tangentia
876 1970 963 2034 litus.

196 2062 333 2141 Aequore
355 2067 459 2141 pacato
481 2061 592 2140 paulas
615 2057 796 2140 Epidaurins
818 2077 884 2122 aras

197 2149 339 2231 Linquit,
363 2155 393 2209 et
415 2148 543 2228 hospitio
566 2149 662 2210 iuneti
684 2145 741 2209 sibi
763 2148 894 2210 numinis
917 2165 990 2210 usus

132 2247 183 2298 aas
197 2237 346 2299 litoream
368 2244 467 2299 tractu
489 2253 628 2316 squamae
652 2238 824 2316 crepitantis
846 2236 987 2298 harenam

198 2326 299 2388 Suloat
310 2373 321 2408 ‚
344 2333 375 2387 et
396 2326 516 2386 innixus
538 2325 740 2387 moderamine
762 2326 844 2387 navis
866 2327 898 2387 in
921 2324 979 2386 alta

196 2414 300 2495 Puppe
324 2421 413 2493 caput
434 2414 556 2496 posuit,
578 2412 674 2475 donec
698 2412 893 2493 Castrumque
917 2430 1075 2493 sacrasque

197 2502 300 2564 Lavini
322 2502 408 2563 sedes
430 2500 630 2580 Tiberinaque
653 2500 690 2563 ad
712 2504 788 2564 ostia
810 2504 906 2564 venit.

197 2591 263 2653 Huc
286 2592 382 2652 omnis
405 2589 507 2671 populi
528 2591 639 2670 passim
661 2599 849 2670 matrumque
870 2599 1049 2671 patrumque

131 2691 184 2741 '130
199 2679 291 2741 Obvia
319 2677 407 2741 turba
434 2680 517 2760 ruit,
540 2697 675 2758 quaeque
703 2681 788 2759 ignes
800 2725 810 2761 ‚
832 2677 962 2762 Troica,
984 2686 1120 2761 servant,

198 2767 285 2829 Vesta
297 2815 307 2850 ‚
329 2775 398 2829 tuos
409 2814 420 2849 ‚
442 2766 578 2847 laetoque
601 2767 691 2829 deum
713 2768 841 2829 elamore
864 2767 1013 2850 salutant3

192 2856 322 2936 ‚Quaque
343 2874 399 2935 per
422 2855 559 2917 adversas
581 2857 664 2916 navis
687 2858 745 2918 cita
768 2855 888 2918 ducitur
910 2856 1022 2937 undas,

198 2945 278 3005 Tura
301 2962 392 3024 super
415 2945 496 3024 ripas
518 2945 577 3005 aris
601 2962 638 3005 ex
659 2943 763 3005 ordine
787 2945 873 3006 lactis

197 3033 286 3094 Parte
309 3032 345 3094 ab
368 3040 494 3111 utraque
518 3039 625 3094 sonant
637 3080 646 3113 ,
670 3040 700 3094 et
721 3032 848 3094 odorant
869 3037 938 3095 aera
960 3033 1068 3116 tumis,

132 3133 183 3183 rso
198 3122 319 3201 lotaque
342 3123 494 3183 coniectos
516 3120 665 3182 incalfacit
687 3119 783 3182 hostia
806 3120 937 3183 cultros.

197 3210 317 3290 lamque
341 3218 430 3289 caput
452 3227 554 3272 rerum
566 3257 575 3290 ,
598 3208 760 3271 Romanam
782 3211 943 3272 intraverat
965 3208 1089 3272 urbem:

151 3338 156 3349 »
197 3298 331 3378 Erigitur
354 3316 479 3378 serpens
491 3345 501 3379 ‚
525 3316 701 3378 summoque
724 3298 847 3360 acclinia
869 3297 946 3359 malo

199 3386 279 3448 Colla
302 3395 422 3468 movet,
445 3387 591 3466 sedesque
614 3386 673 3448 sibi
696 3388 899 3467 circumspicit
921 3394 1020 3467 aptas.

198 3474 350 3536 Scinditur
373 3477 557 3555 ingeminas
579 3483 681 3555 partes
704 3475 896 3537 circumfluus
918 3477 1031 3558 amnis,

132 3575 183 3625 740
199 3562 297 3625 insula
319 3581 428 3624 nomen
450 3562 560 3646 habet3
582 3562 768 3643 laterumque
791 3582 808 3625 e
830 3572 915 3645 parte
938 3563 1066 3627 duorum
