2467 4042
133 212 158 266 X

134 382 200 439 5555
224 381 298 455 537,
321 384 375 439 555
397 378 538 439 Tiberino
561 380 593 437 et
616 377 730 439 Glauco
749 378 946 456 Anthedonio,
970 379 1044 456 514,
1068 380 1144 456 556,

133 468 184 545 551
207 467 256 527 551
277 468 358 542 15551,
381 470 435 526 555
456 467 616 526 mulierum
639 468 774 543 exempla
795 468 899 528 multa.

222 557 369 632 Pleraque
387 557 460 615 haec
483 555 653 631 antiquiora
675 559 745 615 sunt
768 555 896 632 scholiis,
919 573 1079 631 equorum
1096 556 1143 614 in·

135 644 223 721 eptiis
246 643 360 704 fraudis
382 643 528 704 latissime
550 644 611 704 iam
633 644 799 721 grassantis
822 643 908 721 qnasi
925 644 1057 703 recinere
1075 661 1143 703 can-

133 733 257 792 tilenam
287 733 375 793 facile
405 732 570 808 suspiceris.
625 732 676 793 1111
702 734 804 792 551555
830 732 862 792 15
889 732 1028 792 carminis
1054 750 1143 807 para·

134 820 199 881 dosi
221 821 354 880 insaniae
376 820 472 897 illius,
500 837 560 897 qua
581 820 702 880 fabulae
724 820 877 898 finguntur
895 824 926 881 et
946 838 1052 880 versus
1073 838 1142 896 pro-

135 909 292 984 cuduntur,
314 909 443 986 vestigia
465 911 610 984 55551555
632 911 753 984 5155551
775 909 947 985 scripturae,
969 909 1055 968 velut
1077 909 1141 969 499

135 999 209 1073 539,
233 1001 263 1057 55
285 998 413 1058 fortasse
436 997 556 1056 nomina
578 996 725 1074 quaedam
747 997 874 1057 fallaciis
897 997 957 1056 illis
976 996 1143 1056 adcommo-

135 1085 218 1145 data:
241 1087 320 1145 inter
342 1085 459 1145 fabulas
482 1085 685 1161 ignotissimae
700 1099 772 1145 xxx
795 1086 879 1145 nulla
901 1087 957 1161 est,
980 1104 1056 1161 quae
1080 1085 1142 1144 elo⁴

134 1175 261 1234 55515515
275 1173 412 1234 55155115
422 1174 548 1250 1555155,
563 1187 744 1250 quamquam
758 1176 821 1234 461
838 1176 869 1233 55
883 1174 946 1233 475
959 1172 1143 1234 5551555155

134 1263 353 1338 proscribebat3
380 1263 406 1322 si
432 1261 469 1321 de
494 1257 578 1322 stret
599 1263 664 1322 434
688 1265 720 1321 55
740 1259 876 1322 Ρνό5555
899 1263 961 1322 517
991 1261 1143 1338 suspican-

135 1352 206 1413 dum
233 1351 286 1427 515,
317 1369 377 1409 555
409 1353 479 1410 55115
510 1353 590 1410 55155
622 1351 743 1409 fabulae
775 1350 905 1411 fictitiae.
961 1350 1144 1410 scholiorum

136 1441 267 1498 aetatem
289 1438 426 1516 Ellisius,
450 1438 674 1498 strenuissimus
697 1438 912 1499 inaccessorum
936 1438 1143 1516 investigator,

134 1526 279 1587 indicavit
315 1527 466 1587 saeculum
502 1528 653 1603 quintum,
694 1528 778 1586 55155
814 1527 942 1602 exempli
976 1525 1144 1603 Vergilium

134 1615 363 1692 grammaticum
385 1633 440 1691 per
467 1614 502 1674 A.
526 1615 637 1673 Maium
661 1615 813 1691 cognitum
840 1616 993 1675 habemus.
1047 1634 1143 1691 neque

136 1703 217 1763 aliud
234 1704 353 1764 11115515
371 1706 500 1778 tempus,
523 1721 581 1780 quo
599 1703 699 1778 potius
719 1706 950 1763 consentaneum
969 1702 1010 1763 515
1023 1708 1144 1779 gestum

136 1810 215 1867 esse,
246 1791 325 1869 5555
355 1809 445 1867 55515
471 1790 651 1868 1551555551,
683 1793 718 1851 55
748 1793 898 1868 exemplar
924 1810 1017 1850 unum
1045 1791 1144 1851 011511

136 1880 305 1955 haberetur,
329 1879 389 1938 situ
412 1879 559 1953 affectum,
587 1879 666 1955 quod
689 1897 756 1939 cum
779 1879 905 1939 axeliis
929 1880 1062 1956 suppleri
1084 1898 1145 1939 non

135 1969 280 2044 potuerit,
307 1984 402 2027 novae
429 1967 668 2043 interpolationis
690 1985 811 2028 causam
833 1967 964 2043 dederit3
991 1969 1143 2044 55115111-

136 2057 204 2116 dem
231 2056 413 2132 ineruditae,
440 2059 475 2115 55
502 2058 687 2132 555555155,
716 2056 767 2115 sed
794 2056 884 2131 paulo
908 2056 1090 2132 elegantiore
1113 2060 1145 2116 et

135 2145 232 2220 poetis
264 2146 341 2205 serti
371 2144 421 2204 151
453 2144 572 2220 septimi
602 2144 713 2204 saeculi
744 2143 835 2220 digna
866 2144 1013 2218 insecuta,
1045 2147 1081 2203 55
1108 2163 1145 2204 55

135 2237 259 2310 propter
281 2253 300 2293 5
322 2233 586 2310 55155555555515
609 2236 749 2293 statuam.

62 2320 66 2325 '
226 2321 307 2393 Quae
335 2321 429 2400 igitur
456 2322 525 2380 ante
548 2339 623 2381 saec.
647 2340 667 2381 v
694 2320 726 2379 in
747 2319 832 2379 Ibide
858 2320 1041 2397 interpolata
1063 2323 1143 2389 5555,

138 2428 174 2469 55
196 2411 262 2482 1555
285 2409 387 2470 licebit
404 2409 580 2485 habeantur,
603 2428 663 2485 quo
681 2408 848 2470 vetustiora
865 2408 1145 2485 Metamorphoseon

137 2498 352 2575 supplementa.
406 2500 532 2575 utraque
564 2516 582 2557 5
613 2496 749 2574 genuinis
777 2496 850 2556 satis
877 2515 966 2572 aegre
993 2496 1145 2556 interdum

136 2586 352 2663 discernuntur,
370 2585 458 2662 idque
471 2585 630 2661 praecipue
643 2586 676 2645 in
688 2585 779 2646 lbide.
833 2585 865 2644 15
878 2585 1035 2645 Metamm.
1054 2604 1144 2662 quae·

138 2674 207 2734 dam
226 2675 364 2735 cancellis
382 2674 482 2733 notari
499 2677 640 2749 poterant
657 2674 696 2734 ad
713 2673 885 2734 1551555555
903 2675 1055 2750 terminos,
1073 2676 1145 2733 arti·

137 2763 196 2822 ficii
218 2781 312 2840 genus
336 2766 367 2823 et
391 2762 537 2839 originem
559 2762 807 2838 interpolationis,
834 2765 888 2821 aut
910 2762 1054 2838 pristinae
1078 2780 1141 2822 ora·

136 2850 226 2911 tionis
245 2850 496 2912 continuationem
521 2854 552 2911 et
574 2854 710 2911 tenorem
729 2850 906 2910 sistendum:
928 2850 961 2910 in
977 2851 1062 2910 Ibide
1081 2850 1144 2910 5155

137 2940 218 2999 modi
240 2939 314 2999 nihil
336 2958 429 3016 prope
452 2942 507 3016 est,
530 2938 609 3015 quod
632 2939 705 2999 satis
728 2958 782 3014 per
809 2957 841 2999 55
864 2941 980 3015 pateat,
1010 2938 1144 2998 distichis

138 3028 237 3087 omnia
259 3027 448 3089 definiuntur.
501 3027 552 3087 sed
575 3027 728 3087 commode
751 3027 1070 3104 aMetamorphosibus
1083 3027 1144 3086 Ibi-

138 3115 183 3175 dis
210 3116 403 3177 Ponticorum
428 3116 587 3176 Fastorum
620 3115 811 3176 5555151515
840 3117 896 3175 hoc
923 3117 1034 3192 differt,
1067 3115 1145 3192 quod

138 3223 213 3281 quae
240 3205 272 3263 in
298 3205 345 3265 his
372 3208 441 3281 post
464 3205 614 3265 5555515111
637 3204 775 3280 55155515
797 3206 922 3264 accessit
943 3204 1146 3281 interpolatio,

138 3311 156 3352 5
177 3292 342 3353 vetustiore
364 3293 409 3352 ita
432 3295 623 3371 segregatur,
646 3296 681 3352 ut
702 3292 777 3353 haec
800 3295 880 3353 certe
899 3311 982 3369 pars,
1004 3310 1064 3352 non
1083 3293 1146 3369 opi·

137 3381 235 3441 515515
249 3381 349 3458 511555
364 3380 497 3458 51515115,
512 3381 564 3441 555
578 3381 723 3440 librorum
736 3383 790 3441 aut
803 3381 975 3442 testimonio
989 3383 1043 3440 aut
1052 3381 1144 3440 admi·

137 3469 248 3544 niculo,
276 3470 413 3529 cancelhs
440 3469 577 3546 insigniri
600 3469 743 3545 potuerit.
796 3469 827 3528 id
849 3470 996 3546 quomodo
1019 3470 1147 3545 simplici

137 3574 197 3615 una
211 3559 243 3616 55
256 3575 292 3616 ex
305 3559 464 3635 propatulo
475 3557 682 3618 observatione
697 3559 834 3618 effectum
845 3559 893 3635 sit,
906 3576 984 3619 nunc
992 3576 1145 3635 exponam.
