2467 4042
431 267 452 317 1.
472 278 543 342 v1111
558 268 650 318 14-11
664 268 705 318 18.

154 430 319 510 Augurium
342 431 419 491 ratio
442 437 489 490 est
512 436 543 490 et
565 430 738 489 coniectura
760 427 874 489 inturit

155 518 217 579 Hac
240 519 367 580 divinavi
390 519 584 596 notitiamque
608 516 682 578 tuli.

154 607 237 678 Quae
261 608 400 686 quoniam
422 623 491 667 vera
513 614 561 666 est
573 653 581 687 ,
605 612 667 665 tota
689 601 746 665 tibi
767 611 867 665 mente
890 602 1022 684 mihique

154 694 317 775 Gratulor,
338 696 490 773 ingenium
514 710 574 753 non
596 692 719 753 latuisse
743 699 846 753 tuum.

106 794 140 845 tto
154 784 192 844 At
215 790 352 843 nostrum
375 781 507 843 tenebris
530 782 644 842 utinam
666 780 803 841 latuisset
824 781 856 840 iu
879 776 964 841 imisl

154 870 291 951 Expediit
314 870 412 932 studio
435 869 535 931 lumen
559 868 662 929 abesse
687 885 761 928 meo.

155 958 253 1037 thue
275 958 330 1019 tibi
352 965 480 1039 prosunt
502 964 604 1038 artes,
628 956 777 1037 lacunde,
801 972 939 1037 severae,

155 1045 320 1108 Dissimiles
342 1047 401 1109 illls
424 1048 468 1108 sic
492 1062 623 1107 nocuere
646 1044 736 1106 mihi.

154 1134 220 1196 Vita
242 1144 341 1197 umen
364 1133 419 1196 tibi
441 1142 511 1195 nota
534 1151 599 1194 mea
622 1142 685 1195 est.
722 1133 782 1193 scis
805 1130 920 1194 artibus
942 1129 1001 1194 lllls

106 1237 140 1286 oo
154 1225 293 1285 Auctoris
316 1240 416 1285 mores
439 1222 618 1283 abstinuisse
641 1222 707 1282 sui:

156 1310 223 1373 Scis
244 1319 331 1373 retus
349 1310 406 1372 hnc
428 1312 529 1372 iuueni
551 1310 651 1371 lusum
669 1307 743 1370 mihi
765 1326 907 1389 carmen,
931 1317 962 1370 et
984 1309 1078 1389 istos,

155 1398 195 1459 Ut
216 1416 277 1460 uon
299 1398 483 1479 laudandos,
506 1400 549 1459 sic
573 1407 672 1459 tamen
696 1415 763 1458 esse
786 1398 886 1458 iocos.

156 1485 236 1565 Ergo
259 1494 293 1547 ut
315 1486 435 1548 delendi
457 1486 538 1547 nullo
562 1503 628 1547 mea
650 1502 739 1564 posse
762 1484 879 1567 colore,

158 1573 208 1635 Sic
232 1578 368 1636 excusari
391 1576 514 1636 erimina
537 1592 626 1655 posse
649 1581 731 1652 puto.

108 1675 142 1726 oo
158 1664 222 1736 Qua
244 1670 353 1744 potes,
375 1680 507 1744 excusa,
530 1681 586 1724 neo
610 1663 697 1723 amici
720 1660 825 1722 desere
848 1658 984 1724 causaml

158 1750 222 1823 Oua
244 1749 321 1814 bene
343 1753 469 1833 coepisti
481 1798 490 1833 ,
512 1752 556 1812 sic
579 1749 656 1812 bene
679 1767 798 1832 semper
820 1766 879 1810 eas.

551 1942 594 2019 X.

133 2133 135 2135 ·
157 2102 212 2165 list
233 2104 305 2165 mibi
328 2106 449 2186 sitque,
471 2120 601 2183 precor,
624 2101 714 2163 llarae
737 2101 830 2164 tutela
853 2101 1021 2184 Minervae,

158 2191 246 2253 Naris
269 2201 300 2254 et
321 2211 338 2253 a
360 2194 441 2272 picta
464 2191 578 2253 casside
601 2207 710 2251 nomen
733 2189 840 2251 habet.

158 2279 226 2341 Sive
244 2298 320 2361 opus
343 2287 390 2342 est
407 2278 502 2362 reiis,
525 2280 677 2339 minimam
695 2277 771 2340 bene
790 2279 887 2339 currit
904 2279 940 2339 ad
959 2296 1078 2360 auram3

159 2367 227 2429 Siue
251 2386 327 2449 opus
350 2375 396 2429 est
418 2385 524 2450 remo,
547 2369 660 2446 remige
683 2369 779 2447 carpit
799 2368 876 2429 iter.

128 2456 219 2518 §Nee
242 2459 365 2518 comites
387 2455 502 2518 volucri
524 2462 663 2516 contenta
690 2463 737 2516 est
758 2456 878 2516 vincere
902 2473 1013 2537 cursu,

158 2543 292 2625 Occupat
314 2562 451 2624 egressas
474 2544 636 2624 quamlibet
658 2550 726 2604 ante
749 2551 844 2625 ratcs3

78 2707 81 2712 y
157 2629 182 2714 †
203 2631 242 2694 Et
264 2634 376 2713 patitur
397 2632 507 2694 lluctus
530 2633 648 2712 fertque
671 2631 831 2694 assilientia
854 2629 941 2712 longe

157 2721 318 2802 Aequora,
340 2739 396 2783 nec
420 2724 515 2783 saevis
538 2723 615 2781 ricta
638 2722 749 2783 fatiscit
771 2722 874 2799 aquis.

157 2808 232 2892 illa,
254 2808 451 2872 Corinthiacis
474 2811 604 2890 primum
628 2810 701 2870 mihi
724 2811 841 2889 cognita
864 2806 1043 2889 Cenchreis,

109 2909 144 2959 to
157 2897 230 2959 Fida
253 2906 352 2959 manet
374 2898 506 2978 trepidae
529 2898 650 2975 duxque
674 2914 833 2976 comesque
856 2897 961 2979 lugae3

157 2985 276 3062 Perque
300 2992 345 3047 tot
368 2995 491 3047 eventus
514 2993 546 3046 et
568 2986 679 3063 iniquis
702 2986 818 3046 concita
840 2987 937 3045 ventis

157 3071 295 3149 Aequora
317 3071 445 3133 Palladio
468 3073 591 3134 numine
614 3069 679 3133 tuta
701 3072 776 3133 luit.

157 3159 244 3222 Nunc
267 3176 386 3239 quoque
410 3168 473 3221 tuta
485 3207 495 3240 ,
517 3175 648 3239 precor,
673 3161 748 3219 rasti
771 3165 853 3219 secet
876 3159 951 3218 ostia
973 3156 1079 3239 Ponti,

158 3248 297 3326 Quasque
320 3249 417 3328 petit,
441 3247 536 3308 Getici
559 3244 656 3306 litoris
678 3249 771 3307 intret
793 3262 901 3325 aquas.

109 3349 142 3400 to
158 3336 239 3409 Quae
263 3336 352 3398 simul
374 3336 491 3398 Aeoliae
514 3352 596 3396 mare
619 3352 668 3395 me
691 3334 815 3396 deduxit
837 3335 868 3394 in
891 3332 1007 3415 Helles,

156 3425 195 3487 Et
217 3424 339 3504 leogium
361 3427 445 3487 tenui
467 3424 560 3485 limite
584 3421 654 3486 lecit
677 3425 754 3499 iter,

156 3514 307 3575 olorinus
329 3516 361 3575 in
384 3513 500 3575 laevum
523 3529 653 3595 cursus,
676 3520 707 3573 et
729 3510 766 3572 ab
789 3509 927 3572 Hectoris
950 3509 1025 3573 urbe

155 3601 297 3664 Venimus
320 3602 356 3663 ad
379 3611 508 3684 portus,
530 3598 640 3663 Imbria
662 3608 766 3684 terra,
789 3608 874 3663 titos.

881 3700 918 3755 2*
