2467 4042
441 202 497 274 vl,
517 209 674 259 lli-leb.
795 222 873 258 moen
994 202 1054 267 lll

150 371 250 432 Cedere
272 370 449 451 caelitibus,
471 370 630 451 verbisque
653 368 818 432 minoribus
841 372 902 432 uti.

147 459 228 521 llulta
249 460 357 522 dabant
378 461 515 522 aninmo.
542 458 595 521 sed
617 460 698 520 enim
719 476 776 520 nee
799 459 933 537 coniugis
956 463 1037 521 artes

145 548 201 609 Nec
221 567 312 628 genus
336 547 492 610 amborum
513 549 672 627 magnique
694 549 826 627 potentia
848 548 934 627 regni

146 636 191 698 Sic
211 637 347 717 placuere
369 636 413 698 illi
425 684 435 716 ,
458 638 591 716 quamvls
613 653 648 697 ea
671 643 778 697 cuncta
799 635 969 718 placerent,

77 735 130 785 155
144 724 179 786 Ut
199 745 250 788 sua
270 727 452 806 progenies.
480 733 511 787 et
533 723 703 788 felicissima
725 732 854 786 manum

143 813 220 876 biota
241 815 320 877 ioret
342 812 459 896 Niobe,
481 816 507 875 si
530 831 591 875 non
614 812 672 874 sibi
694 814 756 875 visa
779 813 902 875 luisset.

142 901 210 964 Nam
231 911 293 965 sata
316 902 432 964 'liresia
454 904 574 963 venturi
594 902 728 982 praescia
749 900 850 964 Manto

141 991 195 1052 Per
216 991 328 1061 medias
350 991 470 1072 iuerat,
492 991 592 1053 divino
615 992 732 1051 concita
753 998 854 1070 motu,

141 1078 297 1142 latieinata
319 1081 404 1157 rias,
427 1075 603 1143 ‘Ismenides
615 1126 625 1161 ,
648 1081 689 1140 ita
712 1080 885 1157 frequentes

77 1177 127 1228 aso
140 1166 174 1228 Et
195 1168 262 1230 date
286 1167 415 1229 Latonae
438 1166 687 1247 Latonigenisque
711 1165 829 1229 duobus

141 1257 210 1319 dum
232 1275 324 1336 prece
347 1264 415 1317 tura
436 1259 508 1336 pia,
530 1255 675 1335 lauroque
697 1257 841 1317 innectite
865 1257 998 1317 crinem:

140 1344 193 1406 Ore
216 1363 285 1406 meo
308 1344 421 1406 Latona
443 1344 526 1406 iubet
540 1339 560 1406 .'
587 1351 733 1425 paretur,
757 1352 787 1405 et
809 1361 913 1404 omnes

139 1433 301 1495 ThebaIdes
324 1434 415 1495 iussis
437 1451 492 1495 sua
514 1441 649 1512 tempora
671 1431 827 1497 frondibus
850 1441 974 1513 ornant,

138 1521 274 1602 luraque
298 1522 371 1582 dant
392 1523 502 1583 sanctis
526 1530 557 1582 et
578 1519 669 1582 verba
690 1522 844 1600 precantia
865 1520 1008 1582 dammis.

77 1619 123 1668 lea
137 1609 211 1672 Eece
234 1611 318 1671 venit
341 1611 483 1672 comitum
500 1608 599 1693 ¹Niobe
623 1607 816 1671 celeberrima
838 1607 943 1690 turba,

137 1697 274 1762 Vestibus
296 1700 410 1760 intexto
432 1698 571 1778 Phrygiis
593 1696 763 1779 spectabilis
786 1714 858 1759 auro

137 1785 193 1869 Et,
217 1793 364 1866 quantum
386 1788 431 1847 ira
455 1787 548 1867 sinit,
571 1786 701 1848 lormosa
723 1803 904 1865 movensque
928 1784 1036 1846 decoro

138 1874 209 1936 dum
232 1877 331 1955 capite
353 1876 493 1936 inmissos
515 1892 653 1937 umerum
675 1893 730 1954 per
743 1882 905 1953 unumque
923 1872 1061 1953 capillos.

136 1962 298 2026 Constitit:
326 1970 419 2043 utque
442 1962 544 2025 oculos
567 1962 750 2026 circumtulit
773 1962 830 2024 alta
853 1961 1015 2043 superbos,

79 2060 124 2112 170
137 2047 221 2122 ‘Quis
242 2052 331 2112 iuror
343 2097 353 2132 ,
376 2046 504 2113 auditos’
526 2052 626 2130 inquit
648 2047 842 2131 ‘praeponere
865 2052 935 2112 visis

138 2134 319 2202 Caelestes?
341 2147 393 2200 aut
416 2156 470 2201 our
493 2138 601 2201 colitur
623 2138 735 2201 Latona
757 2158 812 2219 per
836 2157 918 2220 aras,

135 2228 252 2290 Numen
277 2226 374 2289 adbuc
396 2228 460 2288 sine
483 2235 551 2288 ture
574 2244 674 2289 meum
698 2224 774 2290 est?
796 2227 869 2289 mibi
892 2225 1032 2289 Tantalus

831 2372 834 2379 .
939 2325 1062 2397 erector,

137 2405 191 2468 Cui
212 2406 298 2468 licuit
322 2405 378 2467 soli
401 2423 579 2486 superorum
601 2414 724 2485 tangere
747 2424 882 2468 mensas.

135 2494 289 2556 Pleiadum
311 2511 398 2555 soror
421 2504 468 2556 est
489 2496 625 2574 genetrix
648 2511 735 2556 mea.
762 2497 907 2557 maximus
930 2493 1010 2556 Atlas

80 2589 123 2641 lit
136 2581 190 2644 list
212 2600 285 2645 arus
297 2629 307 2664 ,
331 2581 496 2646 aetherium
519 2585 571 2662 qui
593 2584 654 2645 lert
675 2582 841 2645 cervicibus
864 2600 966 2644 axem:

136 2670 269 2753 luppiter
292 2669 368 2732 alter
390 2689 483 2733 auus.
511 2688 616 2734 socero
641 2688 759 2751 quoque
782 2671 894 2750 glorior
915 2670 983 2733 illo.

135 2758 180 2821 lde
204 2766 310 2840 gentes
332 2768 471 2822 metuunt
492 2758 659 2841 Phrygiae,
681 2778 730 2822 mc
752 2762 834 2839 regia
856 2758 957 2822 Cadmi

137 2846 198 2910 Sub
221 2849 341 2911 domina
363 2857 431 2930 est,
453 2847 622 2928 fidibusque
644 2850 704 2911 mci
727 2850 884 2911 conmissa
907 2850 1007 2910 mariti

136 2935 250 2998 ldoenia
273 2953 343 2999 oum
365 2936 485 3017 populis
507 2955 524 2997 a
547 2954 655 3016 meque
677 2938 801 3016 viroque
824 2944 988 3016 reguntur.

81 3024 166 3086 reela
192 3042 411 3105 quamcumque
435 3024 541 3088 domos
564 3017 677 3087 adveitl
699 3025 811 3088 lumina
832 3031 966 3106 partem,

136 3112 271 3176 inmensa
311 3119 485 3194 spectantur
507 3132 601 3195 opes.
629 3113 744 3176 accedit
766 3113 894 3177 codem.

137 3199 228 3283 iligna
250 3202 306 3265 dea
328 3203 442 3265 iacies.
469 3202 530 3265 buo
552 3209 636 3265 natas
659 3202 741 3266 adice
765 3198 881 3283 septem

136 3286 172 3352 lit
195 3291 319 3354 totidem
340 3292 464 3355 Iuvenes
476 3338 487 3373 ,
510 3299 541 3354 et
562 3308 632 3354 mox
654 3308 840 3373 generosque
863 3305 1035 3370 nurusque.

137 3377 274 3449 Quaerite
297 3396 402 3462 nuno,
423 3378 531 3442 babeat
549 3397 639 3459 quam
651 3387 754 3443 nostra
767 3378 908 3460 superbia
921 3396 1040 3443 causam
1048 3425 1060 3461 ,

82 3470 125 3523 tto
136 3464 240 3530 lisseio
264 3485 385 3549 quoque
408 3469 514 3531 audete
537 3476 631 3531 satam
653 3467 789 3531 Titanida
811 3467 890 3530 Coeo

137 3551 273 3621 Latonam
296 3557 450 3640 praeferre
473 3554 546 3621 mihi
558 3604 569 3642 ,
592 3558 641 3619 cul
663 3558 789 3620 maxima
812 3557 960 3638 quondam
