2467 4042
449 253 497 306 111.
518 254 666 305 ere-ceo.
995 247 1059 312 277

185 416 335 478 Sustinuit
357 415 462 476 tacitas
485 416 623 477 conscius
646 415 740 475 amnis
763 431 871 495 aquas,

139 504 206 586 lpsa
228 503 310 585 loqui
332 505 394 565 visa
418 512 464 564 est
486 498 610 582 ‘placidi
629 521 696 564 sum
718 503 846 582 nympha
868 501 1003 565 Numici:

185 592 277 654 Amne
301 609 433 672 perenne
455 590 551 652 latens
573 591 657 653 Anna
679 590 814 652 Perenna
836 585 958 652 vocor?

75 693 125 745 655
139 681 281 742 Protinus
304 682 411 741 erratis
433 679 503 741 laeti
524 689 687 741 vescuntur
710 682 742 740 in
765 681 863 761 agris,

185 769 223 831 lit
246 767 398 830 celebrant
419 768 501 847 largo
524 786 649 848 remque
672 768 811 847 diemque
834 785 935 829 mero.

142 857 219 920 Sunt
241 856 352 937 quibus
373 856 447 918 haec
469 856 554 919 Luna
576 864 645 938 est,
675 858 744 937 qnia
768 855 919 917 mensibus
942 854 1062 935 impleat

690 962 817 1025 annum3

184 1034 257 1096 Pars
280 1033 430 1118 Themin,
452 1033 600 1095 Inachiam
623 1050 693 1113 pars
714 1041 800 1113 putat
822 1050 888 1093 esse
911 1031 1036 1093 bovem.

139 1123 296 1207 Invenies,
320 1125 371 1202 qui
394 1130 423 1184 te
446 1122 596 1202 nymphen
619 1120 766 1182 Atlantida
789 1120 890 1181 dicant
897 1169 907 1202 ,

17 1286 18 1291 γ
74 1224 126 1275 666
184 1211 286 1291 Teque
310 1211 371 1271 lovi
394 1213 528 1292 primos,
551 1211 657 1292 huna,
681 1210 797 1271 dedisse
821 1208 922 1270 cibos.

17 1310 18 1315 ’
140 1297 219 1360 11666
243 1316 386 1378 quoque,
409 1316 498 1378 quam
520 1297 670 1379 reseram,
693 1307 811 1359 nostras
833 1299 969 1377 pervenit
992 1296 1028 1358 ad

689 1403 777 1447 aures

184 1472 295 1548 Fama,
317 1490 374 1534 nec
396 1491 414 1534 a
436 1475 499 1534 veri
522 1465 647 1533 dissidet
667 1471 717 1533 illa
739 1473 816 1535 fide.

140 1560 230 1624 Plebs
254 1569 340 1622 vetus
363 1570 394 1622 et
416 1560 506 1623 661116
529 1563 691 1622 etiamtunc
714 1569 778 1622 5656
801 1559 929 1622 tribunis

185 1648 295 1730 Fugit,
318 1658 349 1710 et
371 1651 402 1711 16
427 1649 511 1711 Sacri
533 1651 645 1710 vertice
668 1651 777 1711 montis
801 1659 884 1728 eget.

75 1737 201 1802 6651616
226 1755 366 1818 quoque,
391 1756 480 1817 quem
503 1755 605 1799 secum
630 1736 781 1819 tulerant,
802 1737 951 1800 deiecerat
972 1736 1039 1799 illos

185 1825 287 1888 Victus
310 1835 342 1887 et
361 1823 500 1887 humanis
523 1824 628 1887 usibus
651 1836 718 1906 apta
741 1825 849 1887 Ceres.

140 1913 212 1976 Orta
235 1914 414 1977 suburbanis
438 1914 581 1993 quaedam
604 1914 661 1976 1615
682 1914 765 1975 6666
788 1913 909 1975 Bovillis
920 1962 930 1996 ,

184 2002 323 2084 Pauper,
346 2003 400 2064 sed
423 2002 549 2064 mundae
573 2002 739 2065 sedulitatis
761 2021 853 2064 anus.

141 2091 193 2153 1116
205 2138 215 2173 ,
237 2091 295 2153 1661
317 2093 406 2153 mitra
429 2109 517 2152 canos
541 2091 678 2152 redimita
701 2091 840 2172 capillos,

75 2193 127 2243 656
185 2178 329 2259 Fingebat
352 2180 478 2241 tremula
500 2182 613 2243 rustica
636 2179 695 2240 liba
716 2197 825 2260 mauu;

140 2268 237 2347 Atque
259 2271 301 2330 156
323 2286 378 2349 per
400 2268 543 2348 populum
566 2268 708 2330 fumantia
731 2277 817 2329 mane
841 2265 954 2331 solebat

185 2356 344 2418 [lividere.
382 2356 453 2417 haec
476 2355 585 2437 populo
609 2358 694 2435 copia
716 2364 799 2435 grata
821 2355 895 2417 luit.

140 2443 216 2506 Pace
239 2444 320 2506 domi
342 2444 419 2505 iacta
442 2445 559 2522 signum
582 2461 733 2525 posuere,
755 2461 918 2524 perennem

187 2531 272 2604 0666
296 2531 354 2593 sibi
376 2531 501 2593 66166516
524 2531 572 2593 1116
595 2532 713 2593 56116665
735 2550 840 2613 opem.

75 2633 127 2685 555
141 2620 228 2682 Nunc
251 2620 324 2681 mihi
335 2668 345 2701 ,
368 2639 423 2682 cur
441 2629 580 2702 cantent,
604 2629 761 2701 superest,
780 2620 907 2682 obscena
930 2620 1060 2704 puellae,

185 2707 312 2770 Dicere.
353 2727 421 2770 nam
444 2718 554 2770 coeunt
576 2717 716 2788 certaque
740 2708 848 2787 probra
871 2718 997 2771 canunt.

141 2797 244 2876 Nuper
266 2804 330 2858 erat
353 2797 407 2859 dea
430 2798 528 2859 lacta:
552 2799 632 2859 venit
655 2797 799 2860 Gradivus
821 2798 857 2859 ad
881 2799 1012 2880 Annam,

184 2885 223 2948 115
246 2904 313 2948 cum
337 2886 459 2948 seducta
482 2886 550 2947 talia
572 2885 662 2946 verba
686 2887 772 2949 lacit:

141 2970 257 3036 ‘Mense
281 2992 347 3035 meo
370 2975 500 3057 coleris,
522 2976 605 3036 iunxi
629 2993 694 3036 mea
717 2985 850 3056 tempora
874 2983 989 3036 tecum:

76 3074 128 3124 686
186 3060 300 3124 Pendet
322 3062 359 3122 ab
381 3063 478 3124 6111616
502 3080 571 3143 spes
594 3063 668 3124 mihi
689 3075 794 3142 magna
817 3073 885 3123 tuo.

141 3151 269 3211 Armiler
293 3151 447 3212 armiierae
470 3159 627 3232 correptus
650 3167 749 3211 amore
772 3150 919 3211 Minervae

187 3237 286 3318 Uror,
310 3247 340 3298 et
362 3238 419 3299 hoc
442 3238 530 3318 longo
553 3249 687 3317 tempore
711 3238 815 3299 volnus
839 3238 902 3300 616.

141 3325 256 3407 Ε11166,
280 3326 310 3386 61
333 3327 431 3387 656616
454 3327 564 3388 similes
588 3344 726 3388 coeamus
749 3328 913 3388 inunum.

186 3414 373 3477 Conveniunt
394 3425 494 3496 partes
517 3416 589 3477 baec
612 3414 668 3476 tibi
680 3463 689 3496 ‚
713 3417 805 3476 comis
828 3409 936 3476 anus)

75 3517 126 3567 685
140 3504 282 3566 Dixerat.
324 3502 373 3564 illa
396 3503 484 3566 deum
507 3506 656 3585 promisso
678 3503 754 3565 ludit
776 3505 873 3584 inani,

185 3592 224 3656 Et
246 3592 367 3655 stultam
390 3591 479 3654 dubia
503 3610 586 3673 spem
610 3592 700 3655 trahit
723 3609 818 3671 usque
841 3610 939 3653 mora.
