2467 4042
221 193 285 258 254
398 210 525 247 scmus
637 191 816 248 benamu.

351 357 432 420 Haec
454 366 611 438 postquam
634 357 716 419 dulci
737 357 858 420 Neleius
881 350 975 422 edidit
996 379 1063 443 ore,

310 449 334 508 A
357 465 495 508 sermone
518 448 599 509 senis
621 449 750 526 repetito
772 465 896 510 munere
919 447 1026 510 Bacchi

309 535 473 597 Surrexere
495 537 593 616 toris3
615 553 674 595 nox
697 543 744 597 est
765 534 832 597 deta
855 545 955 600 cetera
977 555 1092 600 somno.

242 634 294 686 oto
351 623 390 685 At
412 622 486 685 deus
509 641 672 703 aequoreas
695 626 748 703 qni
770 626 892 704 cuspide
914 634 1059 706 temperat
1079 624 1169 705 undu,

307 710 341 772 ln
364 711 516 773 volucrem
539 730 649 792 corpus
671 714 734 773 nati
755 712 974 775 Phaethontida
996 732 1107 776 versum

306 799 406 862 Mente
429 799 510 862 dolet
531 802 650 882 patria3
672 818 852 881 saevumque
873 820 1002 882 perosus
1023 802 1148 864 Achillem

307 887 437 950 Exercet
458 906 607 950 memores
629 888 698 968 plus
721 907 810 968 quiam
832 890 960 952 civiliter
983 893 1057 952 iras.

308 976 428 1057 lamque
451 978 515 1038 lere
538 985 634 1038 tracto
658 976 717 1039 dno
740 996 795 1057 per
818 980 1022 1058 quinquennia
1043 978 1113 1040 bello

241 1075 294 1128 oto
309 1065 429 1128 Talibus
451 1068 604 1127 intonsum
627 1065 784 1145 compellat
806 1066 960 1129 Sminthea
983 1067 1083 1130 dictis:

309 1150 345 1215 Ὅ
368 1153 441 1219 mihi
464 1154 501 1215 de
523 1154 625 1214 fratris
647 1152 735 1234 longe
758 1157 926 1234 gratissime
949 1159 1044 1237 natis,

307 1241 395 1303 lrrita
418 1242 470 1321 qui
491 1260 609 1304 mecum
627 1244 759 1322 posuisti
781 1246 899 1304 moenia
921 1242 1046 1326 Troiae,

307 1329 445 1411 Ecquid,
468 1328 521 1392 ubi
542 1329 595 1390 bas
618 1332 760 1393 iamiam
782 1349 903 1393 casuras
926 1335 1034 1413 aspicis
1056 1349 1142 1411 arem,

307 1415 467 1498 lngemis?
489 1426 541 1480 aut
564 1420 672 1497 ecquid
695 1426 741 1480 tot
763 1419 952 1481 defendentia
975 1439 1075 1482 muros

242 1516 294 1569 tto
308 1505 388 1568 Milia
410 1524 497 1568 caesa
518 1502 632 1568 doles?
654 1507 784 1588 ecquid,
806 1525 844 1570 ne
867 1527 1033 1589 persequar
1052 1525 1153 1585 omnes,

307 1595 445 1658 Hectoris
468 1594 573 1657 umbra
596 1593 678 1657 subit
700 1597 814 1657 mcum
837 1614 890 1658 sna
912 1596 1056 1676 Pergama
1075 1587 1164 1658 meti?

308 1682 383 1746 Cum
405 1691 506 1747 tamen
527 1683 576 1744 ille
599 1684 685 1744 ferox
706 1682 844 1763 belloque
868 1688 1022 1747 cruentior
1042 1688 1103 1765 ipso

307 1770 386 1834 Vivit
407 1772 526 1854 adhue,
548 1774 648 1852 operis
671 1775 768 1833 nostri
789 1772 970 1856 populator,
992 1773 1124 1835 Achilles.

308 1859 365 1922 Det
387 1861 460 1922 mihi
483 1878 538 1942 se,
561 1861 651 1942 faxo,
673 1860 786 1940 triplici
808 1861 880 1940 quid
902 1861 1027 1942 cuspide
1049 1862 1154 1942 possint,

241 1961 293 2014 eto
309 1948 444 2011 Sentiat.
472 1958 502 2011 at
524 1951 665 2029 quoniam
687 1967 869 2011 concurrere
892 1953 1058 2012 comminus
1077 1947 1142 2009 hosti

308 2038 374 2099 Non
396 2037 506 2120 datur,
529 2036 647 2100 occulta
668 2040 848 2118 necopinum
869 2038 964 2119 perde
986 2031 1113 2119 sagittal'

307 2127 441 2208 Annuit,
464 2134 552 2206 atque
576 2127 674 2187 animo
697 2129 810 2205 pariter
832 2133 999 2207 patruoque
1022 2143 1124 2205 sueque

307 2214 408 2277 Delius
429 2214 588 2294 indulgens
610 2213 719 2276 nebula
742 2214 854 2277 velatus
876 2216 908 2276 in
932 2234 1039 2295 agmen

306 2303 447 2365 Pervenit
467 2303 610 2385 Iliacum,
633 2302 789 2382 mediaque
812 2305 844 2365 in
867 2303 957 2365 caede
979 2306 1106 2365 viromm

242 2406 294 2456 too
308 2392 385 2453 Rara
407 2409 462 2472 per
482 2394 600 2472 ignotos
623 2399 813 2472 spargentem
835 2395 932 2453 cernit
953 2391 1079 2454 Achivos

307 2480 378 2542 Tela
400 2480 512 2558 Parin:
535 2481 693 2559 lassusque
717 2480 806 2542 deum
818 2526 829 2563 ,
852 2475 935 2561 ‘quid
958 2481 1072 2560 spicula
1090 2474 1168 2559 perdis
1210 2524 1211 2597 ,

309 2569 458 2649 Sanguine
480 2568 576 2649 plebis
589 2562 618 2630 P'
641 2570 703 2631 ait.
733 2564 830 2648 ‘siqua
852 2578 899 2632 est
920 2567 975 2630 tibi
999 2576 1190 2640 curatiorem,
1210 2612 1211 2679 ,

307 2657 430 2719 Vertere
452 2659 485 2719 ln
507 2657 677 2739 Aeaciden,
700 2674 863 2736 caesosque
886 2657 1032 2720 ulciscere
1054 2646 1165 2718 babel
1210 2716 1211 2749 ,

226 2789 230 2794 -
308 2745 408 2828 Dixit,
431 2753 463 2807 et
484 2745 645 2807 ostendens
668 2753 853 2808 sternentem
875 2745 982 2807 Troica
1005 2747 1083 2808 terro
1210 2778 1211 2801 t

241 2846 292 2899 tot
307 2833 440 2914 Corpora
460 2833 605 2916 Peliden,
628 2852 716 2896 arcus
738 2833 867 2895 obvertit
889 2836 920 2896 in
942 2834 1044 2916 illum,

307 2922 454 3002 Certaque
476 2921 593 2984 letifera
616 2921 725 2984 direxit
747 2922 861 3002 spicula
884 2922 1006 2985 dextra.

307 3011 393 3082 Quod
415 3010 552 3073 Priamus
575 3011 704 3090 gaudere
727 3028 818 3072 senex
841 3019 910 3091 post
931 3010 1059 3073 Hectora
1079 3014 1169 3090 posset,
1210 3024 1211 3071 t

306 3099 371 3161 Hoc
393 3100 472 3162 luit.
499 3098 549 3160 ille
572 3101 664 3178 igitur
686 3106 838 3161 tantorum
860 3101 955 3161 victor
967 3147 977 3182 ,
1000 3099 1119 3178 Achille,
1210 3104 1211 3177 l

306 3187 442 3249 Vinceris
465 3206 482 3248 a
504 3187 608 3249 timido
632 3186 735 3249 Graiae
758 3195 878 3266 raptore
901 3188 1042 3251 maritae!

241 3289 292 3340 oio
307 3278 345 3338 At
366 3278 393 3338 si
415 3276 543 3340 femineo
567 3278 666 3336 inerat
687 3274 742 3337 tibi
763 3275 858 3336 llarto
881 3274 1064 3360 cadendum,

306 3363 576 3426 Thermodontiaca
597 3363 700 3425 malles
723 3363 866 3425 cecidisse
889 3363 1028 3446 bipenni.
1210 3424 1211 3453 ,

307 3451 369 3513 lam
390 3455 480 3514 timor
502 3451 552 3514 ille
575 3451 748 3536 Phrygum,
772 3452 864 3514 decus
886 3461 918 3515 et
940 3452 1032 3515 tutela
1054 3449 1148 3530 Pelasgi
1210 3460 1211 3463 ’

306 3538 463 3622 Nominis,
486 3540 650 3622 Aeacides,
673 3549 763 3622 caput
784 3540 985 3622 insuperabile
1008 3542 1097 3622 bello,
