2467 4042
403 204 443 258 IV
457 246 465 273 ,
483 209 641 259 aot—428.
739 224 882 259 muremns
986 205 1026 268 Π

114 370 311 450 Obstrepuere
333 373 415 432 sonis
427 417 437 452 ,
460 378 490 432 et
512 370 627 432 adunco
650 371 721 433 tibia
740 391 834 434 corno

113 459 293 539 Tiunulaque
309 478 376 520 aera
390 466 513 520 sonant.
527 459 664 521 redolent
676 479 855 541 murraeque
870 465 1028 543 crocique:

112 547 222 627 llesque
245 547 307 608 tide
329 550 424 609 maior
436 595 446 629 ,
469 565 595 627 coepere
617 549 766 610 virescere
788 550 887 633 telae,

59 635 197 715 tsoluquo
219 636 351 698 hederae
374 637 480 698 taciem
500 635 636 717 pendens
657 637 848 700 frondescere
871 643 979 703 vestis.

111 725 177 785 Pars
200 724 262 787 abit
285 727 318 786 in
340 726 416 786 vites
428 772 438 806 ,
461 733 492 785 et
514 743 589 805 quae
612 725 700 786 modo
722 726 772 788 tila
793 728 933 811 fuerunt,

111 813 227 874 Palmite
249 820 428 875 mutantur.
456 812 493 874 de
516 815 642 875 stamine
663 817 821 895 pampinus
841 819 918 880 exit:

111 900 241 981 Purpura
264 902 414 981 trdgorem
436 903 525 981 pictis
548 903 750 964 accommodat
771 907 859 967 uris.

112 989 223 1068 lamque
247 990 314 1052 dies
338 998 460 1052 exactus
482 998 568 1072 erat,
590 998 769 1072 tempusque
791 992 931 1076 subibat,

59 1078 190 1148 tmduod
212 1088 247 1140 tu
271 1097 329 1141 neo
351 1079 491 1140 tenebras
514 1097 570 1140 nee
592 1082 689 1159 possis
712 1079 811 1144 dicere
833 1082 949 1163 lucem,

112 1166 164 1227 Sed
186 1186 256 1229 eum
279 1167 347 1229 luce
370 1176 469 1229 tamen
492 1167 598 1229 dubiae
622 1170 748 1230 confinia
770 1173 883 1232 noctis.

111 1254 194 1316 Tecta
216 1264 343 1335 repente
368 1259 471 1339 quati,
493 1260 679 1337 pinguesque
702 1257 807 1319 ardere
829 1259 967 1321 sidentur

111 1341 268 1425 lampades
291 1352 323 1407 et
345 1345 442 1407 rutilis
465 1345 614 1406 collucere
636 1345 755 1424 ignibus
778 1346 883 1428 aedes,

111 1431 248 1513 Falsaque
272 1452 428 1495 saevarum
451 1433 606 1496 simulacra
629 1433 745 1496 ululare
767 1436 916 1497 ferarum.

61 1528 101 1579 tot
111 1519 228 1583 Fumida
250 1522 415 1584 iandudum
436 1522 554 1584 latitant
574 1540 630 1603 per
652 1531 731 1584 tecta
754 1541 890 1606 sorores,

112 1606 305 1691 biversaeque
327 1611 401 1672 loeis
423 1613 508 1690 ignes
530 1629 565 1672 ac
585 1612 699 1673 lumina
720 1614 832 1673 vitam.
927 1627 952 1668 r.
966 1626 1028 1668 xlvi.

112 1695 239 1778 Dumque
262 1707 372 1780 petunt
392 1698 543 1781 latebras,
564 1718 671 1780 parvos
694 1700 865 1765 membrana
878 1721 933 1782 per
947 1712 1028 1765 artus

113 1784 297 1874 Porrigitur,
317 1790 461 1869 tenuique
483 1788 609 1849 includit
630 1788 768 1850 bracchia
790 1792 897 1869 pinna.

113 1872 168 1936 Nee
189 1895 247 1956 qua
269 1876 457 1956 perdiderint
479 1885 610 1938 veterem
632 1880 747 1940 ratione
769 1878 912 1961 liguram,

65 1968 105 2021 tto
116 1960 191 2025 Scire
212 1965 318 2026 sinunt
339 1965 501 2026 tenebrae.
528 1983 589 2027 non
611 1964 677 2026 illas
698 1966 798 2046 pluma
820 1966 940 2048 levavit3

116 2048 284 2115 Sustinuere
305 2061 405 2115 tamen
428 2072 460 2114 se
482 2054 708 2133 perlucentibus
731 2054 802 2117 alis.

116 2137 295 2221 donataequo
315 2141 420 2223 loqui,
442 2145 593 2202 minimam
614 2160 671 2223 pro
694 2161 820 2222 corpore
842 2163 943 2205 vocem

115 2224 253 2291 dmittunt
265 2278 275 2312 ‚
297 2238 503 2311 peraguntque
526 2230 605 2292 leves
629 2230 757 2292 stridore
780 2232 943 2310 querellas.

115 2314 278 2400 Tectaque,
301 2337 362 2380 non
384 2318 472 2379 silvas
494 2317 667 2381 celebrant.
694 2319 851 2400 lucemque
874 2339 997 2399 perosae

67 2408 106 2459 tte
116 2401 199 2467 Nocte
220 2407 343 2490 volant,
365 2425 492 2486 seroque
515 2407 640 2468 trahunt
661 2425 679 2469 a
700 2426 823 2487 vespero
846 2427 972 2470 nomen.

153 2493 226 2556 l'um
248 2513 321 2557 vero
344 2497 414 2558 totis
435 2495 545 2557 Bacchi
566 2494 757 2556 memorabile
780 2495 890 2557 Thebis

117 2577 221 2644 llumeu
244 2592 311 2646 erat
322 2631 333 2667 ,
354 2602 533 2664 magnasque
556 2586 627 2645 novi
648 2592 807 2664 matqptera
829 2587 907 2646 vires

116 2667 211 2734 Narrat
233 2672 346 2752 ubique
369 2672 418 2734 dci
429 2720 439 2754 ‚
462 2672 499 2733 de
522 2680 627 2750 totque
648 2671 803 2734 sororibus
826 2690 933 2752 expers

118 2754 172 2820 Una
192 2761 303 2823 doloris
326 2770 411 2843 erat,
432 2762 492 2822 nisi
514 2778 603 2841 quem
627 2761 725 2823 iecere
748 2779 885 2823 sorores.

70 2844 218 2926 ttotsptcit
239 2851 339 2932 hane,
361 2851 438 2910 natis
460 2848 648 2929 thalamoque
661 2850 844 2910 Athamantis
867 2848 1025 2911 habentem

121 2931 255 3000 sulinos
279 2933 392 2999 animos
414 2946 446 2999 et
468 2938 587 2999 alumno
609 2939 753 3021 numine,
776 2938 868 3021 luno,

119 3020 171 3085 Neo
191 3027 280 3107 tulit,
303 3035 335 3088 et
356 3044 458 3106 secum
481 3021 591 3106 ‘potuit
612 3025 650 3086 de
671 3026 783 3107 paelice
806 3034 893 3087 natus

118 3106 228 3177 Vertere
250 3115 400 3176 blaeonios
421 3115 585 3195 pelagoque
607 3116 775 3194 inmergere
798 3123 926 3197 nautas,

120 3194 152 3258 bt
169 3200 320 3265 laceranda
342 3221 413 3264 suae
436 3206 497 3263 uati
521 3202 591 3264 dare
613 3205 727 3264 viscera
750 3206 856 3285 matri,

73 3283 152 3347 ttulit
170 3291 298 3372 triplices
321 3293 439 3371 operire
462 3293 547 3352 novis
569 3290 730 3370 Minyeidas
753 3292 825 3353 alis:

121 3372 161 3435 llil
178 3382 285 3459 poterit
306 3379 380 3441 luno
403 3381 462 3440 nisi
483 3379 594 3441 inultos
617 3379 690 3440 llere
713 3375 858 3440 dolores?

120 3460 198 3542 lthne
218 3468 292 3530 mihi
314 3470 385 3529 satis
408 3463 485 3529 est?
506 3467 580 3529 haec
601 3485 662 3529 una
683 3469 816 3549 potentia
830 3475 932 3528 nostra
955 3461 1028 3527 est?

121 3546 303 3639 ipsaemet,
325 3555 397 3636 quid
419 3574 525 3635 agamr
547 3556 591 3617 las
614 3564 715 3617 estet
737 3554 774 3616 ab
797 3555 882 3616 hoste
906 3554 1028 3617 doceris
