2467 4042
422 219 454 269 V.
473 231 532 271 vm
545 223 638 272 tlt-x
654 224 694 274 ta.

146 381 211 442 Non
234 382 332 461 potuit
354 389 454 442 votum
477 381 595 460 plenius
618 400 684 443 esse
707 401 825 445 mcum.

147 468 225 530 Haec
247 487 333 530 meus
355 471 491 549 argutis,
513 470 539 529 si
563 477 595 530 tu
618 479 777 552 paterere,
800 471 907 533 libellis

146 557 275 618 Poneret
296 558 329 617 in
352 556 443 617 multa
465 557 532 618 luce
555 558 680 619 ridenda
703 558 803 640 labor;

100 656 133 707 25
147 645 233 707 Nunc
247 662 365 724 quoque
384 663 417 705 se
425 690 435 725 ,
449 647 583 724 quamvis
599 653 646 706 est
664 648 745 708 iussa
759 649 930 730 quiescere,
945 652 1016 729 quin
1036 660 1065 712 te

148 733 286 794 Nominet
309 734 456 813 invitum,
478 735 527 794 vix
549 751 614 795 mea
637 733 721 795 Musa
744 743 843 797 tenet.

147 820 244 900 thue
268 838 371 882 eanern
394 822 514 898 pavidae
537 831 658 883 nactum
681 825 802 902 vestigia
825 841 929 886 cervae

148 909 318 971 Latrantem
343 909 453 970 frustra
476 910 581 989 copula
603 910 678 971 dura
703 918 801 992 tenet;

147 996 245 1077 thue
268 997 348 1058 iores
371 996 503 1058 nondum
526 1000 653 1059 reserati
675 1001 804 1060 carceris
826 1017 895 1061 acer

98 1097 132 1146 ee
146 1084 231 1146 Nunc
254 1084 352 1164 pede,
374 1103 455 1146 nunc
477 1087 541 1164 ipsa
563 1087 662 1146 fronte
685 1086 805 1148 lacessit
827 1106 942 1167 equus,

148 1173 197 1235 Sic
219 1191 285 1234 mea
308 1172 371 1252 lege
395 1172 461 1234 data
485 1175 581 1235 vincta
604 1182 693 1253 atque
716 1174 830 1237 inclusa
852 1176 955 1238 Thalia

146 1261 204 1322 Per
227 1260 347 1322 titulum
369 1263 453 1322 vetiti
475 1264 603 1322 nominis
625 1264 670 1322 ire
694 1264 798 1342 cupit.

148 1349 191 1409 Ne
214 1357 312 1409 tamen
335 1349 433 1409 oilicio
456 1353 596 1411 memoris
618 1350 745 1411 laedaris
768 1353 872 1434 amici,

148 1435 261 1498 Parebo
285 1439 374 1498 iussis
393 1455 544 1516 -parce
568 1440 736 1499 timere-
755 1442 833 1501 tuis.

99 1534 134 1586 et
147 1525 185 1586 tt
207 1542 267 1585 non
288 1542 447 1605 parerem,
470 1527 496 1586 si
519 1544 579 1586 non
602 1528 771 1587 meminisse
794 1535 934 1606 putares.

147 1611 210 1675 Hoc
234 1612 313 1691 quod
336 1631 396 1674 non
418 1612 558 1692 prohibet
579 1632 635 1674 vox
658 1611 731 1694 tria,
753 1623 856 1694 gratus
879 1633 950 1676 ero.

147 1700 283 1780 Dumque
299 1701 430 1780 -quod
449 1720 468 1761 o
486 1700 576 1763 breve
594 1700 651 1763 sitl
663 1733 706 1746 -
718 1702 819 1764 lumen
837 1703 924 1766 vitale
944 1703 1049 1766 videbo

149 1789 265 1851 Serviet
288 1789 385 1851 officio
409 1791 533 1869 spiritus
554 1792 612 1852 iste
635 1797 706 1853 tuo.

1058 1754 1067 1787 l

541 1982 583 2057 X.

147 2140 187 2203 Ut
209 2160 312 2205 sumus
334 2144 367 2203 in
389 2141 507 2223 Ponto,
529 2150 577 2204 ter
601 2142 711 2222 frigore
735 2147 868 2207 constitit
890 2143 1008 2226 Hister,

147 2229 236 2291 [lacta
258 2239 304 2291 est
325 2229 433 2292 Euxini
456 2230 600 2292 durator
624 2232 702 2293 unda
726 2236 832 2294 maris.

147 2318 185 2378 tt
207 2318 280 2379 mihi
301 2321 360 2379 iam
382 2319 485 2380 videor
507 2322 602 2397 patria
625 2321 731 2400 procul
753 2339 819 2382 esse
842 2329 888 2382 tot
909 2324 1013 2403 annis,

148 2404 282 2467 Dardana
304 2414 378 2485 quot
400 2406 488 2467 Graio
511 2407 600 2468 Troia
624 2408 679 2469 sub
702 2408 788 2470 hoste
811 2409 885 2470 luit.

118 2493 234 2554 tStare
256 2502 367 2574 putes,
388 2494 462 2556 adeo
485 2496 653 2575 procedunt
674 2504 809 2576 tempora
832 2497 933 2579 tarde,

148 2581 186 2642 Et
207 2584 323 2661 peragit
345 2582 433 2644 lentis
456 2583 592 2663 passibus
614 2603 710 2647 annus
733 2588 809 2647 iter.

148 2669 209 2731 Nec
233 2670 305 2732 mihi
327 2670 486 2733 solstitium
509 2674 669 2752 quiequam
691 2674 728 2735 de
752 2673 890 2736 noctibus
913 2674 1028 2755 aufert,

147 2758 247 2821 Efficit
269 2769 411 2840 angustos
434 2778 490 2822 neo
513 2761 585 2822 mihi
608 2761 714 2823 bruma
737 2763 818 2824 dies.

149 2847 269 2909 Scilicet
291 2851 322 2909 in
345 2848 431 2911 nobis
454 2866 556 2911 rerum
579 2859 685 2912 natura
708 2859 812 2913 novata
834 2858 901 2932 est,

100 2946 133 2996 10
148 2935 281 3015 Cumque
305 2940 378 3000 meis
401 2939 483 2999 curis
506 2939 603 2999 omnia
626 2936 713 3017 longa
736 2939 822 3000 iacit.

147 3022 192 3083 An
214 3032 360 3103 peragunt
382 3024 485 3086 solitos
508 3028 676 3086 communia
701 3033 834 3104 tempora
857 3032 973 3104 motus,

150 3109 284 3191 Suntque
308 3114 400 3190 magis
421 3113 499 3173 vitae
521 3119 656 3191 tempora
679 3112 753 3173 dura
776 3129 877 3192 meae,

148 3197 244 3268 Quem
267 3206 349 3259 tenet
371 3198 480 3261 Euxini
501 3199 627 3260 mendax
651 3203 825 3279 cognomine
848 3198 938 3280 litus,

112 3337 116 3344 .
146 3284 185 3347 Et
208 3285 339 3366 Scythici
362 3305 431 3349 vere
454 3295 534 3349 terra
558 3289 679 3349 sinistra
701 3286 798 3351 freti?

98 3385 132 3436 lt
146 3372 322 3436 innumerae
347 3377 426 3437 circa
449 3384 553 3456 gentes
576 3376 637 3437 iera
660 3376 738 3459 lqella
760 3378 929 3456 minantur,

148 3462 230 3534 Quae
253 3462 310 3526 sibi
333 3482 393 3525 non
416 3473 501 3544 rapto
524 3466 623 3526 vivere
646 3472 735 3544 turpe
758 3472 881 3545 putant.

145 3551 193 3614 Nil
215 3560 299 3614 extra
321 3559 421 3615 tutum
443 3560 512 3615 est:
535 3553 669 3615 tumulus
691 3553 862 3615 defenditur
885 3554 948 3631 ipse
