2467 4042
650 220 849 283 AMORUM

345 376 383 437 lat
399 376 456 437 tria
471 376 597 451 vipereo
615 375 743 435 fecimus
761 390 817 435 ora
828 375 907 438 cani.

303 461 442 523 Fecimus
456 458 645 521 Enceladum
661 459 843 521 iaculantem
856 460 938 521 mille
952 460 1088 536 lacertis,

344 544 516 619 Ambiguae
533 551 641 619 captos
656 543 783 620 virginis
800 559 854 605 ore
869 545 968 605 viros=

303 631 431 691 Aeolios
447 628 559 690 Ithacis
574 628 754 689 inclusimus
769 627 887 689 utribus
906 644 1013 690 europs

260 724 295 778 30
348 713 490 774 Proditor
504 714 534 772 in
550 712 653 774 medio
668 711 813 777 Teutalus
834 727 923 775 arnue
936 713 1009 775 sitit.

301 800 347 859 De
363 796 461 857 Niobe
476 796 607 870 silicem,
630 796 671 856 de
685 796 805 872 virgine
820 796 948 859 fecimus
961 811 1078 858 ursum:

347 881 485 943 Concinit
504 879 670 957 Odrysium
686 880 831 956 Cecropis
847 881 913 942 ales
927 882 1005 958 Ityn.

303 966 438 1042 luppiter
452 972 505 1025 aut
520 966 551 1024 in
566 980 659 1039 aves,
682 974 734 1025 aut
749 981 785 1025 se
801 966 997 1027 transformat
1013 964 1043 1024 in
1059 980 1182 1025 aunum.

344 1051 406 1111 Aut
422 1058 509 1111 secat
525 1048 659 1124 inposita
675 1048 793 1124 virgine
807 1057 914 1110 taunrs
932 1064 1040 1126 aquas.

259 1144 293 1198 35
304 1135 413 1195 Protea
428 1133 502 1208 quid
516 1133 663 1208 referam,
685 1132 892 1208 Thebanaque
906 1133 1024 1195 semina
1041 1132 1167 1206 dentes,

344 1218 400 1292 Qui
415 1224 576 1279 vomerent
590 1215 731 1280 flammas
747 1232 817 1291 ore,
840 1217 937 1279 fuisse
954 1216 1067 1290 boves,

302 1303 390 1363 flere
404 1302 492 1378 genis
508 1304 621 1363 electra
635 1308 719 1375 tuas,
743 1302 864 1376 auriga,
886 1318 1027 1376 sorores,

345 1386 492 1461 Quaeque
505 1393 588 1447 rates
604 1385 731 1457 fuerint,
755 1400 838 1446 nunc
852 1388 945 1447 maris
963 1385 1141 1458 amedeus,

299 1475 516 1547 Aversumque
531 1471 611 1530 diem
629 1468 746 1530 mensis
761 1468 919 1531 furialibus
933 1468 1036 1544 Ausi,

258 1565 294 1619 40
345 1556 490 1630 Duraque
506 1570 686 1630 percussam
704 1569 781 1614 saxu
795 1562 902 1617 secuto
919 1555 1037 1634 lyraml

300 1639 370 1699 Exit
385 1639 416 1699 in
430 1640 603 1700 inmensum
618 1638 752 1700 fecunde
765 1638 887 1701 licentia
901 1646 1020 1713 vatum,

345 1722 465 1798 Obligat
481 1722 629 1784 historica
643 1738 701 1783 nec
716 1738 772 1782 sua
787 1723 882 1784 verba
898 1723 969 1784 lide.

300 1809 337 1868 Et
353 1822 422 1868 mea
435 1808 584 1869 debuerat
598 1806 678 1868 falso
692 1805 816 1867 laudata
831 1807 928 1867 videri

342 1892 476 1952 Femina.
508 1890 672 1952 credulitas
689 1906 770 1950 nunc
788 1890 860 1951 mihi
875 1899 978 1953 vestra
994 1899 1099 1953 nocet!
1197 1892 1201 1897 “

220 2024 271 2117 13
300 2025 382 2118 Cum
397 2058 470 2117 mihi
485 2059 642 2133 pomiferis
659 2060 794 2118 coniunx
810 2059 889 2119 foret
906 2063 972 2120 orta
985 2056 1129 2132 Faliscis,

342 2142 463 2203 Moenia
481 2143 663 2217 contigimus
679 2142 773 2216 victa,
798 2142 936 2217 camille,
957 2141 1020 2202 tibi.

301 2227 392 2286 Casta
405 2226 586 2287 sacerdotes
601 2226 711 2288 Iunoni
726 2227 805 2287 festa
821 2225 971 2302 parabant

341 2310 399 2371 Per
411 2308 550 2371 celebres
564 2309 656 2372 ludos
673 2310 910 2386 indigenamque
924 2311 1044 2372 bovem.

270 2394 421 2456 5Grande
435 2408 540 2454 morae
555 2395 685 2471 pretium
699 2395 774 2456 ritus
791 2409 995 2469 cognoscere,
1021 2393 1166 2471 quamvis

341 2478 481 2540 Difficilis
497 2477 584 2539 clivis
602 2479 663 2542 huc
677 2479 729 2541 via
742 2478 872 2554 praebet
885 2479 950 2540 iter.

299 2561 364 2624 Stat
381 2570 470 2625 vetus
485 2570 515 2623 et
531 2564 630 2625 densa
644 2562 842 2639 praenubilus
856 2562 967 2623 arbore
980 2564 1082 2624 lucus:

338 2648 470 2723 Aspice,
495 2648 650 2708 concedas
666 2662 779 2709 numen
794 2647 899 2708 inesse
914 2649 994 2711 loco.

297 2730 419 2807 Accipit
432 2746 487 2791 ara
502 2747 611 2807 preces
627 2732 797 2806 votivaque
812 2740 879 2793 tura
894 2731 1029 2807 piorum,

256 2823 290 2877 10
342 2816 405 2876 Ara
420 2816 633 2891 perantiquae
649 2816 730 2876 facta
745 2816 814 2877 siue
829 2823 1025 2876 arcemanus.

296 2899 374 2959 Hinc
389 2898 441 2958 ubi
455 2900 634 2974 praesonuit
651 2901 791 2962 sollemni
806 2899 881 2961 tibia
893 2908 1001 2973 cautu,

339 2983 364 3043 lt
378 2998 435 3058 per
450 2984 567 3044 velatas
581 3000 685 3049 annua
699 3001 813 3061 pompa
826 2984 907 3046 vias.

297 3068 454 3128 Ducuntur
468 3067 580 3128 niveae
595 3070 711 3144 populo
729 3070 894 3145 plaudente
910 3069 1075 3144 iuvencae,

341 3151 423 3225 Quas
439 3151 513 3212 aluit
527 3154 645 3227 campis
659 3152 755 3215 herba
768 3152 890 3215 Falisca
904 3153 985 3229 suis,

257 3245 289 3298 lo
299 3235 337 3296 Et
349 3235 434 3295 vituli
451 3234 586 3296 nondum
604 3238 768 3298 metuenda
780 3238 881 3301 fronte
897 3238 1048 3314 minaces,

337 3318 375 3379 m
390 3318 489 3380 minor
502 3335 542 3380 ex
557 3320 664 3382 humili
679 3321 802 3385 viclime
816 3338 933 3399 porcus
949 3322 1041 3397 hara,

294 3404 426 3478 Duxque
441 3403 544 3479 gregis
559 3420 656 3468 cornu
669 3421 728 3482 per
741 3412 880 3483 tempore
894 3408 972 3468 dure
987 3423 1129 3473 recurvo.

336 3485 441 3547 Invisa
458 3493 505 3547 est
518 3488 661 3550 dominae
676 3491 744 3551 sole
760 3492 879 3567 capella
896 3492 983 3553 deae.
