2467 4042
436 222 482 274 VI.
502 223 652 275 cll-ost.

129 384 178 445 Sic
201 385 298 463 agitur
321 400 447 444 censura
469 389 499 443 66
522 384 566 443 sic
589 381 723 461 exempla
744 388 904 463 parantur,

172 470 246 533 Cum
271 470 399 550 vindex,
422 470 494 531 alios
518 469 597 548 quod
619 480 743 550 monet,
766 473 830 549 ipse
853 471 941 533 iacit.

320 606 370 670 12.
393 602 456 670 ΟΝ
503 605 551 670 13.
575 603 766 672 biennii

128 733 214 795 Nulla
236 741 306 794 nota
328 738 376 794 est
397 732 533 792 veniente
556 731 627 812 die,
656 750 744 810 quam
768 732 866 793 dicere
889 734 1003 811 possis.

63 834 115 885 666
172 820 275 882 idibus
297 817 408 880 Invicto
430 828 502 881 sunt
524 819 589 880 data
613 821 721 899 templa
744 817 822 882 lovi.

129 908 168 970 Et
189 910 248 969 iam
272 907 475 986 Quinquatrus
497 907 603 969 iubeor
626 924 748 969 narrare
771 909 918 969 minores.

173 996 259 1058 Nunc
278 994 348 1056 ades
370 992 410 1055 oi
443 997 556 1075 coeptis
568 1040 578 1074 ,
600 994 674 1056 flava
696 994 849 1076 Minerva,
871 997 963 1057 meis.

130 1080 207 1146 ‘Cur
229 1101 320 1162 vagus
342 1081 454 1143 incedit
476 1090 538 1144 tota
561 1082 672 1144 tibicen
694 1085 727 1145 in
749 1081 859 1145 Urbe?

174 1171 251 1243 Quid
273 1169 332 1234 sibi
353 1188 519 1249 personae,
543 1170 614 1249 quid
638 1170 714 1232 stola
735 1170 822 1250 longa
843 1167 990 1233 volunti'

63 1271 115 1323 666
130 1258 179 1320 Sic
203 1277 280 1337 ego.
321 1259 364 1319 sie
386 1259 483 1337 posita
506 1257 640 1321 Tritonia
663 1259 784 1337 cuspide
808 1259 898 1321 dixit:

174 1345 290 1406 Possim
312 1346 425 1406 utinam
448 1344 553 1405 doctae
575 1344 666 1406 verba
688 1347 801 1407 referre
825 1346 915 1408 deae!

130 1429 343 1512 ‘Temporibus
367 1439 501 1492 veterum
522 1430 656 1494 tibicinis
678 1450 751 1494 usus
774 1451 896 1495 avorum

173 1520 297 1598 Magnus
320 1521 404 1580 etin
426 1536 533 1598 magno
556 1537 674 1599 semper
697 1520 810 1580 bonore
832 1522 907 1583 init.

131 1607 273 1671 Cantaber
295 1607 371 1667 sanis
383 1652 394 1687 ‚
416 1606 553 1669 canubat
574 1607 646 1669 tibia
668 1607 764 1688 lodis,

64 1710 117 1762 666
176 1694 318 1757 Cantabat
340 1696 461 1755 maestis
485 1693 556 1755 tibia
572 1695 752 1757 iuneribus:

131 1784 231 1846 Dulcis
255 1789 320 1844 erat
341 1781 479 1843 mercede
501 1782 605 1843 labor.
649 1790 827 1862 tempusque
850 1792 1005 1867 secutum,

176 1871 262 1943 Quod
284 1870 383 1933 subito
406 1870 511 1931 Graiae
534 1871 685 1949 frangeret
707 1873 780 1932 artis
803 1890 895 1954 opus3

130 1960 213 2022 adde
237 1958 316 2038 quod
339 1958 464 2038 aedilis,
487 1975 624 2038 pompam
647 1961 698 2038 qui
721 1959 835 2020 funeris
857 1962 953 2042 irent,

175 2048 312 2110 Artifices
335 2046 414 2107 solos
437 2047 565 2110 iusserat
588 2063 655 2108 esse
678 2045 797 2108 decem.

65 2148 118 2201 666
131 2134 226 2197 Exitio
249 2141 365 2196 mutant
387 2132 519 2214 Urbem,
541 2134 695 2213 Tiburque
717 2134 879 2196 recedunt.

175 2222 304 2284 Exilium
326 2221 454 2302 quodam
476 2229 610 2303 tempore
634 2221 728 2285 Tibur
750 2233 830 2284 erat.

133 2311 292 2383 Quaeritur
314 2312 346 2370 in
368 2327 475 2371 scaena
497 2328 567 2372 cava
589 2310 684 2391 tibia,
707 2312 861 2389 quaeritur
883 2312 960 2391 aris5

176 2399 264 2460 Ducit
286 2414 441 2476 supremos
464 2399 569 2459 naenia
590 2397 672 2459 nulla
693 2405 793 2459 toroe.

133 2487 282 2548 Servierat
304 2484 445 2566 quidam,
468 2485 653 2564 quantolibet
675 2486 778 2547 ordine
802 2485 925 2566 dignus,

65 2588 119 2639 666
176 2574 309 2653 Tibure,
332 2572 385 2634 sed
407 2572 495 2651 longo
518 2581 651 2651 tempore
673 2573 749 2635 liber
773 2582 855 2637 erat.

133 2662 214 2725 Rure
238 2662 327 2740 dapes
349 2668 435 2739 parat
455 2659 505 2721 iile
528 2679 583 2722 suo
595 2708 605 2742 ,
629 2660 805 2741 turbamme
828 2679 965 2723 canoram

176 2750 347 2812 Convocat:
378 2748 415 2809 ad
438 2749 529 2811 festas
552 2751 691 2811 convenit
712 2750 761 2811 illa
784 2750 891 2830 dapes.

132 2837 197 2900 Nox
219 2845 306 2918 erat,
328 2844 360 2898 et
382 2837 457 2897 vinis
480 2838 617 2916 oculique
641 2839 789 2917 animique
812 2837 968 2917 natabant,

176 2926 250 2989 Cum
273 2926 510 3005 praecomposito
532 2928 656 2987 nuntius
679 2944 731 2987 ore
754 2929 852 3005 venit,

65 3026 119 3076 666
132 3014 229 3162 Atqu}
250 3016 314 3095 ita,
336 3008 437 3164 “qqid
460 3031 558 3075 cessas
581 3016 714 3076 convivia
737 3014 851 3074 solvere
865 3007 909 3124 ζ’
932 3012 1006 3076 dixit

226 3109 312 3163 uctor
334 3103 382 3164 vin
404 3103 479 3163 ictae
502 3103 560 3163 iam
584 3103 665 3163 venit
687 3116 758 3162 ecce
781 3108 866 3162 tuae.

132 3188 194 3251 Nec
218 3206 323 3269 mora,
346 3191 484 3251 convivae
507 3188 603 3252 valido
626 3187 783 3250 titubantia
805 3189 873 3250 vino

176 3275 308 3339 Membra
330 3285 469 3340 movent:
495 3275 580 3340 dubii
601 3284 740 3356 stantque
761 3275 920 3356 labantque
942 3275 1050 3355 pedes.

132 3364 171 3428 At
192 3365 330 3427 dominus
353 3360 523 3429 “discedite
538 3360 574 3426 !’'
598 3367 656 3446 ait,
683 3364 875 3444 plaustroque
899 3370 1049 3425 morantes

66 3465 119 3517 666
179 3453 329 3516 Sustulit:
359 3455 390 3514 in
412 3453 545 3534 phustro
568 3455 684 3533 scirpea
707 3452 764 3514 iata
787 3453 860 3515 suit.

132 3542 272 3605 illiciunt
293 3559 413 3604 somnos
436 3550 554 3621 tempus
576 3549 735 3621 motusque
759 3558 950 3621 merumque,
