2467 4042
180 210 244 277 268
351 229 486 267 roxum
591 209 770 266 tendam.

268 376 350 449 Quae
372 393 486 438 memor
507 376 572 456 ipsa
594 377 665 459 sul,
686 384 845 456 postquam
867 378 1038 440 crudelibus
1063 381 1127 441 aris

267 464 391 526 Admota
413 472 460 525 est
470 510 481 545 ,
503 465 655 544 sensitque
678 464 735 525 sibi
757 465 821 526 lera
842 483 926 526 sacra
946 470 1065 549 parari,

201 563 253 613 444
267 551 365 631 thue
387 551 613 631 Neoptolemum
636 559 764 613 4444444444
786 554 958 632 ferrumque
980 563 1140 617 tenentem

266 639 360 720 Inque
383 658 448 701 suo·
460 639 533 700 vidit
554 641 695 718 figentem
716 639 828 701 lumina
850 641 952 723 vultu,

268 723 369 790 ‘Utere
387 727 553 789 iandudum
575 745 720 807 generoso
743 725 920 807 sanguinel’
943 729 1020 791 dixit

268 811 366 877 ‘Nulo
386 832 470 878 mora
492 822 560 876 est.
587 818 661 894 quin
683 822 717 877 tu
738 816 840 895 iugulo
862 816 909 878 vel
929 816 1053 897 pectore
1079 819 1178 882 telum

268 903 368 967 Cende
390 897 491 965 meol’
513 902 708 982 iugulumque
730 903 819 965 simul
841 913 1007 985 pectusque
1031 909 1162 969 retexit.

202 1004 255 1055 440
268 989 402 1054 ‘Scilicet
423 990 549 1053 autulii
571 994 682 1053 4444144
705 990 853 1072 Polyxena
874 990 1012 1056 vellem?

267 1080 327 1142 Ant
347 1099 402 1160 per
424 1078 482 1141 tale
504 1096 624 1142 sacrum
645 1097 757 1141 numen
778 1079 931 1160 placabitis
955 1079 1079 1143 ullum?

149 1190 158 1205 .
267 1168 347 1231 llors
369 1175 484 1230 4444444444
506 1168 611 1229 vellem
633 1174 759 1229 matrem
780 1186 847 1230 mea
868 1168 970 1231 fallere
992 1179 1117 1249 posset.

267 1256 361 1319 llater
383 1255 490 1337 obest,
511 1257 677 1336 minuitque
700 1258 783 1317 neeis
804 1255 877 1318 mihi
904 1257 1034 1336 gaudia:
1056 1261 1193 1338 quamvis

267 1344 333 1406 Non
357 1362 423 1406 mea
445 1361 526 1406 mors
548 1343 612 1425 illi,
635 1361 739 1405 rerum
761 1346 895 1406 suavita
922 1345 1078 1407 tremenda
1102 1356 1168 1409 est.

202 1443 254 1495 444
268 1430 326 1494 llos
349 1432 437 1494 modo
449 1479 459 1513 ‚
481 1450 519 1494 ue
544 1431 661 1511 Stygios
683 1431 786 1494 adeam
808 1450 870 1493 non
892 1432 988 1493 libera
1009 1451 1133 1517 manes,

267 1520 338 1582 Este
360 1519 487 1600 procul,
510 1521 536 1581 41
557 1521 636 1581 iusta
657 1527 749 1601 peto,
772 1527 912 1600 tactuque
935 1520 1038 1582 viriles

267 1606 406 1689 virgineo
428 1616 579 1671 removete
602 1625 728 1669 manus.
756 1609 905 1689 acceptior
927 1608 989 1690 iili,

268 1697 409 1776 Quisquis
431 1699 458 1758 ie
480 1704 548 1777 est,
570 1713 659 1775 quem
681 1695 771 1758 caede
794 1713 859 1757 mea
880 1696 998 1776 placare
1021 1699 1151 1782 puetis,

267 1783 357 1846 Liber
379 1785 438 1846 erit
460 1786 601 1863 sanguis.
630 1785 732 1862 siquos
755 1792 854 1845 tamen
875 1784 980 1846 ultima
1003 1789 1101 1847 nostri

201 1885 254 1935 444
267 1872 364 1934 Verba
385 1880 505 1934 moreat
526 1874 609 1952 oris,
632 1871 742 1934 Priami
763 1889 815 1934 ros
837 1871 896 1933 lilia
918 1874 1018 1953 regie,

267 1960 333 2023 Non
355 1961 469 2041 captiva
491 1968 576 2039 rogat
587 2006 597 2040 ,
620 1961 765 2039 genetrici
787 1978 896 2040 corpus
918 1962 1086 2040 inemptum

267 2047 414 2129 lleddite3
436 2065 511 2109 nere
533 2065 607 2109 auro
629 2047 756 2109 redimat
775 2049 824 2109 1444
845 2049 933 2108 triste
955 2048 1125 2132 sepulchri,

268 2136 327 2198 Sed
340 2136 490 2198 lacrimis.
509 2144 604 2217 tune,
622 2153 691 2198 cum
707 2142 845 2217 poterat,
862 2134 1028 2197 redimebat
1041 2143 1073 2197 et
1084 2132 1185 2199 auro?

267 2225 412 2287 Dixerat.
439 2231 469 2285 at
490 2223 618 2304 populus
640 2223 797 2304 lacrimas,
820 2240 893 2303 quas
915 2223 965 2284 illa
986 2223 1126 2308 tenebat,

201 2312 333 2375 troilon
355 2320 458 2375 tenet.
485 2314 550 2393 ipse
572 2314 662 2379 etiam
682 2311 758 2373 ilens
779 2312 948 2391 inritusque
971 2312 1112 2374 sacerdos

265 2400 403 2463 Praebita
424 2402 559 2464 coniecto
581 2402 664 2480 rupit
684 2400 858 2479 praecordia
878 2399 976 2461 ferro.

268 2489 318 2551 llla
330 2536 340 2571 ,
363 2496 587 2569 superterram
610 2488 726 2551 deiecto
748 2487 859 2567 poplite
882 2486 1004 2570 labens,

266 2577 394 2639 Pertulit
415 2576 580 2656 intrepidos
603 2576 640 2637 ad
663 2576 721 2638 iata
742 2578 901 2637 norissima
922 2577 1039 2637 44414444.

267 2665 351 2727 Tunc
374 2682 492 2745 quoque
516 2683 588 2727 cura
609 2664 667 2726 luit
687 2671 788 2743 partes
810 2664 906 2726 441444
929 2664 1090 2746 tegendas,

200 2765 253 2816 444
268 2753 342 2815 Cum
364 2753 505 2834 caderet,
527 2754 660 2832 castique
683 2751 775 2813 decus
797 2769 915 2813 4444444
937 2752 1079 2832 pudoris.

266 2842 398 2903 Troades
420 2842 593 2922 excipiunt,
615 2839 843 2920 deploratosque
865 2847 1024 2902 recensent

267 2929 450 3010 Priamidas,
473 2936 505 2990 et
526 2928 606 3008 quod
629 2926 745 2990 dederit
766 2928 872 2989 domus
893 2946 954 2989 una
975 2930 1111 3009 cruoris3

266 3017 368 3096 Teque
387 3025 531 3098 gemunt,
548 3019 654 3099 virgo,
672 3024 783 3096 teque,
801 3033 819 3075 o
837 3015 925 3077 modo
943 3017 1026 3095 regia
1039 3019 1179 3099 coniunx,

267 3105 359 3183 Regia
381 3105 459 3166 dicta
481 3122 589 3184 parens
601 3151 611 3186 ,
634 3104 720 3164 Asiae
742 3103 877 3164 florentis
899 3105 1013 3185 imago,

200 3192 353 3254 dealdune
375 3195 464 3254 etiam
486 3192 613 3272 praedae
640 3191 716 3253 mala
742 3209 830 3273 sors,
852 3209 942 3270 quam
968 3193 1063 3253 victor
1086 3192 1178 3255 Ulixes

266 3279 340 3341 Esse
364 3299 447 3342 4444444
470 3280 584 3362 nollet,
606 3281 665 3341 nisi
687 3279 767 3359 quod
789 3287 888 3341 tamen
910 3277 1040 3341 Hectora
1061 3289 1147 3360 partu

266 3366 430 3429 Edideras.
458 3368 611 3429 dominum
633 3370 722 3428 matri
744 3369 791 3428 rix
813 3369 947 3447 repperit
967 3366 1097 3430 Hector.

267 3452 348 3525 Quae
371 3472 481 3534 corpus
504 3454 656 3534 complexa
678 3457 792 3516 animae
815 3461 875 3516 tam
898 3456 984 3516 lortls
1005 3457 1112 3537 1444444,

266 3539 345 3610 Quae
368 3543 477 3603 totiens
498 3544 612 3621 patriae
635 3541 779 3624 dederat,
801 3544 960 3624 natisque,
981 3544 1124 3626 viroque,
