2467 4042
464 222 686 290 ibono-813.
811 241 913 277 nonore
1039 223 1081 286 45

152 386 242 450 ‘Fide
260 384 410 450 minister'
433 391 474 450 ait
496 383 681 469 bassorum,
703 394 772 449 nate
786 389 797 469 ‚'
817 405 971 469 meorum,

153 477 238 538 Pelle
262 494 394 556 moram,
416 476 562 556 solitoque
585 476 666 538 celer
689 475 826 537 delabere
849 494 958 557 cursu,

154 566 302 644 Quaeque
325 573 407 626 tuam
429 574 554 626 matrem
576 564 665 626 tellus
688 582 705 624 a
726 572 810 643 parte
834 565 954 625 sinistra

76 666 139 716 840
156 654 315 734 Suspicit,
337 653 492 732 indigenae
516 651 658 714 Sidonida
680 654 799 713 nomine
822 652 942 733 dicunt,

153 742 242 802 llanc
263 749 356 822 pete3
379 740 517 820 quodque
539 740 647 820 procul
673 748 813 802 montano
841 743 973 820 gramine
1000 743 1082 821 pasci

153 831 334 891 Armenium
355 828 453 908 regale
476 829 581 911 rides,
603 828 640 890 ad
662 829 750 890 litora
771 824 883 890 verte?

155 918 261 979 Dixit:
289 926 320 977 et
341 916 456 996 expulsi
477 917 640 978 iandudum
663 925 764 978 monte
787 919 904 978 iuvenci

156 1005 260 1067 Litma
281 1008 363 1066 iussa
384 1013 513 1086 petunt,
535 1004 589 1067 ubi
610 1007 710 1084 magni
731 1004 791 1066 iilia
812 1007 892 1084 regis

80 1105 141 1155 845
156 1093 276 1155 Ludere
299 1092 463 1173 virginibus
485 1093 584 1173 Tyriis
606 1095 746 1155 comitata
768 1092 895 1155 solebat.
994 1108 997 1114 ·

155 1181 225 1242 Non
247 1180 324 1243 bene
347 1185 528 1244 conveniunt
549 1200 606 1243 nec
628 1184 660 1242 in
682 1199 742 1242 una
764 1180 834 1243 sede
857 1190 1011 1243 morantur

157 1269 298 1331 Maiestas
321 1278 351 1332 et
374 1288 478 1331 amor.
506 1272 619 1350 sceptri
641 1271 783 1348 gravitate
806 1269 909 1331 relicta

156 1358 211 1419 Ille
233 1367 320 1438 pater
341 1366 500 1438 rectorque
524 1358 636 1440 deum,
659 1359 708 1419 cui
730 1357 834 1419 dextra
856 1357 987 1420 trisulcis

155 1445 280 1525 Ignibus
304 1454 415 1508 armata
437 1455 484 1508 est
496 1493 505 1527 ,
529 1448 581 1526 qui
603 1455 679 1508 nutu
703 1448 837 1508 concutit
859 1445 979 1528 orbem,

82 1548 142 1597 ooo
156 1534 297 1596 luduitur
318 1536 424 1597 faciem
446 1537 526 1596 tauri
546 1537 716 1614 mixtusque
738 1536 871 1596 iuvencis
975 1547 999 1587 t·
1012 1547 1078 1589 uu.
1182 1545 1185 1549 ·

155 1622 253 1702 lingit
273 1631 306 1684 et
326 1625 357 1683 in
380 1625 492 1684 teneris
515 1623 664 1684 iormosus
687 1622 857 1684 obambulat
878 1622 997 1684 herbis.

157 1710 277 1790 Quippe
301 1709 383 1772 color
406 1712 483 1798 uiris
505 1721 552 1772 est
564 1759 574 1791 ,
597 1729 686 1791 mam
709 1729 765 1772 nec
787 1712 912 1790 vestigia
934 1711 1002 1772 duri

157 1798 314 1860 Calcavere
337 1800 421 1878 pedis
443 1817 501 1860 noc
523 1799 611 1861 solvit
632 1802 787 1879 aquaticus
810 1807 928 1860 auster.

156 1886 239 1949 Colla
261 1890 336 1948 toris
360 1896 482 1968 extant3
506 1890 595 1949 armis
617 1887 746 1968 palearia
767 1888 916 1968 pendent:

85 1987 140 2037 855
156 1974 276 2037 Cornua
298 1993 388 2055 parva
410 1976 547 2058 quidem,
570 1976 624 2037 sed
647 1994 722 2056 quae
745 1976 926 2037 contendere
949 1977 1045 2056 possis

155 2063 247 2125 Facta
268 2082 381 2143 manu,
403 2082 538 2143 puraque
560 2067 654 2143 magis
676 2063 829 2144 perlucida
852 2081 983 2143 gemma.

155 2151 262 2212 Nullae
284 2154 316 2213 in
339 2153 437 2213 l'ronte
460 2155 557 2213 minae
569 2200 579 2234 ,
602 2170 658 2213 neo
680 2151 866 2214 formidabile
887 2151 1005 2215 lumen:

155 2239 265 2301 Pacem
288 2239 388 2302 vultus
405 2239 515 2301 babet.
543 2242 669 2303 misatur
691 2241 826 2320 Agenore
849 2248 934 2323 nata,

93 2359 98 2368 ·
158 2327 245 2399 Quod
268 2336 329 2389 tam
352 2329 522 2410 formosus,
545 2328 625 2407 quod
642 2328 755 2408 proelia
772 2328 853 2390 nulla
875 2331 1023 2409 minetur,

88 2421 143 2478 aad
159 2415 219 2477 Sed
242 2419 376 2494 quamvis
397 2419 518 2498 nutem,
540 2419 648 2479 metuit
669 2420 843 2496 contingere
865 2419 980 2497 primo:

157 2504 227 2566 llox
245 2505 328 2586 adit,
350 2513 382 2566 ct
402 2504 492 2566 flores
516 2505 551 2566 ad
575 2505 700 2567 candida
720 2508 848 2585 porrigit
869 2524 940 2567 ora.

158 2592 275 2654 Gaudet
297 2610 397 2654 amans
419 2603 451 2654 et
463 2640 472 2674 ‚
495 2592 566 2654 dum
588 2597 687 2656 veniat
708 2601 826 2674 sperata
848 2593 1001 2675 voluptas,

159 2680 267 2742 Oscula
291 2681 342 2742 dat
363 2681 521 2762 manibus.
547 2684 699 2763 viriam,
721 2684 770 2743 vir
792 2690 892 2743 cetera
915 2682 1030 2744 diflert.

158 2768 198 2831 ut
219 2787 300 2830 nunc
323 2768 447 2852 alludit,
470 2770 616 2850 viridique
640 2770 804 2831 exultatio
826 2769 936 2851 herba,

89 2870 143 2920 aaa
158 2857 246 2919 Nunc
268 2856 345 2919 latus
366 2860 398 2919 iu
421 2858 509 2919 fulvis
531 2861 651 2920 niveum
675 2859 797 2938 deponit
818 2856 955 2939 harenis3

158 2945 362 3026 Paulatimque
385 2954 468 3008 motu
490 2946 609 3027 dempto
628 2946 716 3008 modo
739 2956 860 3028 pectora
882 2948 1005 3027 praebet

157 3033 297 3114 Virginea
318 3035 462 3115 palpanda
484 3051 595 3117 manu,
612 3035 701 3097 modo
724 3053 834 3098 cornua
854 3039 943 3097 sertis

157 3123 339 3203 Inpedienda
361 3121 467 3185 nori's.
495 3141 566 3185 ausa
588 3132 636 3185 est
658 3142 776 3204 quoque
799 3127 880 3204 regia
902 3127 1003 3205 virgo,
1026 3120 1033 3134 ⁶

133 3210 265 3273 ‘Nescia
287 3229 377 3290 quom
398 3220 571 3295 premeret,
593 3220 678 3292 tergo
691 3213 856 3274 considere
875 3216 971 3275 tauri:

88 3311 144 3363 sto
157 3298 234 3361 Cum
257 3300 331 3361 deus
354 3318 371 3360 a
393 3308 474 3361 terra
496 3302 636 3380 siccoque
660 3318 676 3361 a
698 3300 786 3363 litore
809 3304 920 3363 sensim

156 3388 241 3449 l'issa
263 3388 374 3467 pedum
395 3390 500 3467 primis
522 3391 645 3469 vestigia
666 3392 752 3469 ponit
773 3391 805 3452 in
827 3389 933 3471 undis,

156 3476 229 3539 lude
254 3475 315 3538 abit
335 3476 485 3559 ulterius,
506 3477 656 3557 mediique
678 3496 734 3557 per
756 3496 885 3558 aequora
907 3480 992 3558 ponti

154 3564 229 3627 Fert
250 3564 390 3644 praedam
409 3611 417 3627 .
433 3574 531 3647 paret
552 3566 625 3628 haec
648 3566 778 3646 litusque
801 3566 897 3629 ablata
918 3565 1056 3628 relictum
