2467 4042
125 252 186 315 236
503 256 671 316 REMED.
696 254 772 315 AM.

209 408 272 466 Nec
288 414 363 482 quot
376 407 550 482 transieris,
570 409 629 470 sed
643 415 718 483 quot
733 407 799 479 dui,
823 423 952 484 quaere,
975 410 1155 485 superstas

251 490 439 566 Miliauec,
460 508 586 553 maneas
601 499 635 553 ut
647 509 762 567 prope,
783 492 865 566 finge
879 508 998 552 morast

208 575 359 650 Tempora
373 591 431 635 nec
445 591 585 648 numera,
606 592 665 636 nec
679 576 787 636 crebro
803 576 925 651 respice
939 578 1084 652 Romam,

253 659 316 719 Sed
331 659 413 734 suge.
437 667 518 720 tutus
536 659 638 720 adbuc
651 660 781 721 Parthus
797 659 835 719 ab
850 659 940 721 hoste
954 662 1026 736 iuga
1041 669 1107 721 est.

87 754 88 757 ’
145 751 196 803 aad
207 741 291 803 Dura
307 743 418 818 aliquis
433 751 598 819 praecepta
612 750 705 804 vocet
718 761 795 805 mea.
819 744 896 804 dura
911 745 1041 805 fatemur

251 826 339 886 Esse.
363 827 421 887 sed
436 834 468 887 ut
482 828 603 902 valeas,
624 830 717 888 multa
730 828 865 889 dolenda
878 827 969 889 ieras.

211 910 312 985 Saepe
328 910 391 971 bibi
407 927 517 985 sucos,
540 912 681 987 quamvis
696 913 824 983 invitus,
846 928 967 972 amaros

252 996 369 1068 Aeger,
391 1003 422 1055 et
435 995 533 1055 oranti
546 1011 654 1055 mensa
668 1004 779 1070 negata
793 996 876 1055 mihi.

209 1078 249 1138 Ut
265 1093 378 1154 corpus
392 1080 540 1152 redimas,
564 1080 676 1140 ferrum
691 1079 815 1155 patieris
830 1087 860 1139 et
873 1079 970 1154 ignes,

146 1170 199 1224 230
250 1162 347 1222 Arida
361 1179 419 1223 nec
434 1163 541 1223 sitiens
557 1179 613 1223 ora
626 1163 743 1223 levabis
759 1179 850 1238 aqua.

210 1246 250 1305 Ut
264 1247 370 1305 valeas
387 1248 505 1320 animo,
528 1248 693 1322 quicquam
706 1249 837 1308 tolerare
851 1246 1001 1322 negabist

252 1332 293 1388 At
306 1331 436 1405 pretium
452 1347 523 1406 pars
537 1332 615 1391 haec
629 1347 760 1406 corpore
774 1331 872 1390 maius
887 1330 987 1390 habet.

211 1412 274 1472 Sed
287 1420 389 1474 tamen
404 1423 451 1475 est
465 1416 538 1475 artis
553 1415 727 1476 tristissima
741 1415 833 1474 ianua
847 1424 980 1489 nostrae,

252 1498 290 1559 Et
306 1498 394 1558 labor
408 1506 456 1559 est
468 1516 549 1559 unus
562 1506 703 1574 tempora
718 1498 817 1574 prima
830 1499 903 1573 pati.

147 1589 198 1643 235
210 1581 348 1657 Aspicis,
371 1589 405 1644 ut
418 1599 551 1657 prensos
566 1591 656 1643 urant
670 1585 742 1658 iuga
755 1582 853 1657 prima
867 1582 1024 1655 iuvencos,

252 1665 290 1725 Et
305 1681 387 1725 nova
405 1668 542 1726 velocem
556 1668 678 1741 cingula
689 1668 793 1726 laedat
805 1673 938 1740 equumt

211 1747 350 1826 Forsitan
365 1766 385 1810 a
398 1750 513 1810 laribus
530 1750 636 1825 patriis
651 1750 736 1810 exire
751 1749 880 1824 pigebit:

255 1832 318 1893 Sed
332 1841 432 1893 tamen
448 1834 557 1894 exibis.
579 1834 692 1894 deinde
705 1834 806 1893 redire
821 1835 925 1893 voles=

211 1917 317 1977 Necte
331 1918 391 1977 Lar
406 1918 538 1994 patrius,
560 1918 618 1978 sed
633 1934 720 1979 amor
735 1916 892 1977 revocabit
907 1918 1032 1990 amicae,

148 2009 200 2062 240
252 2000 458 2062 Praetendens
475 2003 583 2078 culpae
601 2002 764 2078 splendida
778 2000 877 2061 verba
888 2008 968 2061 tuae.

213 2084 286 2144 Cum
301 2088 397 2145 semel
412 2086 539 2157 exieris,
563 2093 684 2147 centum
699 2086 809 2146 solatia
824 2101 916 2144 curae

253 2168 291 2228 Et
305 2186 357 2230 rus
375 2176 406 2228 et
420 2171 545 2230 comites
563 2177 593 2229 et
606 2171 658 2230 via
671 2171 764 2245 longa
778 2168 872 2228 dabit.

211 2253 274 2313 Nec
289 2253 364 2313 satis
379 2268 451 2313 esse
465 2260 554 2329 putes
571 2253 742 2314 discedere.
764 2254 863 2313 lentus
879 2252 997 2322 abesto,

253 2337 331 2396 Dum
347 2337 454 2412 perdat
471 2338 551 2398 vires
566 2338 668 2412 sitque
684 2338 751 2397 siue
764 2337 835 2411 igne
850 2337 937 2397 ciuis.

147 2429 199 2481 245
211 2419 299 2494 Quod
313 2421 373 2482 uisi
387 2421 505 2481 firmata
520 2422 696 2497 properaris
713 2427 813 2480 mente
829 2420 949 2493 reverti,

254 2504 366 2566 Inferet
379 2521 464 2565 arma
475 2505 528 2564 tibi
542 2522 638 2565 saeva
651 2506 773 2565 rebeliis
788 2506 892 2566 Amor.

214 2587 367 2664 Quidquid
382 2598 413 2650 et
427 2590 555 2662 afueris,
578 2589 689 2649 avidus
705 2589 873 2664 sitiensque
886 2587 1011 2661 redibis,

254 2672 292 2734 Et
306 2675 438 2748 spatium
453 2674 566 2733 damno
582 2673 712 2734 cesserit
727 2689 816 2733 omne
830 2680 894 2734 tuo.
978 2701 980 2705 v

215 2756 343 2831 Viderit,
366 2757 553 2818 Haemoniae
568 2757 667 2831 siquis
682 2758 762 2817 mala
777 2756 889 2832 pabula
903 2763 1000 2816 terrae

149 2848 202 2901 ‘150
255 2840 292 2900 Et
306 2841 441 2915 magicas
457 2848 538 2901 artes
554 2857 649 2916 posse
664 2841 772 2902 iuvare
788 2847 881 2916 putat.

213 2925 276 2985 Ista
290 2925 430 2985 veneficii
446 2932 533 2985 vetus
549 2932 596 2985 est
610 2925 670 2985 via.
693 2931 799 2985 noster
812 2924 925 3000 Apotto

255 3009 420 3068 Innocuam
435 3025 524 3070 sacro
539 3008 672 3070 carmine
685 3015 835 3069 monstrat
848 3022 948 3083 opem.

212 3091 262 3150 Me
278 3092 356 3153 duce
371 3109 431 3154 non
446 3095 562 3154 tumulo
578 3093 702 3168 prodire
718 3092 869 3153 iubebitur
885 3090 999 3162 umbra,

254 3176 321 3235 Non
336 3193 413 3238 anus
428 3177 532 3237 infami
546 3175 680 3238 carmine
693 3183 813 3251 rumpet
826 3176 961 3248 humum,

149 3267 201 3320 aba
211 3259 278 3319 Non
295 3276 387 3335 seges
401 3276 441 3320 ex
456 3260 523 3321 aliis
538 3260 616 3320 atios
631 3260 770 3321 transibit
783 3261 813 3319 iu
828 3275 929 3335 agros,

255 3343 319 3403 Nec
334 3344 433 3404 subito
447 3343 563 3405 Phoebi
579 3345 711 3419 pallidus
728 3344 811 3403 orbis
827 3344 892 3405 erit.

215 3426 253 3486 Ut
267 3427 361 3496 solet,
384 3443 556 3502 aequoreas
571 3427 626 3487 ibit
640 3427 798 3508 Tiberinus
813 3427 843 3485 in
858 3426 974 3487 undas:

255 3509 295 3568 Ut
310 3511 401 3582 sotet,
421 3509 451 3569 iu
466 3511 565 3571 niveis
578 3510 665 3571 Luna
677 3510 805 3570 vehetur
818 3511 917 3585 equis.
