2467 4042
213 217 279 284 282
622 218 815 270 rusrouuu

346 383 392 445 Sit
414 385 518 463 prior,
541 383 616 444 irata
639 380 756 443 Pallade
779 398 903 442 mancus
925 383 1003 445 erit.

302 471 360 533 Vos
383 489 524 552 quoque,
546 468 683 532 Phoebea
706 469 827 530 morbos
850 472 902 550 qui
925 469 1042 548 pellitis
1066 482 1148 547 arte,

346 560 468 622 Munera
491 559 528 621 dc
551 561 659 620 vestris
682 576 776 638 pauca
799 559 909 620 referte
931 558 1027 621 deae.

302 648 459 728 Nocens,
482 647 570 709 turba
592 647 682 708 Phari
705 665 797 708 censu
821 646 977 727 fraudate,
1001 652 1159 730 magistri,

236 749 288 800 830
347 737 507 816 Spernite;
530 735 693 815 discipulos
716 735 837 797 attrahit
858 735 907 797 illa
930 753 1047 799 novos:

302 825 418 905 Quique
442 842 542 886 moves
565 824 679 886 caelum
691 870 700 904 ‚
726 823 915 903 tabulamque
938 824 1098 888 coloribus
1123 829 1188 905 uris,

346 913 463 993 Quique
486 914 559 974 iacis
582 912 669 974 docta
693 912 788 974 mollia
811 931 880 974 saxa
902 930 1010 974 manu.

301 1001 379 1064 llille
402 1002 457 1063 deo
480 1009 526 1064 est
549 1019 696 1081 operum:
728 1010 809 1063 certe
837 1001 891 1063 dea
918 1004 1067 1065 carminis
1095 1004 1145 1065 illa
1164 1014 1201 1064 cst

348 1090 380 1151 Si
403 1108 519 1151 mereor
531 1135 541 1170 ‚
565 1089 673 1151 studiis
696 1089 773 1151 adsit
795 1091 887 1155 amica
909 1091 1003 1151 meis.

237 1190 288 1240 835
304 1179 420 1241 Caelius
443 1196 479 1239 ex
503 1177 561 1239 alto
585 1196 644 1257 qua
659 1195 751 1261 ,mons
774 1177 928 1240 descendit
950 1180 983 1239 in
1006 1197 1157 1261 aequum,

347 1266 424 1346 llio,
447 1266 499 1328 ubi
522 1284 582 1327 non
605 1266 692 1345 plana
715 1274 782 1347 cst,
806 1266 858 1327 sert
881 1283 975 1346 prope
999 1267 1091 1346 plana
1115 1273 1171 1351 ria,

302 1356 395 1417 Parva
418 1355 488 1416 licet
509 1355 609 1416 videas
632 1354 740 1434 Captae
764 1354 885 1419 delubra
908 1354 1081 1439 Minervae,

347 1444 429 1516 Quae
453 1444 507 1505 dea
530 1442 621 1506 natali
643 1445 741 1524 coepit
762 1442 873 1505 habere
896 1461 969 1504 suo.

301 1533 436 1594 Nominis
459 1534 490 1593 in
514 1532 603 1593 dubio
628 1539 808 1594 causaest.
850 1530 975 1612 capitale
998 1550 1144 1596 vocamus

236 1631 288 1683 840
346 1620 501 1700 ingenium
524 1620 651 1681 sollcrs:
682 1623 835 1699 ingeniosa
857 1620 912 1681 dea
934 1627 998 1682 est.

302 1710 346 1771 liu
370 1711 439 1789 quia
462 1709 498 1770 de
522 1711 627 1789 capitis
650 1708 744 1770 lentur
767 1710 832 1770 sine
854 1717 948 1770 matre
972 1714 1095 1788 paterni

346 1796 463 1858 Vertice
487 1815 555 1859 curn
578 1796 673 1875 clipeo
696 1796 869 1876 prosiluisse
892 1794 974 1858 suro?

301 1887 346 1947 An
370 1889 438 1965 quia
461 1886 637 1965 perdomitis
660 1886 696 1946 arl
719 1903 773 1946 nos
796 1887 911 1965 captiva
933 1885 1060 1949 Faliscis

347 1971 463 2035 Venit?
495 1983 525 2035 ct
547 1973 604 2034 hoc
626 1976 726 2053 ipsum
749 1973 846 2035 littera
869 1975 968 2053 prisca
990 1973 1102 2038 docet.

236 2075 287 2125 845
302 2064 346 2124 An
371 2062 449 2142 quod
474 2061 563 2122 habet
584 2060 702 2143 legem,
732 2063 836 2142 capitis
859 2079 934 2140 quac
957 2063 1093 2141 pendere
1119 2082 1210 2147 poeno·

345 2151 389 2211 Ex
411 2149 461 2212 illo
485 2149 586 2211 iubeat
608 2152 688 2212 lucta
710 2157 830 2230 reperta
851 2146 943 2212 loco?

301 2239 325 2300 t
349 2256 535 2318 quacumque
559 2239 652 2300 trahis
675 2241 789 2300 ratione
812 2238 976 2320 vocabula,
998 2238 1118 2322 Pallas,

346 2327 403 2389 Pro
427 2326 554 2389 ducibus
577 2329 689 2389 nostris
711 2327 813 2405 aegida
837 2345 954 2408 semper
976 2327 1073 2391 habe!

548 2464 600 2531 23.
625 2464 652 2529 Β
671 2462 889 2530 TVBIL·N³

242 2639 251 2656 .
302 2592 423 2654 Summa
446 2591 509 2654 dies
532 2611 549 2654 e
572 2594 704 2674 quinque
727 2591 814 2654 tubas
837 2592 973 2655 lustrans
987 2611 1120 2657 mnoras

237 2693 288 2743 850
347 2681 492 2742 Admonet
515 2689 546 2743 ct
568 2681 638 2741 lorti
662 2681 827 2742 sacrificare
851 2681 941 2742 deae.

302 2768 387 2830 Nunc
411 2777 496 2849 potes
519 2770 555 2831 ad
578 2769 672 2830 solem
695 2768 810 2830 sublato
835 2770 934 2831 dicere
957 2769 1041 2832 voltu

346 2852 417 2918 ‘Hic
440 2857 512 2918 here
535 2857 680 2933 Phrixeae
703 2856 811 2919 vellera
834 2860 944 2938 pressit
965 2861 1029 2919 ovis
1042 2854 1067 2921 .'

302 2944 472 3008 Seminibus
494 2948 581 3007 tostis
605 2945 765 3007 sceleratae
789 2946 892 3008 fraude
917 2965 1063 3009 novercae

347 3033 515 3096 Sustulcrat
537 3033 633 3096 nullm
656 3042 690 3096 ut
713 3034 808 3116 solet,
831 3034 924 3096 herba
946 3054 1065 3097 comas.

236 3134 287 3185 855
302 3122 429 3184 Mittitur
452 3123 488 3183 arl
511 3123 665 3203 tripodas,
688 3130 770 3185 certa
794 3125 846 3202 qni
868 3131 949 3186 sorte
972 3133 1135 3208 reportet,

226 3254 230 3263 .
347 3211 441 3284 Quam
463 3211 558 3273 sterili
580 3218 679 3272 terrae
693 3209 861 3291 Delphicus
883 3213 952 3274 edat
973 3230 1081 3292 opem.

302 3298 358 3361 llic
380 3317 500 3380 quoqne
523 3308 683 3379 corruptus
707 3318 775 3360 cum
798 3303 934 3382 semine,
955 3303 1074 3363 nuntiat
1102 3302 1203 3366 Helles

345 3387 385 3448 Et
406 3389 523 3448 iuvenis
545 3387 648 3448 Phrixi
671 3388 775 3449 itinera
798 3396 878 3450 sorte
902 3392 981 3469 peti.

302 3471 399 3553 thue
422 3483 610 3537 recusantem
633 3477 713 3536 cives
735 3483 767 3537 et
789 3485 908 3557 tempus
930 3485 961 3539 et
982 3477 1034 3538 lno

235 3571 287 3621 noo
346 3560 560 3640 Compulerunt
581 3581 684 3643 negem
706 3565 787 3625 iussa
808 3566 936 3628 nefanda
953 3568 1036 3646 pati,
