2467 4042
428 203 472 272 11,
491 202 635 276 arc-111,
656 208 709 259 67.
821 222 924 260 canuus
1031 203 1074 268 4?

144 370 300 434 Uberibus
323 368 469 430 fecundus
491 370 598 449 aquis,
621 368 673 430 ubi
696 367 834 430 conditus
857 378 942 432 antro

145 460 274 522 Martius
296 459 402 537 anguis
426 464 489 518 erat
501 505 511 539 ,
533 459 634 519 cristis
656 459 821 537 praesignis
844 466 875 520 et
897 475 988 521 auro:

146 549 223 627 Igne
245 549 359 609 micant
379 537 481 626 oculi5
503 562 612 625 corpus
636 553 732 608 tumet
753 563 841 606 omne
863 564 995 626 veneno;

148 636 288 715 Tresque
301 633 419 695 vibrant
440 633 578 714 linguae3
601 632 713 713 triplici
733 641 813 695 stant
826 635 930 696 ordine
953 635 1074 697 dentes.

95 737 133 788 at
148 725 250 797 Quem
271 730 428 803 postquam
450 722 539 801 'lysia
561 722 662 784 lucum
684 722 722 782 de
745 730 833 801 gente
855 723 983 801 proiecti

148 813 286 875 lniausto
309 813 434 890 tetigere
457 810 570 891 gradu,
594 811 780 889 demissaque
803 813 834 871 in
857 809 952 872 undas

148 900 234 962 Urna
258 899 339 962 dedit
361 901 514 980 sonitum,
536 898 624 979 longo
648 908 738 979 caput
760 898 867 960 extulit
888 907 973 960 antro

150 987 323 1050 Caeruleus·
338 1005 462 1066 serpens
484 986 693 1067 horrendaque
717 985 801 1048 sibila
823 987 920 1048 misit.

149 1076 306 1139 Effluxere
327 1092 422 1137 urnae
444 1074 602 1158 manibus,
625 1077 806 1155 sanguisque
828 1075 970 1155 relinquit

97 1179 135 1228 40
150 1165 292 1245 Corpus,
315 1172 346 1226 et
367 1165 508 1225 attonitos
530 1163 648 1226 subitus
670 1172 785 1225 tremor
807 1172 933 1243 occupat
956 1171 1057 1226 artua.

149 1253 207 1317 Ille
229 1250 408 1313 volubilibus
431 1269 604 1331 squamosos
627 1252 753 1314 nexibus
776 1250 865 1313 orbes

148 1342 310 1421 Torquet,
331 1350 363 1401 et
384 1342 535 1402 inmensos
559 1340 636 1402 saltu
660 1343 796 1402 sinuatur
817 1343 849 1402 in
872 1358 978 1423 arcus,

147 1433 195 1493 dc
217 1428 314 1492 modia
335 1429 403 1508 plus
424 1436 509 1509 parte
529 1427 612 1490 ¹leves
636 1437 754 1490 erectus
776 1430 808 1490 in
831 1446 917 1490 auras

149 1518 286 1598 Despicit
303 1534 390 1578 omne
412 1535 519 1579 nemus
531 1563 541 1598 ,
563 1525 706 1597 tantoque
729 1525 776 1578 est
798 1534 942 1598 corpore,
965 1526 1077 1597 quanto

98 1620 135 1669 45
152 1607 189 1669 Si
211 1614 308 1668 totum
330 1612 471 1686 spectes,
496 1608 627 1685 geminas
651 1608 707 1686 qui
726 1614 843 1684 separat
865 1604 988 1666 Arctos.

152 1695 218 1756 Nec
241 1712 347 1776 mora,
368 1693 554 1775 Phoenicas,
577 1696 639 1755 sive
662 1693 704 1754 illi
726 1693 785 1754 tela
807 1692 950 1773 parabant
957 1742 966 1775 ,

152 1782 223 1845 Sive
247 1784 369 1864 sugam,
392 1783 454 1844 sive
476 1784 541 1861 ipse
565 1784 654 1843 timor
676 1781 853 1862 prohibebat
875 1791 1056 1864 utrumque,

154 1871 312 1951 Occupat.
340 1870 395 1931 hos
417 1888 542 1951 morsu,
565 1870 662 1950 longis
685 1869 868 1950 amplexibus
890 1870 975 1954 illos,

152 1958 217 2021 Hos
241 1967 328 2020 necet
351 1957 442 2020 afflati
464 1959 583 2021 funesta
605 1957 673 2020 tabe
696 1961 821 2021 veneni.
874 1965 897 2018 ’.

103 2060 138 2112 ω
152 2047 280 2109 Fecerat
303 2048 424 2125 exiguas
446 2049 505 2108 iam
527 2046 572 2107 sol
595 2046 756 2108 altissimus
779 2047 918 2109 umbras:

152 2136 237 2207 Quae
260 2153 343 2196 mora
365 2136 405 2195 sit
426 2136 537 2217 sociis,
559 2136 686 2196 miratur
707 2135 843 2215 Agenore
866 2143 970 2215 natus,

152 2223 344 2303 Vestigatque
367 2224 469 2285 viros.
496 2231 637 2302 tegumen
660 2224 774 2303 direpta
797 2223 907 2305 leonis

151 2311 246 2374 Pellio
268 2321 333 2372 erat
345 2358 355 2392 ,
377 2310 470 2372 telum
493 2309 660 2391 splendenti
682 2311 784 2373 lancea
806 2312 887 2373 ferro

151 2399 203 2482 m·
214 2399 345 2461 iaculum
357 2447 367 2481 ,
389 2398 509 2478 teloque
531 2401 648 2461 animus
669 2401 869 2479 praestantior
891 2402 988 2462 omni.

102 2487 194 2552 aaut
216 2506 322 2550 nemus
345 2489 465 2549 intravit
487 2486 636 2567 letataque
659 2505 784 2568 corpora
806 2488 896 2569 vidit,

152 2575 363 2655 victoremque
387 2593 477 2656 supra
500 2578 623 2656 spatiosi
645 2577 780 2656 corporis
803 2576 919 2637 hostem

152 2664 266 2727 Tristia
289 2665 451 2744 sanguinea
473 2663 652 2726 lambentem
674 2664 795 2726 vulnem
818 2664 937 2745 lingua,

153 2749 227 2815 ‘Aut
248 2752 327 2814 ultor
349 2760 488 2834 vestrae,
510 2752 651 2815 fidissima
674 2770 821 2834 corpora,
844 2755 967 2834 mortis,

153 2842 215 2904 Aut
238 2835 348 2902 comes'
375 2842 473 2920 inquit
496 2836 560 2902 ‘ero
574 2836 594 2901 .'
623 2841 718 2922 dixit,
746 2841 909 2920 dextraque
937 2840 1078 2902 molarem

106 2942 141 2992 to
159 2929 290 2991 Sustulit
313 2936 343 3008 ot
364 2946 504 3009 magnum
527 2946 633 3009 magno
657 2931 811 2991 conamine
833 2931 931 2990 misit.

153 3017 240 3079 Illius
261 3016 392 3097 impulsu
415 3035 484 3079 oum
507 3016 642 3078 turribus
665 3017 756 3078 ardua
779 3017 866 3079 celsis
1097 3093 1103 3102 Ι

152 3105 271 3166 bloenia
293 3115 372 3167 mota
394 3106 515 3167 forent:
538 3123 662 3186 serpens
685 3107 749 3167 sine
772 3107 894 3167 vulnere
917 3107 1042 3188 mansit,

155 3192 341 3273 loricaeque
364 3194 452 3255 modo
475 3196 606 3273 squamis
630 3193 770 3256 misnens
794 3203 825 3255 et
846 3202 926 3255 atrae

152 3281 270 3344 Duritia
292 3277 378 3363 pellis
401 3280 512 3343 rabdos
536 3289 604 3344 cute
627 3282 759 3362 reppulit
781 3284 876 3343 ictus.

103 3381 139 3432 tt
154 3369 193 3431 lt
214 3387 276 3431 non
299 3371 409 3432 duritia
431 3369 560 3432 iaculum
584 3388 703 3451 quoque
726 3372 796 3431 vicit
819 3370 940 3451 eadem,

154 3457 244 3530 Quod
268 3457 366 3520 medio
389 3457 487 3520 lentae
510 3459 612 3539 spinae
636 3460 805 3520 curvamine
828 3459 919 3519 lixum

153 3545 318 3629 Constitit,
341 3555 372 3609 et
393 3553 489 3608 totum
512 3546 666 3612 descendit
688 3548 719 3607 ln
741 3545 791 3608 ilia
814 3546 945 3608 ferrum.
