2467 4042
254 165 379 230 102
641 185 800 220 censs
1076 163 1400 220 METAMM
1415 208 1428 222 .

426 331 533 392 Hic
582 340 758 412 caput
803 330 1001 394 attollo
1050 331 1411 412 desuetaque
1460 333 1654 395 sidera
1700 352 1876 396 cerno
1897 380 1913 396 .

425 420 582 500 Ergo
631 421 772 482 dum
819 420 1020 499 Stygio
1066 420 1177 482 sub
1223 424 1402 482 terris
1449 423 1682 502 gurgite
1725 422 1888 484 labor
1905 469 1924 505 ‚

292 518 395 570 505
424 507 561 570 Visa
607 517 705 571 tua
751 516 845 571 est
889 508 1075 570 oculis
1119 509 1242 571 illic
1284 509 1641 589 Proserpina
1686 513 1943 573 nostris:

424 597 526 658 llla
572 597 812 677 quidem
856 598 1045 660 tristis
1070 644 1089 679 ,
1134 615 1328 678 neque
1374 598 1566 660 adhuc
1609 600 1880 661 interrita
1925 598 2110 660 vultu
2133 648 2153 680 ‚

431 685 549 748 Sed
594 687 799 765 regina
844 694 1042 748 tamen
1068 733 1087 769 ‚
1135 687 1241 748 sed
1288 690 1457 766 opaci
1502 689 1756 750 maxima
1798 687 2008 749 mundi
2025 736 2048 767 ,

427 773 545 836 Sed
590 782 787 835 tamen
832 775 1051 836 inferni
1093 774 1322 854 pollens
1369 784 1638 836 matrona
1680 778 1913 856 tyranni
1933 770 2022 837 .’”

425 861 613 924 Mater
659 862 732 924 ad
778 861 1005 925 auditas
1052 865 1281 943 stupuit
1328 882 1440 925 ceu
1486 881 1662 925 saxea
1705 882 1915 946 voces,

295 963 399 1013 510
426 950 843 1031 Attonitaeque
891 950 993 1012 diu
1041 952 1248 1015 similis
1298 952 1409 1014 fuit
1437 1000 1452 1014 .
1507 959 1692 1032 utque
1739 952 1940 1014 dolore

422 1039 600 1101 Pulsa
644 1042 808 1120 gravi
852 1042 1044 1119 gravis
1090 1049 1182 1101 est
1226 1042 1480 1103 amentia
1505 1088 1524 1122 ‚
1571 1040 1847 1104 curribus
1893 1059 2029 1101 oras

423 1127 560 1189 Exit
602 1131 664 1189 in
711 1127 1004 1190 aetherias
1030 1175 1046 1191 .
1100 1129 1185 1191 ibi
1228 1136 1354 1190 toto
1400 1128 1600 1191 nubila
1646 1131 1810 1191 vultu

423 1216 575 1278 Ante
620 1216 818 1278 Iovem
863 1218 1053 1296 passis
1099 1219 1266 1279 stetit
1308 1218 1596 1280 invidiosa
1640 1218 1900 1300 capillis,

425 1298 638 1365 “‘Pro’
684 1322 800 1384 que
849 1301 1004 1367 ‘meo
1040 1307 1177 1367 veni
1212 1306 1463 1386 supplex
1510 1306 1619 1369 tibi
1635 1353 1654 1389 ,
1699 1306 1964 1387 Iuppiter
1980 1301 2024 1388 ,⁹
2073 1306 2296 1386 inquit

292 1404 394 1454 515
424 1389 744 1474 ‘Sanguine
770 1440 789 1475 ,
833 1411 1063 1475 proque
1109 1404 1211 1456 tuo
1241 1442 1255 1457 .
1310 1396 1363 1455 si
1406 1394 1566 1456 nulla
1613 1404 1703 1457 est
1746 1397 1931 1474 gratia
1977 1398 2199 1456 matris
2215 1443 2240 1476 ,

423 1481 571 1544 Nata
612 1490 845 1562 patrem
890 1491 1163 1544 moveat.
1218 1500 1336 1544 neu
1394 1485 1473 1545 sit
1527 1482 1636 1544 tibi
1680 1501 1823 1544 cura
1847 1530 1866 1564 ‚
1911 1500 2291 1563 precamur,

422 1570 605 1631 Vilior
647 1570 807 1631 illius
831 1616 850 1652 ‚
896 1571 1056 1650 quod
1101 1578 1305 1633 nostro
1352 1579 1447 1633 est
1489 1572 1645 1633 edita
1689 1579 1861 1651 partu
1883 1617 1897 1632 .

421 1658 514 1720 En
559 1661 823 1739 quaesita
869 1658 971 1721 diu
1007 1659 1246 1720 tandem
1291 1659 1437 1721 mihi
1480 1668 1615 1720 nata
1658 1668 1894 1739 reperta
1938 1667 2068 1720 est:

425 1746 490 1808 Si
534 1749 802 1828 reperire
849 1765 1023 1808 vocas
1071 1750 1339 1809 amittere
1388 1749 1609 1809 certius
1636 1795 1654 1829 ‚
1701 1756 1801 1808 aut
1845 1749 1896 1808 si

188 1852 197 1862 ·
292 1847 394 1898 520
428 1835 596 1897 Scire
622 1882 641 1917 ,
687 1835 795 1897 ubi-
820 1837 933 1917 sit,
969 1839 1235 1915 reperire
1263 1854 1438 1898 vocas
1465 1882 1480 1898 .
1529 1835 1685 1915 quod
1714 1844 1916 1916 rapta,
1962 1836 2236 1897 feremus
2257 1884 2282 1917 ,

421 1921 752 1986 Dummodo
796 1922 1005 1985 reddat
1050 1941 1179 1986 eam
1206 1970 1221 1986 .
1278 1941 1473 2004 neque
1519 1926 1678 1985 enim
1703 1923 2001 2004 praedone
2049 1926 2277 1985 marito

422 2011 570 2075 Filia
615 2012 791 2092 digna
835 2020 937 2074 tua
982 2020 1077 2074 est
1120 2043 1205 2057 —
1254 2015 1306 2074 si
1351 2015 1468 2075 iam
1513 2030 1643 2073 mea
1687 2012 1804 2073 filia
1849 2029 1970 2072 non
2017 2020 2111 2073 est
2132 2006 2223 2074 .’”

421 2101 688 2182 Iuppiter
734 2103 967 2181 excepit
1011 2095 1397 2163 “‘commune
1443 2109 1535 2162 est
1571 2102 1784 2180 pignus
1830 2117 2101 2178 onusque

422 2188 571 2250 Nata
615 2188 761 2251 mihi
805 2197 1005 2252 tecum
1032 2235 1047 2250 .
1103 2188 1208 2250 sed
1256 2192 1309 2251 si
1352 2189 1527 2251 modo
1575 2191 1811 2250 nomina
1856 2187 2039 2249 rebus

290 2287 393 2339 525
422 2277 655 2340 Addere
700 2295 837 2339 vera
882 2276 1077 2358 placet
1099 2324 1118 2359 ,
1164 2295 1284 2339 non
1321 2277 1435 2339 hoc
1480 2278 1695 2339 iniuria
1739 2276 1994 2358 factum,

420 2364 639 2428 Verum
684 2383 848 2428 amor
885 2375 978 2428 est
1004 2412 1020 2428 .
1075 2384 1270 2446 neque
1317 2367 1432 2428 erit
1465 2365 1637 2427 nobis
1675 2382 1860 2445 gener
1884 2364 1982 2426 ille
2009 2363 2267 2444 pudori,

419 2454 513 2516 Tu
539 2454 714 2517 modo
741 2502 759 2536 ‚
805 2455 936 2516 diva
958 2501 977 2535 ‚
1022 2454 1166 2517 velis
1194 2500 1210 2516 .
1266 2463 1334 2516 ut
1360 2454 1554 2516 desint
1580 2461 1813 2535 cetera,
1855 2460 2145 2533 quantum
2175 2464 2267 2514 est

422 2542 570 2604 Esse
616 2543 769 2604 lovis
814 2541 1104 2605 fratrem!
1151 2543 1293 2622 quid
1341 2541 1497 2621 quod
1545 2559 1664 2603 non
1711 2548 1908 2602 cetera
1954 2541 2176 2602 desunt

426 2632 542 2692 Neu
594 2632 750 2692 cedit
791 2634 907 2692 nisi
954 2638 1114 2693 sorte
1159 2631 1347 2693 mihi.
1406 2629 1510 2692 sed
1555 2637 1716 2692 tanta
1762 2628 1976 2710 cupido

290 2732 390 2780 5:1⁴³
426 2724 486 2780 :221
538 2720 642 2780 tihi
690 2720 918 2781 discidii
963 2727 1056 2781 est
1079 2767 1098 2802 ,
1143 2727 1379 2799 repetet
1421 2718 1779 2798 Proserpina
1823 2717 2091 2799 caelum,

426 2812 574 2888 laege
626 2820 818 2872 tamen
868 2816 1030 2869 certa
1056 2856 1074 2888 ‚
1120 2810 1172 2869 si
1216 2807 1412 2869 nullos
1458 2808 1708 2887 contigit
1750 2806 1870 2868 illic

426 2900 538 2960 Ore
590 2900 796 2958 cibos:
842 2915 978 2958 nam
1022 2899 1110 2958 sic
1136 2896 1460 2958 Parcarum
1502 2895 1743 2957 foedere
1774 2903 2012 2956 cautum
2061 2901 2152 2956 est
2175 2889 2262 2956 .'”

516 2988 750 3044 [lixssrat
777 3032 791 3047 .
849 2994 909 3046 at
954 2983 1160 3046 Cereri
1205 2993 1438 3047 certum
1482 2992 1576 3045 est
1619 2982 1873 3045 educere
1922 2991 2155 3045 natam.

422 3076 550 3132 Nun
599 3080 674 3132 ita
726 3076 840 3136 fata
885 3075 1134 3153 sinunt,
1180 3074 1458 3152 quoniam
1503 3073 1724 3134 ieiunia
1767 3074 1932 3150 virgo

289 3176 390 3224 535
426 3160 690 3220 Emiserat
734 3169 797 3224 et
841 3161 1016 3222 cultis
1062 3160 1203 3222 dum
1252 3160 1498 3240 simplex
1545 3167 1706 3221 errat
1749 3162 1812 3221 in
1855 3159 2047 3221 hortis
2065 3207 2086 3243 ‚

425 3252 782 3312 Poeni-neum
828 3267 1007 3310 curva
1053 3249 1434 3332 decerpserat
1479 3247 1690 3309 arbore
1737 3265 2016 3330 pomum,

426 3340 754 3416 Glnptaque
800 3337 1036 3399 callenti
1081 3345 1310 3418 septem
1356 3337 1430 3397 de
1477 3338 1699 3398 cortice
1745 3354 1926 3416 grana

422 3428 726 3488 Presserat
771 3444 875 3487 ore
913 3444 1068 3488 suo:
1114 3424 1395 3503 solusque
1445 3442 1515 3484 ex
1562 3423 1839 3487 omnibus
1882 3422 2029 3486 illud

422 3516 777 3592 Ascalaphus
826 3513 1012 3596 vidit,
1059 3530 1237 3592 quem
1284 3511 1580 3592 quondam
1626 3511 1846 3575 dicitur
1892 3512 2174 3594 Orphne,
