2467 4042
390 246 522 312 230
804 266 939 302 ππ
1213 246 1542 302 ΜΕΤΑΜΜ
1560 290 1574 304 .

564 413 752 474 Tanta
796 412 932 474 mali
977 411 1162 474 moles
1188 460 1207 494 ‚
1252 419 1539 492 tantoque
1583 416 1886 494 potentior
1930 423 2057 478 arte
2083 429 2208 478 est
2226 464 2239 477 .

435 514 535 564 195
567 500 828 582 [Quippe
876 509 1089 562 sonant
1133 500 1391 562 clamore
1437 504 1593 584 viri,
1639 502 1897 564 stridore
1942 503 2273 587 rudentes,

565 590 866 652 Undarum
910 592 1160 651 incursu
1206 592 1398 669 gravis
1443 589 1603 652 unda
1628 638 1647 672 ‚
1691 591 2014 654 tonitribus
2060 593 2275 655 aether
2292 591 2330 670 .]

563 677 871 740 Fluctibus
919 680 1169 758 erigitur
1215 677 1563 758 caelumque
1611 696 1865 758 aequare
1911 680 2155 742 videtur

562 766 789 828 Pontus
815 814 834 848 ,
881 775 942 828 et
985 766 1257 828 inductas
1302 769 1614 847 aspergine
1659 775 1904 848 tangere
1950 768 2188 850 nubes;

567 854 672 934 [Et
716 854 890 916 modo
918 903 937 937 ‚
983 873 1122 916 cum
1166 855 1355 916 fulvas
1401 874 1475 916 ex
1518 858 1638 916 imo
1684 859 1873 918 verrit
1917 875 2136 919 arenas
2153 907 2173 939 ,

433 954 536 1006 500
567 943 857 1005 Concolor
903 951 996 1004 est
1039 941 1158 1006 illis
1184 991 1203 1025 ,
1252 943 1452 1024 Stygia
1498 943 1673 1006 modo
1718 946 1950 1024 nigrior
1993 946 2164 1007 unda
2181 945 2228 1024 :]

382 1025 386 1028 ’
565 1031 867 1094 Sternitur
910 1031 1214 1093 interdum
1240 1079 1259 1112 ,
1305 1034 1649 1112 spumisque
1696 1033 2049 1096 sonantibus
2098 1035 2264 1096 albet
2280 1081 2294 1095 .

565 1120 698 1200 Ipsa
744 1138 982 1200 quoque
1027 1120 1122 1181 his
1169 1122 1364 1200 agitur
1407 1120 1637 1182 vicibus
1682 1120 1998 1183 Trachinia
2041 1123 2303 1204 puppis:

561 1207 639 1269 Et
683 1226 844 1269 nunc
889 1207 1158 1270 sublimis
1203 1209 1389 1270 veluti
1432 1208 1507 1277 de
1552 1210 1773 1270 vertice
1820 1212 2039 1272 montis

563 1295 882 1377 Despicere
927 1299 996 1358 in
1036 1295 1216 1359 valles
1259 1299 1566 1376 imumque
1610 1291 1948 1359 Acheronta
1991 1298 2237 1362 videtur
2254 1319 2279 1360 ι

431 1396 533 1447 505
562 1384 733 1446 Nune
759 1432 778 1466 ,
823 1383 928 1446 ubi
974 1385 1291 1446 demissam
1337 1403 1587 1448 curvum
1632 1387 2029 1449 circumstetit
2075 1405 2328 1466 aequor,

564 1473 882 1552 Suspicere
928 1474 1163 1534 inferno
1212 1491 1510 1535 summum
1556 1474 1630 1535 de
1676 1477 1911 1554 gurgite
1958 1475 2196 1538 caelum
2214 1523 2228 1536 .

565 1560 752 1641 Saepe
799 1560 899 1622 dat
942 1563 1247 1641 ingentem
1291 1561 1478 1624 fluctu
1522 1560 1679 1624 latus
1721 1564 1840 1624 icta
1886 1563 2191 1643 fragorem
2208 1610 2227 1644 ,

561 1648 684 1710 Nec
729 1648 918 1711 levius
964 1649 1196 1730 pulsata
1241 1657 1411 1711 sonat
1435 1697 1454 1731 ,
1502 1668 1678 1730 quam
1722 1651 1959 1713 ferreus
2006 1651 2153 1713 olim

565 1737 728 1799 Cum·
757 1737 982 1799 laceras
1029 1740 1185 1799 aries
1230 1738 1534 1800 ballistave
1581 1741 1850 1800 concutit
1895 1757 2065 1802 arces
2087 1787 2102 1802 .

431 1836 535 1889 510
565 1824 790 1905 [thue
837 1825 1030 1888 solent
1075 1829 1330 1906 sumptis
1374 1828 1622 1899 incursu
1667 1827 1894 1905 viribus
1938 1830 2029 1890 ire

562 1915 816 1975 Pectore
862 1916 924 1974 in
973 1932 1134 1976 arma
1181 1916 1295 1976 feri
1338 1922 1732 1994 protentaque
1778 1915 1896 1977 tela
1939 1915 2188 1979 leones:

565 2002 663 2063 Sic
708 2001 815 2063 ubi
860 2021 924 2063 se
971 2005 1163 2065 ventis
1211 2003 1528 2065 admiserat
1570 2003 1730 2064 unda
1775 2006 1999 2066 coortis
2017 2053 2035 2087 ‚

563 2090 693 2150 [bat
734 2092 799 2151 in
845 2108 1007 2152 arma
1052 2093 1197 2153 ratis
1223 2139 1244 2173 ‚
1290 2091 1596 2170 multoque
1642 2100 1772 2154 erat
1815 2091 1989 2154 altior
2034 2092 2157 2154 illis
2176 2091 2220 2170 .]

565 2182 803 2258 Iamque
849 2178 1049 2240 labant
1093 2182 1315 2261 cunei,
1360 2180 1724 2261 spoliataque
1770 2182 2030 2261 tegmine
2077 2197 2254 2243 cerae

433 2282 533 2326 515
569 2270 733 2326 Rima
777 2274 941 2347 patet
964 2315 983 2349 ‚
1028 2267 1394 2348 praebetque
1439 2270 1594 2330 viam
1636 2267 1912 2331 letalibus
1956 2268 2139 2331 undis
2162 2317 2177 2332 .

565 2358 721 2418 Ense
766 2356 986 2418 cadunt
1029 2355 1180 2436 largi
1223 2356 1504 2418 resolutis
1549 2354 1811 2419 nubibus
1854 2356 2079 2420 imbres
2094 2405 2117 2440 ,

569 2446 777 2522 [laque
824 2445 1045 2506 fretum
1091 2443 1302 2506 credas
1345 2452 1541 2507 totum
1585 2444 1947 2507 descendere
1994 2446 2259 2527 caelum,

569 2534 749 2610 lmsue
795 2532 994 2613 plagas
1041 2533 1190 2594 caeli
1233 2534 1623 2596 tumefactum
1668 2533 1989 2596 ascendere
2034 2544 2311 2615 pontum.

565 2622 701 2682 'isla
749 2621 987 2682 madent
1031 2618 1251 2683 nimbis
1276 2670 1295 2704 ,
1339 2629 1414 2684 et·
1446 2639 1584 2684 cum
1630 2621 1985 2684 caelestibus
2029 2621 2241 2701 undis]

435 2726 533 2770 sse]
569 2714 906 2786 aequm-eae
952 2712 1282 2773 miscentur
1329 2723 1516 2790 aquae
1544 2757 1559 2771 .
1615 2718 1782 2772 caret
1824 2709 2063 2790 ignibus
2109 2712 2332 2787 aether,

569 2802 868 2877 Caesaque
914 2816 1032 2859 nox
1077 2801 1371 2879 premitur
1415 2797 1679 2860 tenebris
1722 2798 2058 2878 hiemisque
2104 2803 2353 2877 suisque.

565 2889 903 2949 Discutiunt
944 2894 1144 2948 tamen
1188 2886 1298 2948 has
1341 2885 1749 2967 praebentque
1793 2889 2071 2948 micantia
2115 2887 2306 2948 lumen

565 2978 876 3038 Fulmina:
921 2974 1222 3037 fulmineis
1270 2974 1590 3037 ardescunt
1633 2974 1870 3054 ignibus
1916 2975 2110 3036 undae
2132 3023 2148 3037 .

569 3066 673 3122 [lat
721 3081 956 3144 quoque
1001 3066 1120 3125 iam
1165 3063 1351 3125 saltus
1394 3065 1552 3125 intra
1598 3081 1738 3124 cava
1782 3071 1945 3125 texta
1988 3065 2229 3125 carinae
2455 3121 2456 3148 ἶ

433 3166 533 3213 sss
565 3154 852 3215 Fluntns:
897 3159 961 3214 et
1001 3161 1071 3213 ut
1116 3152 1285 3214 miles
1311 3199 1330 3232 ,
1374 3170 1626 3214 numere
1671 3153 2073 3232 praestantior
2116 3153 2303 3230 omni,
2455 3153 2456 3175 ¹

565 3242 713 3302 [jum
761 3257 934 3321 saepe
981 3239 1222 3302 adsiluit
1267 3239 1545 3302 defensae
1590 3239 1904 3301 moenibus
1948 3238 2118 3301 urbis
2135 3288 2157 3322 ,

565 3330 681 3406 Spe
729 3330 956 3410 potitur
1002 3328 1242 3390 tandem
1266 3375 1286 3409 ,
1329 3327 1642 3408 laudisque
1687 3346 1977 3390 accensus
2022 3345 2227 3390 amore

565 3418 725 3478 lntsr
771 3417 931 3478 mille
976 3419 1138 3478 viros
1184 3434 1442 3493 murum·
1470 3424 1669 3478 tamen
1715 3423 1968 3497 occupat
2010 3435 2209 3480 unus:

569 3506 665 3562 Eis:
713 3505 815 3567 ubi
859 3505 1175 3586 pulsarunt
1220 3507 1466 3566 noviens
1511 3505 1698 3567 latera
1742 3504 1925 3567 ardua
1968 3504 2195 3567 fluctus
2209 3553 2228 3587 ,
2453 3560 2454 3575 ,

433 3606 533 3650 sss
569 3594 797 3652 vastius
842 3595 1162 3672 insurgens
1208 3592 1473 3654 decimae
1519 3595 1646 3654 ruit
1687 3595 1946 3674 impetus
1991 3592 2226 3677 undae,
