2467 4042
197 233 256 297 [12
368 251 494 288 urorum
605 211 844 291 Miltllllis
1135 6 1225 343 -1

1224 351 1225 393 i

279 398 422 480 Exiguam
444 397 545 460 sedem
568 400 718 479 pariturae
741 408 821 477 terra
845 402 977 480 negavit.

280 488 341 551 Nec
363 487 443 549 caelo
467 504 523 548 nec
545 486 635 549 humo
654 504 710 549 uec
724 491 808 567 aquis
822 489 877 550 dea
889 498 988 550 restra
1001 496 1126 571 recepta
1139 498 1191 550 est.

279 576 370 638 Exsul
394 584 458 637 erat
479 575 604 655 mundi,
627 575 722 637 donec
745 578 883 638 miserata
904 586 1057 657 vagantem

214 677 266 728 reo
281 662 426 744 “Hospita
449 672 482 726 tu
503 666 594 727 terris
617 681 699 725 erras
711 711 722 746 ,
745 660 811 744 ego'
835 665 908 727 dixit
931 662 974 727 ‘ln
995 660 1130 749 undis,”

279 753 508 832 instabilemque
529 752 629 814 iocum
652 752 738 815 lleios
761 753 863 816 dedit.
890 752 940 814 ilia
961 753 1092 817 duorum

281 842 366 903 i'acta
389 858 520 922 parensr
542 844 622 903 uteri
644 859 713 921 pars
735 840 811 904 haec
832 850 879 903 est
901 844 1026 923 septima
1048 844 1160 904 nostri.

280 931 352 993 Sum
375 930 467 993 lelixa
490 931 557 1010 quis
581 931 661 990 enim
683 940 773 1010 neget
794 928 882 993 hoc?
904 931 1034 1011 felixque
1056 928 1192 1009 manebo5

280 1019 343 1082 iloc
366 1037 484 1099 qnoque
508 1020 575 1097 quis
598 1014 745 1080 dubitet?
768 1027 861 1080 tutam
883 1037 931 1081 me
954 1021 1040 1100 copia
1062 1021 1150 1080 iecit.

214 1118 264 1169 ιιι
279 1108 371 1169 lllaior
393 1125 482 1187 sum,
505 1124 592 1186 quam
616 1108 666 1168 cni
687 1109 782 1186 possit
804 1107 934 1169 Fortuna
956 1125 1083 1189 nocere;

279 1196 429 1275 iiultaqne
451 1204 486 1256 ut
508 1197 636 1276 eripiat,
660 1194 754 1258 multo
777 1196 850 1256 mihi
871 1195 957 1275 plura
979 1196 1144 1276 relinquet.

280 1283 443 1346 Excessere
466 1292 578 1344 metum
600 1301 667 1345 mea
690 1286 748 1344 iam
769 1283 868 1345 bona.
895 1286 997 1363 fingite
1020 1285 1099 1346 demi

280 1371 355 1433 iinlc
378 1371 488 1451 aliquid
510 1371 620 1452 populo
643 1381 781 1434 natorum
803 1390 891 1452 posse
914 1390 1067 1457 meorum,

278 1460 344 1522 Non
367 1470 466 1522 tamen
488 1460 525 1522 ad
548 1478 707 1522 numerum
729 1460 847 1541 redigar
869 1460 992 1541 spoliala
1015 1462 1154 1540 duorum,

215 1561 266 1613 too
280 1550 410 1611 Latonae
432 1548 572 1611 turbam.
596 1567 654 1629 qua
678 1557 821 1629 quantum
844 1550 933 1610 distat
954 1549 990 1610 ab
1014 1545 1110 1611 orba?

279 1639 346 1719 lte,
368 1640 440 1700 satis
462 1656 517 1718 pro
540 1638 624 1718 prole
648 1639 726 1700 sacri
748 1646 816 1699 est·
808 1637 1015 1719 ,laurumque
1038 1637 1145 1718 capillis
1224 1646 1225 1707 i

279 1722 417 1788 Ponite.
445 1726 621 1808 deponunt,
643 1727 811 1806 iniectaque
829 1744 913 1788 sacra
935 1726 1120 1807 relluqunut‚

280 1816 425 1895 Quodque
452 1815 542 1897 licet,
566 1817 655 1877 tacito
684 1822 862 1876 venerantur
888 1831 1043 1877 murmure
1069 1827 1182 1876 numen.

279 1904 431 1983 indignata
454 1904 508 1965 dea
532 1912 577 1965 est
589 1951 599 1985 ,
622 1920 797 1983 summoque
820 1906 851 1964 in
874 1905 986 1965 vertice
1010 1902 1112 1984 Cynthi

213 2003 264 2056 205
279 1992 400 2053 Talibus
423 2001 469 2054 est
492 1988 579 2053 dictis
602 1994 719 2072 gemina
742 2009 810 2054 cum
832 1991 915 2071 prole
938 1991 1055 2054 locuta:

280 2078 336 2143 ‘En
360 2099 414 2160 ego
437 2089 535 2142 vestra
557 2098 688 2162 pareus,
710 2078 793 2141 robis
815 2082 946 2142 animosa
969 2083 1092 2162 creatis,

280 2170 338 2251 Et,
361 2171 419 2230 nisi
442 2169 548 2230 lunoni
560 2217 570 2250 ‚
593 2168 668 2230 nulli
690 2185 811 2231 cesama
834 2169 974 2251 dearum,
1223 2234 1224 2273 1

211 2302 214 2307 ,
279 2261 323 2319 Αιι
346 2258 401 2318 dea
424 2260 480 2320 sim
492 2305 501 2338 ,
524 2255 666 2319 dubitor.
693 2274 806 2337 perque
829 2259 927 2318 omnia
949 2257 1066 2319 saecula
1087 2255 1162 2317 cultis

280 2349 414 2426 trecor,
437 2364 455 2406 o
478 2348 563 2425 nati,
586 2347 644 2406 nisi
667 2364 719 2407 vos
741 2348 939 2425 succurritis,
963 2347 1040 2407 aris.

213 2445 265 2497 tto
279 2434 340 2495 Nec
363 2435 448 2495 dolor
471 2434 519 2495 hic
542 2434 645 2494 solus:
669 2432 733 2495 diro
757 2436 888 2495 convicia
910 2433 988 2495 iacto

279 2523 410 2584 Tantalis
433 2521 541 2584 adiecit
553 2569 561 2603 ,
584 2539 696 2600 rosque
720 2531 766 2584 est
787 2530 967 2603 postponere
991 2525 1065 2584 natis

279 2613 358 2673 dosa
380 2613 465 2692 suis,
487 2619 518 2673 et
540 2626 588 2672 me
600 2611 712 2693 ,quod
734 2612 766 2672 in
788 2614 883 2690 ipsam
905 2611 1057 2692 reccidat,
1078 2607 1164 2671 orbam
1222 2668 1223 2681 ἶ

281 2699 379 2779 Dixit,
403 2708 433 2761 et
455 2698 590 2761 exhibuit
611 2699 741 2778 lingnam
764 2699 906 2761 scelerata
928 2693 1106 2780 paternam?

280 2789 438 2850 Adiectura
461 2806 565 2868 preces
589 2794 654 2848 erat
677 2788 722 2849 iris
745 2786 855 2850 Latona
878 2788 997 2851 relatis.
1222 2802 1223 2855 i

214 2888 265 2939 tlt
281 2873 428 2939 [lesinei’
442 2875 581 2938 Phoebus
594 2871 660 2938 ait
661 2894 774 2955 poenae
786 2894 869 2937 mora
883 2876 968 2956 longa
984 2874 1108 2957 querella
1120 2859 1175 2935 est?

280 2966 358 3028 ilixit
379 2966 458 3027 idem
480 2964 622 3026 Phoebe.
650 2964 798 3044 celerique
821 2970 966 3045 pereira
989 2965 1070 3046 lapsu

281 3054 472 3134 Contigerant
494 3056 566 3116 tecti
589 3052 746 3115 Cadmeida
767 3053 898 3115 nubibus
921 3071 1038 3115 arcem.

281 3143 389 3205 Planus
413 3151 477 3204 erat
495 3142 613 3221 lateque
635 3150 740 3222 patens
763 3160 856 3224 prope
879 3143 995 3204 moenia
1018 3157 1143 3223 campus,

280 3232 414 3294 dssiduis
437 3232 571 3311 pulsatus
595 3233 680 3310 equis
692 3278 702 3313 ,
725 3229 776 3292 ubi
800 3230 887 3292 turba
910 3239 1043 3294 rotarum

214 3331 267 3383 teo
282 3320 420 3400 Duraque
444 3320 590 3381 mollierat
612 3318 760 3381 subiectas
784 3319 893 3399 ungula
915 3318 1049 3400 glaebas.

280 3409 353 3471 Pars
375 3408 417 3469 ibi
440 3407 477 3468 de
500 3417 613 3488 septem
636 3409 744 3488 genitis
767 3407 930 3487 Amphione
954 3409 1047 3470 sortes

281 3495 492 3558 Conscendnnt
513 3499 544 3557 in
567 3513 685 3577 equos,
707 3495 856 3576 Tyrioque
879 3494 1018 3559 rubentia
1041 3514 1106 3559 suco

280 3583 376 3662 Terga
399 3593 560 3664 premunt,
583 3601 716 3664 auroque
730 3601 834 3664 graves
848 3585 1041 3649 moderantur
1053 3583 1172 3646 habeon·

1216 3788 1220 4003 ψ
