2467 4042
259 318 262 323 ,
346 256 659 334 Ι,7,43-8,49.

134 412 288 486 Purpureus
302 412 407 472 Lunae
422 411 571 486 sanguine
588 413 688 473 vultus
709 418 783 472 erat.

99 496 171 555 ilaue
185 510 235 571 ego
249 504 411 556 nocturnus
428 510 550 587 versant
565 497 694 557 volitare
709 513 765 572 per
780 498 902 560 umbras

135 579 279 656 Suspicor,
301 587 332 640 et
345 582 450 656 pluma
465 595 580 657 corpus
595 581 675 641 anile
691 582 761 657 tegi.

71 672 93 726 lt
102 663 241 739 Suspicor,
263 671 292 725 et
306 665 387 725 larua
402 666 485 777 est(
497 664 600 726 Oculis
623 681 749 741 quoque
764 669 880 743 pupula
895 669 1007 748 duplex

132 747 276 822 Fulminat,
300 755 330 810 et
345 750 468 824 gemino
484 751 586 809 lumen
603 749 642 810 ab
659 750 733 810 orbe
749 752 861 895 venit.)

100 833 195 892 Evocat
206 833 333 909 antiquis
351 850 487 909 proavos
503 842 676 908 atavosque
691 835 880 912 sepulclrr's,

130 917 162 976 Et
174 917 294 978 solidam
306 919 402 994 longo
417 918 551 978 carmine
565 918 654 978 liudit
668 918 802 979 humum.

98 1002 166 1060 llaec
179 1001 230 1062 sibi
243 1003 407 1079 proposuit
422 1003 573 1063 thalamos
587 1009 739 1063 temerare
751 1004 895 1080 pudicos.

51 1093 93 1179 'lt
132 1085 188 1145 Nec
200 1092 290 1147 tamen
305 1089 430 1163 eloquio
445 1088 550 1163 lingua
564 1067 695 1147 nocente
710 1095 802 1147 caret.
861 1112 869 1165 p

44 1222 45 1231 ,
97 1170 161 1230 rurs
174 1187 217 1230 rue
230 1172 362 1232 sermoni
378 1179 487 1233 testem
503 1171 596 1232 dedit.
625 1171 677 1231 illa
692 1172 837 1232 monebat

44 1302 46 1327 ,
128 1254 226 1315 Talia...
241 1272 288 1316 rue
301 1257 442 1332 duplices
459 1258 623 1317 occuluere
639 1256 753 1316 iores...

44 1342 45 1345 ’
99 1337 163 1398 ‘Scis
178 1339 243 1400 here
256 1347 300 1413 te,
324 1356 392 1400 rnen
408 1343 477 1415 lus,
496 1340 601 1402 iuveni
617 1341 773 1416 placuisse
790 1341 902 1427 beatol

129 1422 233 1511 Haesit,
255 1432 284 1486 et
298 1424 330 1485 in
353 1425 438 1485 voltu
453 1426 588 1511 constitit
601 1441 703 1500 usque
717 1433 780 1487 tuo.

70 1505 127 1567 ltEl
137 1523 184 1568 cur
194 1525 251 1569 non
264 1511 413 1585 placeasr
440 1510 514 1570 nulli
528 1492 579 1569 t'u'a
596 1510 694 1570 forma
709 1510 849 1571 secunda
864 1518 921 1574 est

128 1592 169 1651 lle
181 1594 333 1669 miseram,
359 1594 471 1669 diguus
493 1609 625 1670 corpore
640 1595 739 1655 cultus
758 1595 861 1654 abest!

97 1674 151 1734 laur
163 1676 228 1738 lelix
247 1694 351 1751 esses,
376 1696 469 1755 quani
483 1678 725 1754 tortuosissima,
747 1679 872 1738 vellent:

127 1760 182 1822 Non
194 1778 265 1837 ego,
289 1769 319 1822 tc
335 1764 417 1824 lacta
432 1763 539 1838 divite,
562 1778 684 1839 pauper
699 1778 763 1823 ero.

98 1841 168 1904 Stella
181 1846 229 1907 tibi
244 1847 381 1923 oppositi
397 1848 503 1909 nocuit
517 1849 671 1908 contraria
684 1846 801 1907 Martis.

71 1931 93 1984 n
127 1928 195 1991 Mars
209 1932 290 1992 abiit.
317 1931 407 2008 signo
423 1948 503 1992 nnuc
518 1934 627 1993 Venus
644 1938 716 2008 apta
731 1947 798 1991 suo.

98 2010 172 2074 nost
188 2023 219 2075 ut
231 2016 417 2092 adveniens,
441 2032 480 2077 en
496 2016 617 2093 aspice,
642 2002 731 2076 ntis
746 2020 893 2135 amators

125 2099 158 2157 le
171 2100 268 2176 cupiit.
299 2117 406 2176 curae,
429 2102 505 2176 quid
520 2100 572 2162 tibi
588 2100 684 2176 desit,
707 2099 809 2160 habet.

98 2178 226 2245 lstetiam
243 2182 353 2260 lactes,
377 2202 459 2261 quae
475 2201 510 2246 se
524 2184 578 2246 tibi
593 2191 755 2261 conparet,
778 2185 839 2244 illiz

126 2265 151 2326 si
163 2274 189 2329 te
206 2285 267 2330 non
282 2277 415 2346 emptam
429 2271 536 2343 vellet,
559 2272 708 2331 enreudus
726 2270 814 2329 erat’

72 2348 206 2414 lilrubuit
234 2354 344 2416 'Decet
358 2354 429 2415 alba
444 2355 570 2430 quidem
584 2354 689 2430 pudor
703 2370 766 2416 ura.
799 2354 856 2413 sed
871 2353 946 2428 iste,

125 2435 150 2496 Si
161 2438 299 2511 simules,
321 2438 459 2514 prodest.
493 2454 583 2499 verns
600 2439 715 2513 obesse
730 2439 818 2499 solet.

98 2516 150 2578 lun
161 2523 234 2584 bene
250 2523 378 2584 deiectis
390 2523 539 2599 gremium
554 2524 705 2599 spectaris
723 2521 846 2597 ocellis,

126 2604 409 2706 Quanturngulsquc
424 2609 516 2684 ierat,
539 2607 756 2684 respiciendus
772 2607 838 2666 erit.

95 2683 203 2752 Forsitan
217 2694 399 2767 inmundae,
418 2693 503 2754 Tatio
519 2701 683 2769 regnante,
706 2691 840 2752 Sabinae

72 2772 92 2825 lt
125 2773 266 2837 Noluerint
279 2777 399 2838 habiles
415 2776 555 2854 pluribus
569 2792 641 2838 esse
657 2776 742 2837 viris.

96 2851 157 2918 lunc
168 2858 247 2923 Mars
263 2863 400 2923 externis
416 2861 536 2923 animos
552 2869 677 2922 exercet
695 2862 724 2921 in
742 2860 851 2921 armis:

123 2943 264 3008 atvertus
280 2949 409 3007 Aeneae
422 2953 530 3023 regnat
543 2946 575 3006 iu
591 2948 666 3007 urbe
681 2947 738 3007 sui.

98 3020 188 3089 ludunt
200 3030 367 3092 lonnosae.
400 3038 485 3092 casta
500 3038 563 3104 est,
589 3047 683 3107 quarn
696 3045 786 3093 nemo
801 3029 935 3104 rogavitz

122 3113 183 3186 Aut,
205 3115 232 3176 si
247 3116 403 3177 rusticitas
418 3133 481 3176 nou
497 3123 594 3192 vetat,
617 3116 688 3192 ipsa
702 3123 800 3190 rogat.

75 3186 141 3254 llas
153 3214 286 3276 quoque,
305 3217 383 3276 quas
399 3200 508 3262 ironiis
523 3217 618 3277 rugas
633 3201 664 3260 in
681 3201 798 3261 vertice
812 3204 934 3274 portas,

123 3276 230 3345 Excute
259 3286 300 3345 de
313 3284 399 3362 rugis
416 3285 543 3346 crinrina
558 3286 652 3346 nuta
666 3286 788 3345 cadent.

98 3355 217 3443 Penelope
232 3368 379 3431 iuvenum
394 3369 477 3430 vires
494 3369 661 3447 temptabat
674 3370 705 3429 iu
721 3385 810 3431 arana

124 3444 165 3520 lut
178 3452 257 3515 lalus
273 3460 430 3530 argueret,
456 3470 589 3516 corneus
606 3471 697 3516 arcus
713 3461 787 3515 erat.

99 3523 187 3596 latiur
201 3540 337 3613 occulte,
362 3539 499 3618 fallitque
516 3539 659 3600 volubilis
680 3547 782 3614 aetas,
