2467 4042
176 202 241 269 254
585 204 779 257 rasronuu

309 369 416 430 Sectus
438 367 561 429 humum
584 371 648 429 rivo
671 368 739 429 lene
762 371 894 429 sonantis
917 389 1035 450 aquae.

199 469 250 521 700
264 457 326 519 lllic
350 457 528 536 Tarquinius
553 457 687 517 mandata
710 458 830 518 latentia
853 461 914 519 uati

310 547 446 625 Accipit,
470 555 500 607 et
523 548 603 625 virga
627 545 686 606 lilia
710 563 824 606 summa
848 549 948 608 metit.

264 635 393 696 Nuntius
416 642 449 695 ut
472 634 582 712 rediit,
605 634 789 713 decussaque
812 632 870 694 lilia
894 635 985 717 dixit,

308 724 400 784 Filius
423 717 568 802 ‘agnosco
591 725 671 782 iussa
695 717 843 802 parentis'
867 725 926 784 ait.

263 812 324 873 Nec
348 829 429 872 mora
442 859 451 890 ‚
474 811 660 890 principibus
684 814 777 871 caesis
800 830 836 872 ex
860 811 934 873 urbe
959 812 1098 896 Gabina,

199 913 250 962 710
309 901 480 961 Traduntur
502 899 629 960 ducibus
653 902 767 960 moenia
790 900 876 960 uuda‘
892 903 972 963 suis.

263 988 341 1050 Ecce
354 1037 363 1068 ‚
387 990 469 1048 netas
492 991 580 1066 visu,
604 988 709 1048 mediis
733 988 873 1049 altaribus
897 992 1001 1066 anguis

307 1077 398 1156 Exit,
422 1086 451 1137 et
475 1078 612 1137 extinctis
636 1077 755 1156 ignibus
778 1086 844 1137 exta
868 1080 960 1155 rapit.

264 1165 435 1227 consulitur
459 1165 618 1226 Phoebus.
660 1183 726 1225 sors
749 1174 795 1226 est
817 1167 857 1225 ita
880 1165 1018 1247 reddita,
1046 1162 1159 1231 ‘matri

308 1254 365 1326 eri
388 1254 505 1315 dederit
526 1256 666 1333 princeps
690 1254 811 1334 oscula,
835 1255 928 1313 vietor
952 1249 1044 1316 erit?

198 1341 372 1404 mauseolo
395 1344 520 1421 quisque
544 1360 614 1403 suae
638 1345 725 1402 matri
748 1352 903 1421 properata
927 1342 1085 1423 tulerunt,

307 1430 372 1491 Non
396 1431 544 1491 intellecto
568 1429 688 1490 credula
712 1430 799 1490 turba
822 1430 894 1491 deo.

262 1518 374 1580 Brutus
397 1528 461 1580 erat
483 1518 566 1579 stulti
589 1521 707 1598 sapiens
730 1520 881 1598 imitator,
905 1527 938 1580 ut
960 1530 1045 1581 esset

307 1607 403 1668 Tutus
426 1607 463 1668 ab
487 1608 623 1687 insidiis,
647 1608 710 1667 dire
735 1606 892 1686 Superbe,
916 1609 992 1668 tuis.

263 1695 314 1757 llle
337 1699 437 1757 iacens
459 1714 573 1776 pronus
595 1698 682 1756 matri
706 1694 787 1756 dedit
810 1695 910 1756 oscula
932 1695 1066 1776 Terrae,

198 1795 249 1846 720
306 1785 444 1846 Creditus
467 1786 579 1845 olleoso
602 1783 798 1864 procubuisse
821 1783 912 1864 pede.

263 1872 397 1951 Cingitur
420 1876 533 1934 interea
557 1872 696 1933 Romanis
719 1872 813 1933 llrdea
837 1874 946 1951 signis,

308 1960 346 2021 Et
368 1964 479 2041 patitur
502 1961 596 2021 lentas
620 1960 772 2021 obsidione
796 1979 909 2022 moras.

262 2049 337 2110 llum
362 2058 465 2131 vacat,
489 2059 519 2111 et
541 2057 679 2110 metuunt
700 2049 801 2110 hostes
825 2050 1009 2109 committere
1034 2069 1171 2134 pugnam

308 2137 433 2199 larditur
456 2142 486 2198 iu
511 2141 638 2216 castris,
661 2139 720 2197 otia
744 2138 827 2198 mites
851 2140 926 2216 agit.

198 2236 249 2287 720
263 2226 443 2305 Tarquinius
465 2228 580 2288 iuvenis
604 2228 700 2286 socios
724 2225 907 2305 dapibusque
930 2242 1079 2307 meroque

307 2317 443 2394 Accipit.
484 2334 518 2374 ex
543 2314 601 2374 illis
624 2332 694 2393 rege
718 2325 835 2376 creatus
859 2318 917 2375 ait:

264 2399 353 2464 ‘Ilum
378 2422 433 2464 nos
456 2402 584 2463 dillicilis
607 2405 691 2482 pigro
715 2411 798 2463 tenet
820 2402 914 2463 Ardea
938 2401 1040 2484 bello,

306 2493 367 2554 Nec
391 2494 461 2553 sinit
484 2492 518 2552 ad
543 2495 654 2571 patrios
678 2509 757 2552 arma
781 2493 894 2552 reterre
917 2491 1007 2569 deos,

262 2580 376 2660 Ecquid
400 2584 430 2642 iu
455 2582 551 2641 olticio
574 2590 659 2664 torus
682 2589 728 2640 est
751 2577 898 2640 socialis?
930 2588 960 2640 et
983 2581 1095 2661 ecquid

197 2682 248 2733 730
307 2669 488 2748 Coniugibus
512 2672 622 2729 nostris
646 2677 747 2729 mittun
771 2687 842 2730 cura
866 2663 1010 2729 sumus‘l’

263 2759 394 2837 Quisque
418 2776 501 2818 suam
526 2758 645 2818 laudat.
687 2758 793 2817 studiis
816 2760 977 2818 certamina
1001 2770 1166 2839 crescunt,

306 2847 344 2908 Et
367 2848 482 2907 servent
506 2847 597 2907 multo
621 2845 779 2925 linguaque
803 2864 913 2925 corque
937 2863 1039 2908 mero.

263 2935 386 3015 Surgit,
410 2937 459 2996 cui
481 2934 602 2995 dederat
626 2934 738 2995 clarum
761 2934 880 2995 Collatia
906 2952 1032 2995 nomen:

307 3020 388 3084 ‘Non
412 3042 486 3102 opus
509 3032 555 3084 est
579 3023 699 3102 verbis,
723 3022 834 3084 credite
858 3022 947 3084 rebus
962 3016 985 3083 t’
1010 3023 1072 3084 ait.

197 3125 248 3175 730
263 3108 342 3174 ‘Nox
367 3120 524 3193 superest.
567 3112 704 3173 tollamur
728 3114 835 3192 equis,
860 3109 1028 3190 Urbemque

810 3196 976 3280 petamusl’

307 3290 388 3351 Dicta
411 3289 549 3370 placent,
572 3290 666 3350 frenis
689 3291 882 3368 inpediuntur
904 3291 989 3368 equi.

262 3378 629 3438 Pertulerautdomiuos.
672 3378 778 3456 regalia
802 3380 937 3457 protinus
960 3376 1002 3436 illi

306 3465 395 3525 Tecta
419 3474 546 3542 petunt:
578 3475 679 3526 custos
702 3468 733 3525 in
756 3467 820 3526 lore
843 3466 942 3526 nullus
965 3472 1047 3527 erata

262 3552 338 3612 Ecce
364 3570 457 3611 uiuus
480 3554 558 3629 regis
582 3553 657 3613 fusis
679 3571 733 3631 per
758 3553 830 3613 colla
854 3555 971 3614 coronis

1179 2102 1186 2133 l
