2467 4042
330 277 395 337 ΧΗ.
417 276 580 336 MEDEA
602 277 663 338 113
676 312 713 327 ψ
728 278 799 341 188.
1022 278 1078 346 tlt

130 430 228 490 ‘Hinc
240 429 331 504 mihi,
350 436 462 504 mater,
480 428 545 488 abit
566 445 713 506 pompam
728 436 826 507 pater
843 433 940 509 inquit
955 437 1059 497 ‘lason

175 514 284 588 Ducit,
307 519 340 575 et
354 513 517 573 adiunctos
531 528 644 574 aureus
660 524 771 590 urguet
785 520 910 591 equos’

132 598 277 659 Protinus
291 596 436 658 abscissa
450 598 556 672 planxi
569 614 639 657 moa
653 606 781 674 pectora
795 609 891 673 veste,

176 681 255 743 Tuta
268 697 329 742 nec
345 699 365 742 a
379 680 483 757 digitis
498 698 554 743 ora
567 683 654 742 luere
668 684 754 746 meis.

61 779 117 832 155
132 763 181 827 Ire
196 767 319 827 animus
334 767 456 826 mediae
471 765 623 827 suadebat
637 767 667 826 in
683 768 806 843 agmina
819 769 935 843 turbae,
978 774 981 783 '

177 850 331 926 Sertaque
347 851 530 926 compositis
544 850 668 911 demere
683 859 772 928 rapta
787 855 893 916 comis.
910 892 913 901 ‚

131 936 197 997 Vix
215 950 262 995 me
277 935 431 1010 continui,
455 935 528 1009 quin
544 935 589 995 sic
604 935 718 996 laniata
732 937 863 1013 capillos

176 1020 348 1082 Clamarem
363 1024 464 1080 ‘meus
479 1021 539 1080 est’
554 1019 762 1097 iniceremque
776 1037 896 1084 manus.

131 1106 233 1167 Laese
248 1110 339 1180 pater
351 1103 463 1180 gaude.
499 1103 605 1164 colchi
620 1106 753 1179 gaudete
766 1107 872 1169 relicti.

60 1198 116 1252 160
171 1188 305 1250 Interius
317 1188 445 1251 umbrae
462 1188 563 1249 trabis
578 1187 690 1250 habete
704 1191 775 1250 mei.

131 1275 285 1348 Deseror,
308 1272 434 1334 amissis
448 1288 545 1348 regno
563 1274 727 1350 patriaque
742 1275 908 1352 domoque,
956 1308 958 1319 ·

178 1358 330 1432 Coniuge,
352 1357 405 1431 qui
419 1356 511 1418 nobis
526 1357 629 1418 omnia
644 1359 733 1420 solus
747 1366 823 1419 erat.

132 1442 303 1517 Serpentes
316 1440 411 1516 igitur
424 1441 510 1517 potui
525 1449 696 1518 taurosque
709 1443 853 1517 iurantes,

174 1525 276 1586 Unum
291 1536 354 1587 aon
370 1525 457 1600 potui
472 1527 688 1602 perdomuisse
704 1527 815 1590 virum·

61 1619 118 1675 165
130 1611 281 1686 Quaeque
296 1610 382 1670 leros
398 1608 503 1686 pepuli
518 1611 618 1671 doctis
634 1611 837 1677 medicatibus
853 1614 950 1689 ignes,

173 1695 244 1755 Non
258 1695 350 1755 valeo
364 1692 507 1754 flammas
520 1694 658 1772 effugere
672 1696 744 1772 ipsa
757 1712 852 1757 meas.

130 1779 199 1855 lpsi
212 1794 262 1839 me
276 1785 386 1840 cantus
401 1777 579 1854 herbaeque
592 1786 739 1857 artesque
754 1781 913 1845 relincunt.

172 1863 221 1923 Nil
239 1863 315 1936 dea,
337 1862 381 1924 nil
396 1863 528 1924 Hecates
542 1880 635 1927 sacra
649 1865 783 1941 potentis
798 1874 902 1942 agunt

130 1948 201 2007 Non
215 1946 288 2007 mihi
301 1953 390 2022 grata
405 1948 483 2008 dies.
504 1956 614 2009 noctes
630 1948 794 2025 vigilantur
808 1966 940 2026 amarae,

66 2039 119 2096 tto
172 2032 238 2091 Nec
252 2038 340 2092 tener
352 2031 384 2092 in
397 2031 511 2094 misero
527 2039 655 2109 pectore
668 2050 798 2096 somnus
811 2033 912 2095 habet.

130 2116 218 2192 Quae
231 2131 281 2176 me
296 2124 360 2176 non
374 2131 518 2192 possum,
530 2119 626 2193 potui
639 2119 745 2195 sopire
760 2119 937 2180 draconem.

171 2199 283 2261 Utilior
297 2199 396 2261 cuivis
412 2217 504 2276 quam
520 2202 594 2262 muri
609 2217 683 2263 cura
697 2219 766 2264 maa
781 2210 838 2264 est.

131 2285 219 2360 Quos
234 2300 293 2360 ego
308 2285 449 2357 servavi,
470 2287 563 2362 pelex
576 2287 769 2363 amplectitur
783 2295 878 2360 artus,

172 2369 212 2430 Et
224 2369 325 2430 noari
340 2370 456 2431 tructus
473 2371 526 2431 illa
540 2369 655 2432 laboris
670 2372 771 2434 habet.

66 2461 117 2517 tls
126 2452 269 2515 Forsitan
284 2460 329 2528 et,
351 2455 463 2515 stultae
478 2455 551 2515 dum
565 2462 596 2516 te
609 2454 724 2517 iactare
738 2456 864 2516 maritae

174 2538 304 2613 Quaeris
319 2544 350 2599 et
364 2538 487 2600 iniustis
504 2539 627 2601 auribus
643 2548 715 2617 apta
732 2541 828 2616 loqui,

129 2623 164 2683 ln
181 2623 291 2684 taciem
306 2639 472 2700 moresque
487 2639 574 2685 meos
589 2641 673 2687 nova
688 2625 814 2686 crimina
828 2624 938 2699 fingas.

172 2707 286 2769 Rideat
298 2716 330 2768 et
344 2707 427 2769 vitiis
442 2708 522 2769 laeta
537 2710 576 2770 sit
589 2709 642 2771 illa
656 2710 742 2770 meis.

129 2791 257 2866 Rideat,
283 2800 314 2853 et
327 2793 421 2872 Tyrio
438 2793 538 2854 iaceat
550 2793 693 2855 sublimis
708 2794 737 2854 in
754 2800 855 2855 ostrea
913 2818 917 2831 ·

69 2885 117 2938 1111
171 2875 285 2952 Flebit,
307 2884 338 2937 et
352 2877 480 2939 ardores
496 2879 598 2939 vincet
611 2879 724 2941 adusta
738 2884 841 2939 meost

127 2960 209 3022 Dum
224 2962 340 3022 terrum
355 2960 561 3038 flammaeque
575 2963 705 3024 aderunt
718 2977 877 3049 saeuaqqe
894 2961 1015 3036 veneni,

172 3045 281 3106 Hostis
294 3045 425 3107 Medeae
439 3047 540 3108 nubas
555 3048 670 3109 inultus
688 3047 755 3108 erit.
888 3100 892 3106 .

128 3130 221 3206 Quod
235 3128 264 3192 si
278 3131 359 3192 torte
375 3144 485 3207 preces
502 3132 685 3207 praecordia
699 3131 800 3201 terrea
811 3138 947 3208 ungunt,

171 3214 260 3276 Nunc
273 3213 386 3276 animis
400 3215 473 3277 audi
487 3217 583 3277 verba
596 3218 717 3277 minora
734 3216 821 3277 meis,

69 3306 116 3362 185
125 3298 203 3359 lam
216 3298 272 3362 tibi
287 3314 357 3361 sum
371 3301 520 3376 supplex,
544 3317 636 3375 quam
650 3307 683 3362 tu
696 3299 769 3361 mibi
785 3317 881 3377 saepe
896 3299 996 3363 inistis

171 3384 235 3444 Nec
252 3400 358 3446 moror
371 3392 443 3446 ante
459 3392 531 3446 tuos
546 3384 756 3460 procubuisse
769 3385 878 3461 pedes.

128 3468 163 3530 Si
177 3467 232 3530 ubi
246 3486 316 3529 sum
333 3469 418 3546 vilis,
441 3468 613 3533 communis
627 3468 752 3546 respice
764 3478 870 3531 natosz

174 3551 299 3615 Saeviet
313 3552 344 3614 in
359 3561 467 3630 partus
482 3554 549 3616 dira
564 3570 699 3618 noverea
713 3570 809 3617 meos.
