2467 4042
294 191 422 258 152
679 209 874 246 scau
1120 188 1448 245 mmm
1461 229 1480 249 .

467 355 724 419 Victoris
769 354 984 436 placidi
1029 355 1174 417 fecit
1217 353 1529 417 clementia
1576 355 1776 418 multis
1795 403 1810 417 .

468 444 629 507 Iusta
674 445 830 524 gerit
876 450 1041 505 certe
1084 460 1196 524 pro
1243 450 1381 506 nato
1425 443 1579 505 bella
1620 453 1931 526 perempto
1949 493 1969 527 ‚

467 532 545 594 Et
590 549 886 611 causaque
930 531 1085 592 valet
1128 549 1485 611 causamque
1531 532 1837 594 tuentibus
1883 537 2099 596 armis:

380 634 448 684 60
475 621 555 683 Ut
596 628 743 701 puto
767 668 787 703 ‚
831 622 1140 682 vincemur
1167 667 1181 681 .
1240 620 1343 700 qui
1387 622 1440 680 si
1484 629 1683 682 manet
1727 623 1922 683 exitus
1968 623 2188 684 urbem
2209 671 2232 705 ,

431 726 446 740 ·
468 708 590 771 Cur
636 725 781 770 suus
826 708 972 770 haec
1007 707 1093 769 illi
1139 715 1370 770 reseret
1413 726 1545 770 mea
1590 711 1822 773 moenia
1866 709 2099 772 Mavors

468 797 547 859 Et
589 814 710 859 non
755 802 960 858 noster
1006 813 1171 857 amor
1197 791 1233 857 ⁴?
1277 796 1491 858 melius
1538 799 1666 858 sine
1712 797 1891 860 caede
1941 816 2240 879 moraque

467 886 838 966 lnpensaque
884 885 979 945 sui
1022 885 1246 964 poterit
1289 902 1573 964 superare
1620 888 1853 947 cruoris
1872 933 1887 949 .

468 973 601 1035 Non
646 981 906 1036 metuam
952 980 1117 1034 certe
1143 1020 1162 1054 ,
1209 989 1285 1033 ne
1333 974 1467 1052 quis
1513 981 1616 1035 tua
1659 981 1903 1054 pectora
1929 1023 1949 1057 ,
1993 974 2191 1038 Minos
2216 1025 2239 1059 ,

374 1074 441 1125 65
468 1061 754 1124 Vulneret
797 1060 1126 1141 inprudens
1154 1108 1168 1122 .
1224 1061 1358 1140 quis
1405 1063 1565 1122 enim
1608 1069 1730 1123 tam
1776 1062 1943 1125 dirus
1970 1111 1989 1145 ,
2034 1071 2106 1125 ut
2146 1067 2219 1126 in
2270 1073 2335 1126 te

468 1150 737 1230 Dirigere
781 1151 1051 1210 inmitem
1095 1165 1216 1210 non
1261 1150 1487 1211 inscius
1531 1150 1745 1212 audeat
1786 1151 2018 1212 hastam
2033 1148 2096 1213 P

472 1238 695 1318 Coepta
736 1237 974 1318 placent
1020 1244 1081 1298 et
1125 1244 1243 1298 stat
1289 1239 1583 1299 sententia
1627 1238 1864 1300 tradere
1911 1257 2123 1302 secum

468 1325 734 1388 Dotalem
779 1327 1029 1406 patriam
1074 1325 1371 1404 finemque
1418 1328 1706 1405 inponere
1749 1325 1907 1388 bello
1925 1375 1942 1389 .

468 1413 687 1475 Verum
731 1413 879 1476 velle
923 1430 1136 1494 parum
1182 1421 1316 1475 est.
1373 1409 1591 1475 ‘aditus
1636 1414 1906 1478 custodia
1953 1423 2187 1479 servatt

376 1516 445 1568 ‘10
473 1503 859 1582 Claustraque
904 1509 1215 1582 portarum
1242 1504 1476 1580 genitor
1513 1510 1720 1565 tenet.
1776 1503 1937 1566 hunc
1985 1523 2098 1584 ego
2128 1505 2331 1567 solum

468 1590 678 1653 Infelix
723 1593 905 1652 timeo
930 1637 950 1672 ‚
996 1588 1159 1651 solus
1203 1607 1333 1651 mea
1380 1597 1514 1652 vota
1558 1599 1826 1653 moratur
1844 1640 1860 1654 .

467 1680 539 1742 Di
584 1680 851 1741 facerent
872 1726 891 1760 ,
937 1679 1066 1738 sine
1111 1685 1279 1758 patre
1326 1677 1560 1740 sorem!
1607 1678 2016 1759 sibiquisque
2042 1683 2325 1762 profecto

467 1767 578 1829 Est
621 1766 770 1830 deus
797 1813 813 1827 .
867 1767 1092 1846 ignavis
1137 1764 1417 1846 precibus
1463 1766 1727 1829 Fortuna
1771 1778 2103 1849 repugnat.

468 1855 666 1918 Altera
711 1853 1037 1916 landudum
1082 1872 1369 1916 succensa
1416 1855 1693 1935 cupidine
1739 1863 1902 1918 tanto

373 1943 730 2020 '154Perdere
776 1942 1104 2023 gauderet,
1152 1942 1568 2022 quodcumque
1615 1942 1878 2006 obstaret
1922 1949 2116 2008 amori
2134 1994 2150 2008 .

468 2033 547 2094 Et
591 2050 700 2093 cur
743 2030 866 2093 ulla
910 2031 1067 2092 foret
1110 2048 1205 2091 me
1254 2031 1465 2108 fortior
1491 2028 1526 2092 ⁴?
1569 2033 1660 2092 ire
1705 2051 1816 2112 per
1859 2035 2029 2112 ignes

468 2121 546 2182 Et
589 2118 814 2200 gladios
859 2120 1052 2180 ausim
1078 2166 1093 2180 .
1148 2136 1262 2180 nec
1307 2120 1368 2179 in
1413 2119 1528 2180 hoc
1572 2127 1770 2181 tamen
1815 2120 2054 2202 ignibus
2101 2123 2241 2184 ullis

468 2210 587 2271 Aut
630 2206 839 2288 gladiis
884 2224 1035 2287 opus
1081 2213 1175 2267 est
1200 2253 1215 2268 .
1270 2224 1422 2287 opus
1485 2215 1577 2269 est
1620 2208 1766 2270 mihi
1819 2211 1982 2271 crine
2030 2218 2284 2291 paterno
2304 2256 2318 2271 .

473 2297 577 2357 llla
620 2295 767 2357 mihi
812 2302 906 2356 est
949 2311 1094 2355 auro
1131 2297 1452 2375 pretiosior
1475 2344 1495 2377 ‚
1539 2295 1637 2357 illa
1682 2295 1913 2359 beatam

378 2400 442 2444 flu
474 2388 744 2465 Purpura
788 2401 884 2445 me
930 2385 1169 2462 votique
1215 2385 1333 2444 mei
1378 2384 1606 2446 factura
1649 2393 1952 2464 potentem
1969 2379 2013 2447 .’

562 2471 722 2534 Talia
767 2471 992 2533 dicenti
1036 2488 1316 2532 curarum
1360 2474 1612 2534 maxima
1658 2477 1860 2536 nutrix

474 2564 601 2623 Nux
645 2561 1011 2640 intervenit3
1055 2558 1440 2640 tenebrisque
1487 2560 1728 2624 audacia
1774 2565 1961 2624 crevit
1978 2610 1993 2625 .

478 2652 670 2712 Prima
716 2652 887 2728 quies
933 2647 1138 2709 aderat
1160 2696 1180 2729 ‚
1227 2665 1344 2728 qua
1390 2652 1553 2711 curis
1597 2650 1754 2712 sessa
1798 2651 2029 2712 diurnis

478 2740 723 2800 Pectora
768 2754 1014 2798 somnus
1068 2735 1247 2798 habet
1273 2784 1288 2798 .
1344 2737 1632 2799 thalamos
1687 2742 1980 2801 taciturna
2033 2748 2313 2821 paternos

378 2844 442 2888 35
478 2832 664 2888 intrat
686 2873 705 2909 ‚
751 2833 813 2887 et
836 2872 855 2906 ,
900 2825 1018 2886 beu
1065 2823 1337 2886 facinus!
1384 2826 1545 2888 fatali
1589 2834 1726 2888 nata
1769 2836 2078 2908 parentem

478 2916 650 2976 Crine
696 2931 871 2975 suum
918 2912 1132 2993 spoliat
1154 2961 1173 2995 ,
1217 2913 1554 2994 praedaque
1600 2918 1790 2994 potita
1833 2916 2086 2978 nefanda

382 3020 446 3068 25⁴,ss
482 3004 594 3064 Per
638 3002 866 3065 medios
911 3001 1114 3062 hostes
1161 3033 1247 3046 -—
1294 3005 1493 3064 meriti
1537 3003 1751 3065 fiducia
1795 3012 1959 3066 tanta
2002 3014 2095 3066 est
2141 3039 2230 3051 -

478 3093 753 3152 Pervenit
797 3090 868 3152 ad
915 3108 1117 3170 regem
1146 3139 1161 3152 .
1217 3109 1397 3170 quem
1441 3093 1528 3152 sic
1575 3093 1744 3153 affata
1789 3102 2100 3173 paventem
2148 3105 2276 3157 est:

382 3200 446 3244 sn
482 3180 702 3246 *Suasit
748 3197 912 3241 amor
959 3179 1187 3240 facinus
1218 3226 1231 3240 .
1288 3179 1487 3258 proles
1533 3198 1642 3260 ego
1689 3183 1851 3262 regia
1893 3181 2023 3242 Nisi

478 3267 667 3349 Seylla
713 3267 821 3329 tibi
866 3268 1036 3330 trado
1081 3270 1425 3348 patriaeque
1472 3286 1757 3348 meosque
1803 3277 2083 3351 penates.

478 3358 743 3420 Praemia
789 3355 951 3418 nulla
996 3366 1135 3437 peto
1161 3403 1181 3438 ,
1225 3358 1343 3418 nisi
1387 3365 1447 3419 te
1476 3404 1492 3418 .
1548 3375 1693 3439 cape
1739 3361 1954 3440 pignus
2001 3362 2223 3422 amoris

478 3448 854 3526 Purpureum
901 3447 1128 3507 crinem
1153 3493 1173 3527 ,
1217 3464 1331 3507 nec
1376 3464 1472 3507 me
1519 3465 1680 3508 nunc
1728 3447 1962 3510 tradere
2011 3451 2276 3531 crinem,

482 3534 595 3596 Sed
638 3535 900 3614 patrium
944 3533 1055 3596 tibi
1102 3535 1280 3597 crede
1329 3530 1527 3616 caput'
1575 3536 1979 3617 scelerataque
2026 3535 2232 3598 dextra
