2467 4042
634 422 695 498 VI.

249 567 296 628 Tu
319 584 461 648 quoquo,
483 573 654 628 nostrarum
678 563 825 645 quondam
848 563 955 626 fiducia
978 584 1100 648 rerum,

251 655 310 727 Qui
332 655 405 717 mibi
427 655 621 736 coniugium,
644 656 696 733 qui
717 653 792 713 mihi
813 660 918 733 portus
940 671 1025 735 eras,

250 744 296 804 'lu
320 762 444 823 quoque
462 743 594 821 suscepti
616 759 719 802 euram
741 741 865 802 dimittis
888 744 992 822 amini,

251 831 409 912 Oifioiiquo
431 832 513 911 pium
536 839 596 890 tam
620 832 679 891 cito
701 832 789 908 ponis
812 825 913 890 onus?

221 920 373 981 tSarcina
397 936 491 1000 sum,
513 920 630 997 fateor,
653 935 741 997 quam
764 919 790 977 si
812 926 846 978 tu
868 925 1003 997 tempore
1026 917 1103 978 duro

251 1008 447 1088 Depositnms
470 1024 558 1086 eras,
582 1024 642 1066 non
665 1004 821 1067 subeunda
843 1005 917 1067 luit.

250 1094 406 1157 Fluctibus
427 1098 459 1156 in
482 1093 588 1155 mediis
610 1111 736 1175 narem,
758 1092 920 1173 Palinure,
942 1089 1117 1172 relinquis?

252 1183 296 1246 Ne
320 1185 412 1264 iuge,
434 1201 508 1243 neve
531 1190 582 1243 tua
605 1184 645 1242 sit
667 1184 765 1242 minor
787 1188 851 1242 arte
873 1180 965 1242 tides!

251 1271 401 1351 Numquid
424 1269 573 1332 Aebilleos
594 1271 674 1330 inter
697 1269 760 1330 iera
782 1268 893 1349 proelia
916 1268 967 1329 lidi

204 1372 238 1422 10
261 1360 399 1423 Deseruit
420 1359 524 1420 levitas
546 1358 772 1419 Automedontis
795 1354 914 1438 equos?

252 1448 347 1519 Quem
370 1447 462 1508 semel
477 1448 623 1527 excepit,
646 1462 806 1524 numquam
829 1444 995 1506 Podalirius
1018 1463 1107 1525 aegro

251 1537 432 1598 Promissam
454 1535 585 1596 medicae
609 1552 669 1595 non
691 1533 760 1595 tulit
783 1536 856 1595 artis
879 1551 984 1612 opem.

252 1625 384 1705 Turpius
406 1626 532 1704 eicitur,
557 1641 645 1702 quam
667 1640 727 1683 nou
750 1622 914 1684 admittitur
936 1621 1062 1703 hospes3

253 1712 335 1784 Quae
357 1715 474 1793 patuit,
497 1710 618 1772 dextrae
642 1712 727 1771 firma
749 1713 789 1771 sit
811 1728 861 1770 ara
882 1727 984 1771 meae.

206 1813 238 1863 15
252 1801 300 1862 Nil
322 1802 450 1862 nisime
474 1798 571 1860 solum
593 1800 690 1878 primo
712 1806 826 1860 tutatus
850 1815 904 1879 es3
928 1804 958 1857 at
980 1814 1058 1859 nunu

252 1890 299 1950 lle
321 1891 433 1968 pariter
456 1906 540 1949 serra
563 1887 766 1966 indiciumque
788 1894 892 1969 tuum,

255 1977 286 2037 Si
309 1977 396 2037 modo
419 1995 479 2037 non
503 1976 599 2056 aliqua
623 1984 670 2036 est
691 1978 723 2035 in
740 1993 788 2036 me
807 1992 881 2035 nora
904 1973 1007 2055 culpa,
1029 1981 1177 2053 tuamque

252 2065 406 2126 llntarunt
429 2063 527 2126 subito
550 2066 675 2125 crimina
697 2072 800 2124 nostra
821 2063 927 2123 fidem.

255 2153 384 2233 Spiritus
402 2152 469 2234 bic,
492 2152 629 2232 Scythica
648 2170 736 2231 quem
754 2169 815 2212 non
832 2149 909 2211 bene
928 2150 1063 2211 ducimus
1080 2166 1181 2231 aura,

205 2254 239 2303 20
254 2241 338 2313 Quod
362 2242 472 2320 cupio,
494 2240 636 2302 membris
660 2248 745 2300 exeat
767 2246 835 2300 ante
859 2240 950 2318 meis,

254 2329 348 2400 Quam
367 2339 422 2391 tua
444 2327 552 2390 delicto
576 2330 762 2406 stringantur
784 2334 905 2406 pectora
927 2332 1046 2403 nostro,

253 2417 292 2479 Et
313 2417 414 2478 videar
437 2421 544 2479 merito
566 2417 653 2477 vilior
676 2433 742 2477 esse
764 2415 836 2477 tibi.

253 2506 320 2567 Non
342 2506 415 2567 adeo
439 2508 495 2567 toti
517 2505 585 2566 latis
607 2522 771 2584 urguemur
792 2505 922 2585 iniquis,

254 2593 294 2655 Ut
315 2611 381 2655 mea
404 2595 444 2655 sit
465 2592 561 2673 longis
584 2611 669 2655 mens
692 2610 812 2671 quoque
835 2599 914 2652 mota
937 2590 1036 2651 malis.

207 2694 241 2744 ab
254 2682 347 2761 Finge
370 2689 624 2762 tamenmotam,
647 2683 785 2760 quotiens
808 2681 1024 2760 Agamemnone
1047 2683 1163 2739 natum

254 2770 369 2831 Dixisse
392 2773 424 2830 in
447 2769 576 2849 Pyladen
598 2768 733 2849 improba
756 2768 845 2829 verba
867 2763 978 2847 putas?

255 2858 317 2919 Neo
340 2857 444 2937 procul
468 2876 484 2917 a
507 2876 578 2918 vero
602 2866 670 2938 est,
694 2860 767 2936 quin
790 2864 821 2918 et
842 2856 969 2936 pulsarit
991 2855 1151 2919 amioumt

255 2947 363 3008 Mansit
384 2947 416 3006 in
439 2947 545 3007 oldoiis
568 2964 628 3007 non
650 2949 750 3007 minus
773 2944 822 3006 ille
845 2946 925 3006 suis.

255 3034 319 3096 lloo
342 3042 388 3095 est
410 3052 479 3095 oum
500 3036 619 3095 miseris
641 3034 738 3095 solum
760 3050 917 3094 commune
940 3031 1050 3110 beatis,

210 3134 245 3186 ab
258 3121 411 3184 Ambobus
433 3121 526 3184 tribui
549 3121 628 3202 quod
652 3122 727 3183 solet
749 3121 943 3201 obsequium:

256 3210 379 3273 deditur
402 3219 432 3272 ot
454 3214 550 3272 caecis
574 3218 604 3272 et
627 3228 702 3291 quos
724 3217 877 3290 praetexta
899 3206 1044 3269 verendos

192 3359 202 3376 ‚
256 3298 402 3379 virgaque
426 3317 494 3359 oum
517 3298 615 3359 verbis
639 3300 797 3378 imperiosa
820 3298 907 3358 lacit.

258 3386 291 3447 Si
312 3388 385 3448 mibi
407 3405 467 3447 non
490 3389 610 3467 parcis,
633 3388 770 3447 fortunae
793 3403 916 3466 parcere
940 3382 1050 3445 debes:

256 3472 322 3534 Non
344 3473 434 3534 babet
456 3477 487 3534 in
510 3473 595 3535 nobis
617 3473 707 3536 ullius
730 3477 774 3535 ira
796 3473 912 3534 locum.

208 3570 243 3620 as
256 3558 339 3639 Elige
363 3569 533 3622 nostrorum
557 3563 711 3622 minimum
734 3563 948 3639 minimumque
971 3557 1154 3625 malorum:
