2467 4042
181 236 243 299 112
590 234 778 286 1011101110

219 399 314 462 eolre
338 399 421 460 iubet
442 398 565 477 Pylades
588 415 691 458 carum
713 400 867 477 periturus
890 397 1038 458 Oresten:

311 488 366 548 llic
389 496 495 565 negat:
527 489 618 564 inque
642 488 722 545 vices
744 492 857 564 pugnat
880 493 1008 563 uterque
1031 490 1138 548 mori.

268 576 373 637 Extitit
394 574 452 634 boc
474 592 590 653 unum,
614 591 673 652 quo
696 591 756 633 non
780 575 953 634 convenerit
973 572 1061 633 illis:
1158 590 1202 640 (aa)

312 664 418 724 Cetera
440 680 494 741 par
517 679 643 722 concors
666 669 697 721 et
718 664 784 721 sine
807 661 859 721 lite
883 662 956 721 luit.

267 753 344 813 llum
366 758 513 830 peragunt
534 752 657 810 iuvenes
680 748 797 827 pulchri
820 757 970 809 certamen
994 754 1134 832 amoris,

221 854 256 902 00
314 840 357 900 Ad
380 840 504 899 11011010
526 840 653 916 00110100
676 844 778 897 exarat
799 836 848 898 ille
871 845 974 897 notas.

268 928 311 989 tu
335 929 457 988 fratrem
482 926 615 986 mandata
639 925 744 986 dabatz
776 928 884 1003 cuique
907 925 957 984 illa
979 924 1160 1009 dabantur,

314 1015 466 1075 Humanos
489 1032 576 1074 casus
599 1011 720 1093 0001001
743 1014 836 1073 110101
859 1021 940 1074 0101.

268 1103 330 1165 1100
353 1120 457 1181 01010,
480 1102 517 1162 de
540 1102 650 1180 templo
673 1103 794 1180 rapiunt
817 1100 973 1161 simulacra
997 1102 1137 1184 Dianae,

314 1192 454 1269 illamque
477 1208 532 1269 per
554 1193 704 1249 inmensas
727 1207 827 1268 puppe
849 1190 987 1250 feruntur
1010 1207 1132 1268 aquas.

223 1293 257 1342 95
272 1280 366 1342 Mirus
389 1296 471 1339 amor
493 1281 656 1356 iuvenum,
680 1280 813 1356 quamvis
835 1276 935 1337 abiere
959 1285 1004 1338 tot
1026 1282 1124 1354 anui,

314 1367 348 1428 ln
372 1366 491 1446 Scythia
515 1384 654 1444 magnum
681 1383 761 1425 nunc
789 1383 908 1444 quoque
938 1383 1050 1426 nomen
1076 1367 1176 1430 babet
1185 1363 1204 1429 .’

270 1455 380 1517 Fabula
403 1463 520 1515 narrata
544 1463 590 1514 est
611 1462 768 1533 postquam
792 1453 921 1531 vulgaris
943 1453 978 1513 ab
1003 1454 1078 1536 illo,

316 1543 487 1604 Laudarunt
510 1560 613 1602 omnes
636 1542 713 1602 facta
735 1544 874 1620 piamque
897 1540 1003 1601 fidem.

273 1632 392 1693 Scilicet
414 1630 469 1691 1100
493 1633 603 1709 etiam,
626 1648 684 1708 qua
707 1630 787 1689 nulla
810 1629 939 1689 ferocior
962 1647 1014 1688 ora
1037 1640 1111 1712 est,

208 1734 258 1782 100
316 1719 430 1781 Nomen
453 1721 598 1779 amicitiae
621 1717 746 1778 barbara
770 1717 859 1777 corda
881 1726 996 1777 movet.

273 1809 349 1879 Quid
373 1808 470 1868 iacere
494 1808 624 1867 Ausonia
646 1807 739 1885 geniti
761 1804 876 1865 debetis
899 1807 931 1864 10
955 1804 1054 1884 Urbe,

317 1896 391 1956 Cum
415 1903 536 1973 tangant
557 1895 639 1954 diros
662 1892 729 1953 10110
752 1893 829 1953 10010
851 1889 966 1953 Getas?

273 1983 376 2061 Adde,
400 1983 478 2062 quod
502 1991 549 2043 est
571 1984 688 2042 animus
711 1999 830 2060 semper
851 1981 907 2041 tibi
928 1982 1033 2060 mitis,
1067 1990 1104 2044 et
1129 1985 1206 2046 altae

317 2070 463 2132 Iudicium
486 2088 585 2130 mores
607 2069 769 2129 nobilitatis
791 2068 918 2144 habent,

209 2173 259 2224 too
274 2159 355 2230 Quos
379 2159 502 2219 Volesus
524 2161 613 2238 patrii
637 2166 795 2235 cognoscat
817 2159 945 2217 nominis
967 2164 1098 2239 auctor,

319 2247 401 2319 Quos
423 2247 518 2307 Numa
541 2254 694 2307 maternus
717 2263 776 2305 non
800 2252 888 2323 neget
911 2262 977 2305 esse
1001 2262 1099 2326 suos,

275 2336 447 2414 adiectique
471 2334 754 2414 probentgcnetiva
778 2331 814 2392 ad
837 2334 956 2392 nomina
977 2331 1110 2415 Cottae,

320 2423 352 2484 Si
374 2431 407 2484 tu
430 2441 489 2483 non
513 2441 616 2501 esses,
640 2423 798 2481 interitura
821 2419 943 2481 domus.

204 2532 209 2542 ·
274 2513 367 2590 Digne
389 2514 435 2572 vir
457 2510 511 2571 bac
535 2513 635 2589 serie,
658 2509 742 2594 lapso
763 2526 940 2569 succurrere
963 2510 1062 2569 amico
1164 2526 1206 2579 (00

210 2613 260 2664 110
319 2599 503 2661 Conveniens
526 2600 592 2659 istis
615 2597 748 2657 moribus
771 2614 838 2657 esse
860 2595 949 2676 00101

659 2791 722 2865 itt

277 2952 309 3013 Si
331 2959 415 3013 vacat
438 2954 576 3029 exiguum
599 2950 726 3030 profugo
750 2948 819 3009 darc
843 2956 962 3026 tempus
984 2949 1107 3025 amico,

320 3040 345 3101 0
369 3041 451 3100 sidus
475 3038 603 3118 Fabiae,
627 3036 773 3117 Maxime,
797 3039 917 3115 gentis,
939 3035 1027 3115 ades,

275 3129 350 3189 Dum
374 3128 429 3188 tibi
453 3141 527 3206 quae
550 3127 610 3186 vidi
623 3172 632 3206 ,
656 3126 777 3186 relero:
805 3142 858 3185 seu
882 3125 1016 3203 corporis
1042 3125 1179 3211 umbra,

321 3216 380 3277 Seu
405 3219 466 3276 reri
490 3218 605 3293 species
618 3260 628 3294 ,
652 3231 705 3273 seu
728 3213 785 3273 luit
807 3212 856 3273 ille
880 3229 987 3291 sopor.

246 3304 339 3365 oNor
364 3313 428 3364 erat
451 3312 480 3365 et
504 3303 615 3363 bifores
639 3300 768 3361 intrabat
789 3300 860 3361 luna
882 3301 1047 3379 fenestras,

322 3391 422 3451 Mense
446 3392 508 3451 iere
532 3390 630 3450 medio
654 3396 763 3467 quanta
785 3391 882 3449 nitere
906 3387 998 3448 solet.

278 3477 399 3538 Publica
423 3497 471 3538 mo
495 3480 779 3557 requiescurarum
803 3493 925 3536 somnus
947 3473 1100 3559 habebat,

323 3563 460 3643 Fusaque
484 3572 569 3624 erant
592 3571 655 3624 toto
678 3563 816 3642 languida
839 3563 972 3624 membra
995 3572 1086 3626 toro:
