2467 4042
185 220 249 285 173
593 218 643 268 ux
659 217 781 269 rouro

316 382 355 445 Et
376 383 491 462 placeat
512 398 599 442 caeso
623 397 682 441 uon
704 381 803 441 minus
826 398 900 460 agna
922 380 1015 442 bove.

273 472 332 534 Res
355 489 475 551 quoque
498 478 578 530 tanta
601 469 659 530 suit
671 516 680 548 ,
704 479 829 548 quantae
852 469 1016 531 subsistere
1042 489 1166 535 summo

318 560 465 620 Aeneidos
488 559 547 618 vati
569 556 681 636 grande
704 557 811 618 suisset
833 575 926 620 onus.

224 661 258 712 st
273 648 363 710 Ferre
387 650 475 708 etiam
499 645 601 706 molles
625 644 702 724 elegi
724 653 783 707 tam
806 655 887 708 vasta
911 645 1056 726 triumphi

316 735 451 798 Pondera
476 732 644 814 disparibus
667 750 726 794 non
750 743 874 813 potuere
897 737 987 796 rotis.

273 824 338 897 Quo
362 824 437 904 pede
461 840 541 883 nuno
563 832 654 902 utar,
677 821 765 882 dubia
788 831 834 883 est
856 825 1002 883 sententia
1027 825 1139 889 nohis:

316 912 399 974 Alter
423 913 501 972 enim
525 910 562 971 de
586 919 638 988 te,
661 909 786 990 Rhene,
809 911 976 991 triumphus
1000 912 1106 976 adest.

272 1002 363 1063 Inrita
386 1008 535 1061 motorum
558 1016 618 1058 non
642 1007 712 1059 sunt
733 1001 885 1078 praesagia
907 1007 1026 1063 vatum:
1159 1020 1198 1068 ‹oa›

224 1102 258 1153 90
318 1088 419 1150 Danda
441 1087 502 1148 lovi
525 1085 650 1167 laurus,
673 1086 743 1147 dum
767 1089 850 1168 prior
872 1086 919 1148 iila
943 1090 1037 1150 viret.

271 1177 333 1239 Nee
360 1195 426 1238 mea
452 1174 542 1236 verba
570 1174 667 1254 legis,
697 1177 748 1252 qui
775 1193 847 1323 sunlr1
851 1265 857 1278 ι
869 1185 1036 1324 stummotus
1067 1180 1108 1239 ad

850 1281 875 1324 rs
889 1282 972 1346 rum,

315 1353 381 1415 Non
405 1352 481 1413 bene
504 1353 615 1431 pacatis
638 1350 760 1411 flumina
783 1361 852 1431 pota
874 1351 974 1414 Getis:

272 1441 331 1503 lsta
355 1441 403 1520 dei
426 1459 481 1501 vor
505 1452 571 1501 est.
614 1440 688 1500 deus
712 1442 811 1501 estin
834 1449 954 1520 pectore
977 1451 1111 1505 nostro.

316 1530 395 1591 Haec
419 1528 494 1590 dirce
518 1527 658 1608 praedico
682 1530 884 1608 vaticinorque
908 1529 980 1589 deo,

223 1631 257 1681 95
273 1618 348 1689 Quid
374 1635 472 1679 cessas
495 1634 617 1678 cnrrtrm
642 1634 838 1697 pompamque
861 1635 965 1696 parare
988 1620 1178 1702 triumphis,

316 1703 428 1767 Livia?
460 1708 517 1766 iam
541 1704 637 1766 nutias
660 1704 731 1764 dant
754 1705 807 1765 tibi
830 1704 906 1766 bella
929 1723 1047 1766 moras.

272 1796 388 1856 Perfida
411 1794 562 1855 damnatas
586 1792 741 1853 Germania
764 1795 872 1872 proicit
894 1793 1011 1855 hastas.

317 1884 377 1944 Iam
401 1882 518 1963 pondus
540 1882 623 1942 dices
645 1898 731 1941 omen
755 1880 865 1942 habere
887 1900 1005 1944 metim.

274 1972 391 2052 Crede,
414 1970 556 2051 brevique
579 1970 653 2030 fides
677 1969 793 2031 aderit.
834 1970 994 2049 geminabit
1016 1971 1175 2037 bonorem

208 2073 258 2123 100
318 2059 434 2140 Filius,
457 2070 487 2119 et
509 2061 619 2119 iunctis
644 2069 676 2119 ut
698 2059 784 2136 prius
806 2057 861 2119 ibit
884 2060 986 2138 equis.

272 2149 401 2228 Prome,
425 2147 504 2226 quod
526 2149 631 2207 inicias
654 2148 766 2207 umeris
790 2146 973 2228 victoribus,
996 2155 1144 2214 ostrum:

316 2236 383 2316 lpsa
406 2245 504 2315 potest
528 2234 649 2296 solitum
672 2252 760 2294 nosse
784 2253 894 2295 corona
917 2246 1024 2314 caput:

273 2324 386 2405 Senta,
409 2324 460 2385 sed
485 2335 515 2385 et
538 2323 636 2402 galeae
660 2326 784 2401 gemmis
807 2324 961 2384 radientur
984 2335 1015 2384 et
1038 2343 1145 2409 auro,

318 2412 463 2492 Stentque
486 2430 576 2491 super
599 2415 693 2471 viotos
718 2419 822 2472 trunca
846 2421 965 2493 tropaea
988 2415 1094 2478 viros:

208 2516 257 2564 105
273 2501 386 2582 Oppida
410 2503 526 2562 turritis
550 2502 706 2578 cingantur
730 2499 862 2561 eburnea
885 2503 996 2581 muris,

318 2589 532 2669 Fictaque'res
555 2607 626 2649 vero
650 2605 732 2649 more
755 2597 877 2668 putetur
901 2593 963 2668 agi.

274 2678 431 2757 Squalidus
454 2681 593 2739 inmissos
616 2678 708 2737 iraota
732 2676 788 2737 sub
812 2676 976 2738 harundine
1000 2680 1111 2743 crines

316 2765 438 2827 Rhenus
462 2776 492 2826 et
514 2766 639 2827 iniectas
662 2766 803 2844 sanguine
828 2777 932 2845 pergat
955 2783 1070 2845 aquaS.

274 2854 401 2923 Barbara
424 2857 483 2914 iam
506 2856 583 2934 capti
606 2864 735 2934 poscunt
756 2855 882 2933 insignia
906 2872 1010 2936 reges,

208 2957 258 3005 110
316 2943 467 3022 Textaque
491 2943 610 3003 tortuna
634 2942 769 3003 divitiora
793 2960 863 3004 sua:

272 3032 310 3094 Et
333 3049 408 3111 quae
431 3040 585 3111 praeterea
609 3033 703 3092 virtus
726 3032 833 3091 invicta
859 3042 977 3092 tuorum
1169 3050 1208 3099 po

317 3119 411 3200 Saepe
435 3131 536 3200 parata
559 3119 636 3201 tibi,
659 3137 746 3199 saepe
770 3119 898 3199 paranda
921 3121 1011 3181 facit.

272 3209 330 3287 Di,
353 3226 480 3289 quorum
504 3211 618 3270 monitu
642 3226 746 3269 snmus
770 3219 911 3269 eventura
933 3210 1048 3289 locuti,

317 3289 434 3379 Verha',
456 3315 585 3380 precor,
609 3295 700 3359 celeri
723 3308 824 3358 nostra
848 3296 970 3377 probate
995 3298 1081 3362 tide!
