2467 4042
76 252 467 334 xvuqxvnrnnsnnn.
486 251 980 335 xvlll.[xlx.1l1EeUS1-la.
1005 253 1064 321 141

161 406 282 469 Fortius
297 405 455 481 ingenium
470 406 616 482 suspicor
629 422 702 469 esse
717 406 800 467 viris.

117 492 159 554 Ut
172 506 302 567 eorpus,
325 490 441 550 teneris
457 489 499 551 ila
514 506 601 551 mens
616 491 737 553 infirma
751 491 871 567 puellis.

162 575 325 649 Delieiam,
349 573 436 649 parvi
453 574 602 649 temporis
620 576 701 636 adde
717 590 844 637 moram.

116 663 187 722 Vos
204 658 300 719 modo
313 657 476 730 venando,
499 659 593 718 modo
610 675 664 719 rus
678 659 799 736 geniale
813 661 946 723 colendo

74 756 108 808 10
164 740 280 804 Ponitis
294 741 327 801 in
341 741 428 801 varia
441 748 581 817 tempora
594 745 689 819 longa
704 759 799 805 mora.

115 829 180 890 Aut
194 828 263 889 lora
277 842 337 887 vos
352 825 498 902 retinent,
521 834 574 888 aut
588 835 701 889 unctae
718 826 802 889 dona
815 829 998 903 palaestrae,

159 910 297 972 Flectitis
310 917 364 971 aut
378 909 466 972 lreno
481 911 562 973 eolla
578 912 725 987 sequacis
739 913 827 989 equi:

116 997 204 1057 Nune
220 996 379 1056 volucrem
392 996 521 1070 laqueo,
544 1011 626 1056 nune
641 997 760 1071 piscem
776 996 887 1057 ducitis
905 997 1013 1060 hamos

158 1079 293 1140 Diluitur
306 1078 410 1154 posito
426 1078 525 1138 serior
537 1078 615 1140 hora
630 1096 726 1141 mero.

76 1177 106 1227 lo
116 1165 174 1224 llis
187 1162 265 1223 mihi
277 1169 466 1237 summotae,
489 1163 538 1222 vel
552 1163 580 1224 si
597 1165 698 1225 minus
715 1164 826 1225 aeriter
840 1180 920 1239 urar,

160 1248 250 1323 Quod
267 1246 394 1321 iaoiam,
412 1253 558 1322 superest
570 1255 694 1324 praeter
707 1263 811 1309 amare
825 1247 908 1307 nihil.

114 1332 206 1408 Quod
222 1338 381 1407 superest,
404 1330 495 1392 laoio.
516 1337 625 1407 teque,
648 1349 667 1393 o
682 1347 750 1393 mea
764 1332 833 1393 sola
850 1334 1003 1408 voluptas,

157 1414 233 1478 Plus
248 1427 391 1492 quoque,
413 1431 507 1491 quam
520 1415 608 1476 reddi
625 1415 709 1492 quod
726 1415 798 1479 mihi
811 1415 926 1493 possit,
949 1432 1030 1477 amo.

112 1506 177 1561 Ant
194 1515 254 1576 ego
272 1514 342 1559 eum
356 1514 429 1559 earu
444 1499 485 1559 de
497 1505 530 1558 te
544 1500 663 1561 nutrice
677 1515 816 1573 susurro,

70 1595 107 1647 w
161 1583 310 1661 Quaeque
324 1589 425 1658 tuum,
445 1582 554 1659 miror,
578 1598 672 1645 eausa
688 1592 824 1646 moretur
840 1584 912 1643 itere

111 1675 177 1729 Ant
191 1684 277 1729 mare
291 1666 488 1742 prospiciens
503 1667 615 1731 odioso
630 1669 750 1730 oonoita
763 1676 855 1730 vento

158 1751 299 1828 compto
314 1749 418 1810 verbis
432 1766 571 1826 aequora
585 1768 685 1828 paene
699 1751 775 1815 luiso

111 1839 190 1912 Aut,
212 1835 266 1896 ubi
282 1834 432 1896 saevitiae
450 1838 574 1911 paulum
589 1836 694 1912 gravis
709 1835 792 1899 unda
807 1836 933 1910 remisit,

155 1921 258 1982 Posse
273 1918 411 1995 quidem,
434 1919 492 1980 sed
506 1926 540 1979 te
551 1922 635 1981 nolle
650 1920 771 1994 venire,
794 1936 916 1997 queror,

72 2006 263 2080 sellumque
279 2018 408 2080 queror,
431 2004 576 2065 hemmae
589 2019 648 2081 per
658 2005 790 2067 amantia
801 2006 916 2069 lumina
926 2000 1058 2078 manant,

155 2089 274 2149 Polline
290 2103 370 2164 quas
384 2087 514 2149 tremulo
529 2089 657 2150 conseia
670 2089 766 2151 siooat
780 2106 869 2151 anus.

113 2172 221 2249 Saepe
233 2172 291 2246 tul,
313 2177 440 2248 specto,
461 2172 488 2232 si
504 2173 610 2234 sintin
626 2174 715 2235 litore
730 2190 855 2250 passus,

156 2256 324 2332 impositas
337 2252 493 2332 tamquam
512 2266 614 2318 servet
628 2258 743 2317 harena
756 2266 856 2319 notas.

114 2343 217 2418 thue
230 2356 338 2416 rogem
353 2340 394 2401 de
410 2349 456 2414 le,
478 2348 510 2403 et
523 2341 658 2402 seribam
674 2340 744 2418 tibi,
766 2342 866 2419 siquis
880 2341 995 2421 Abydo

73 2435 108 2488 eo
157 2425 302 2499 Venerit,
326 2432 393 2498 aut,
417 2438 550 2501 quaero,
571 2426 670 2503 siquis
684 2426 821 2505 Abydon
834 2433 896 2489 eat.

115 2509 194 2585 Quid
211 2510 360 2582 referam,
385 2509 527 2585 quotiens
543 2509 615 2570 dem
632 2509 769 2572 vestibus
788 2513 911 2586 osenla,
930 2527 1008 2587 quas
1025 2518 1057 2570 tn

155 2593 409 2671 Hellespontiaca
422 2594 514 2669 ponis
528 2594 625 2656 iturus
643 2602 748 2672 aquai

115 2677 233 2740 Sicubi
250 2680 305 2738 lux
319 2684 389 2739 aeta
401 2684 496 2740 estet
509 2680 609 2740 noetis
625 2679 751 2742 amielor
763 2680 841 2740 hora

153 2762 302 2823 Exhibuit
317 2763 408 2839 pulso
423 2762 528 2823 sidera
543 2765 627 2823 olera
643 2764 703 2837 dia,

76 2853 106 2908 to
115 2844 258 2908 Protinus
272 2847 305 2906 in
319 2862 441 2908 summo
453 2847 610 2923 vigilantia
626 2848 738 2908 lumina
752 2855 834 2911 teoto

153 2929 318 3005 Ponlmns,
342 2930 492 2993 adsuetae
505 2932 594 3007 signa
606 2939 772 3008 notamque
786 2932 866 2992 viae.

113 3013 266 3091 Tortaque
279 3024 405 3077 versato
420 3015 569 3077 dueentes
584 3017 716 3077 stamina
729 3017 800 3077 lnso

153 3098 301 3159 Feminea
312 3098 419 3160 tardas
428 3098 567 3161 tollimus
580 3107 648 3162 arte
661 3116 774 3161 moras.

113 3181 192 3257 puio
210 3184 323 3258 loquar
334 3182 451 3245 interea
465 3191 527 3245 tarn
542 3186 635 3260 longo
649 3190 801 3260 tempore,
825 3182 971 3260 quaerist

76 3274 106 3328 lo
155 3266 205 3326 llll
220 3265 279 3327 nisi
295 3266 427 3331 Leandri
441 3284 552 3330 nomen
567 3269 669 3333 inore
684 3284 753 3329 meo
770 3275 827 3330 est.
878 3269 887 3284 “

112 3349 230 3411 ‘hmne
246 3358 336 3427 putas
351 3352 457 3413 exisse
471 3352 564 3415 domo
579 3369 648 3414 mee
661 3353 788 3429 gaudia,
809 3351 920 3425 nutrix,

153 3434 205 3495 An
219 3433 347 3512 vigilant
362 3452 471 3499 omnes
486 3444 517 3498 et
530 3439 614 3499 timet
627 3438 679 3500 ille
693 3443 790 3500 snost

112 3517 216 3579 iamne
230 3535 305 3581 suas
318 3523 431 3583 umeris
446 3522 530 3584 lllum
544 3523 704 3598 deponere
717 3528 832 3596 vestes,
870 3603 885 3640 e

830 3616 864 3667 10
