2467 4042
177 197 246 265 344
587 201 781 254 rnsroltuu

312 362 450 444 Obstipui
472 366 580 426 tacitns
603 366 792 468 sustinuique
813 364 960 443 gradum.

269 452 369 512 Sensit
391 470 465 514 anus
488 454 584 514 rioina
604 450 664 514 looi
676 454 883 532 ,iussumque
906 449 1020 517 sedere

201 552 254 601 400
312 538 500 620 Alloquitur,
524 542 659 619 quatiens
682 558 754 601 voce
777 548 924 602 tremente
950 553 1065 624 eaput:

268 623 346 688 Hoc
369 627 422 689 ubi
443 645 524 689 nune
547 628 611 689 lora
634 636 727 710 sunt,
750 628 825 689 udae
847 636 978 692 tenuere
1000 633 1194 713 paludes,

311 714 405 778 Amne
427 714 601 777 redundatis
623 716 703 778 lossa
725 715 861 778 madebat
883 720 990 796 aquis.

269 802 389 865 Curtios
411 802 461 864 ille
483 803 565 865 laous
577 848 587 883 ,
611 805 705 865 sioeas
728 806 781 884 qui
803 806 934 866 sustinet
956 824 1049 888 aras,

311 890 398 953 Nune
420 890 514 952 solida
536 899 583 952 est
605 891 715 971 tellus,
738 891 791 952 sed
813 891 895 954 lacus
917 901 990 956 ante
1017 897 1093 959 luit.

201 989 253 1040 roe
267 978 332 1050 Qua
355 978 478 1040 Velabra
500 978 597 1040 solent
618 981 649 1041 in
673 979 792 1041 Circum
814 979 925 1042 dooere
949 1000 1098 1065 pompas,

310 1065 358 1127 Nil
379 1075 499 1146 praeter
521 1066 627 1128 salines
649 1084 791 1147 cassaque
813 1085 907 1129 oanna
929 1070 1011 1133 fuit.

270 1153 365 1233 Saepe
388 1153 573 1217 suburbanas
594 1153 714 1217 rediens
738 1156 859 1217 eonrira
881 1174 937 1235 per
960 1159 1064 1220 undas

313 1240 440 1322 Cantor,
462 1242 552 1304 etad
574 1250 680 1305 nautas
703 1242 784 1304 ebria
806 1242 896 1304 verba
917 1246 1012 1307 iacit.

268 1328 405 1390 Nondum
428 1331 607 1391 conveniens
630 1331 755 1392 dirersis
777 1333 834 1392 iste
856 1332 963 1410 liguris

201 1428 254 1478 410
311 1415 425 1478 Nomen
448 1417 484 1479 ab
508 1434 611 1480 averso
635 1426 761 1522 ceperat
777 1435 862 1480 amne
886 1418 980 1481 deus.

267 1505 322 1567 Hie
345 1523 464 1584 quoque
486 1505 573 1567 luous
596 1515 660 1568 erat
682 1508 779 1568 iuneis
802 1514 833 1567 et
854 1507 1004 1569 arundine
1031 1510 1137 1571 densus
1193 1510 1194 1547 l

312 1592 351 1654 Et
372 1593 448 1673 pede
471 1593 565 1654 velato
588 1611 649 1655 non
670 1593 806 1655 adeunda
827 1593 929 1673 palus

269 1681 377 1761 Stagna
400 1689 591 1743 recesserunt
613 1690 644 1743 et
666 1698 757 1761 aqum
780 1699 834 1742 sna
855 1684 919 1762 ripa
944 1693 1091 1766 coercet,
1135 1696 1178 1748 Μ

313 1768 465 1847 Siccaque
479 1787 560 1830 nune
582 1768 692 1830 tellus:
725 1786 790 1830 mos
811 1777 910 1831 tamur
932 1770 1007 1831 inde
1033 1781 1146 1834 manet.
1193 1806 1194 1809 π

201 1867 254 1918 415
268 1856 448 1918 Reddiderat
470 1874 609 1918 eausam
652 1852 787 1937 walen,
808 1874 883 1918 anus
905 1860 1023 1938 optima
1038 1856 1064 1922 l’
1087 1861 1145 1922 dixi

313 1941 414 2015 ‘Quod
438 1951 577 2024 superest
598 1947 663 2006 aevi
675 1992 685 2024 ,
707 1944 796 2006 molle
818 1947 859 2006 sit
880 1963 992 2026 omne,
1018 1945 1101 2010 tui.'

269 2032 374 2095 Cetera
396 2034 455 2094 iam
476 2033 593 2112 pridem
615 2032 706 2093 didici
728 2031 893 2112 puerilibus
914 2036 1025 2116 annis,

312 2119 379 2182 Non
402 2129 501 2182 tamen
523 2120 635 2183 ideireo
658 2120 875 2200 praetereunda
897 2121 988 2182 mibi.

268 2207 384 2270 Moenia
405 2206 587 2269 Dardanides
609 2226 707 2288 nuper
729 2226 804 2269 nova
826 2209 938 2270 lecerat
959 2207 1045 2273 llus:

201 2308 255 2363 420
312 2295 374 2357 llus
396 2295 492 2358 adhue
515 2296 601 2359 Asiae
625 2296 706 2357 dives
728 2295 855 2357 babebat
876 2315 965 2376 opes:

269 2385 407 2447 Creditur
429 2384 584 2445 armiferae
608 2386 726 2462 signum
749 2384 876 2445 caeleste
898 2383 1054 2448 Minervae

312 2471 401 2534 Urbis
423 2474 457 2533 in
476 2471 582 2534 iliacae
605 2471 762 2533 desiluisse
782 2475 868 2551 iuga.

270 2560 347 2623 Cura
368 2558 469 2621 videre
491 2561 570 2641 luit,
596 2559 657 2621 vidi
678 2558 881 2639 templumque
902 2560 1087 2642 locumque.

313 2648 377 2709 Hoo
400 2656 537 2728 superest
558 2648 623 2730 illi,
644 2646 761 2710 Pallada
782 2647 876 2709 Roma
897 2655 998 2710 tenet.

202 2748 255 2797 425
270 2735 442 2797 Consulitur
465 2735 660 2817 Smintheus,
681 2735 809 2815 lucoque
831 2735 979 2798 obscurus
1003 2756 1105 2819 opaeo

313 2824 375 2886 llos
397 2841 458 2884 non
480 2826 604 2886 mentito
628 2823 757 2885 reddidit
778 2841 831 2885 ore
854 2841 961 2885 sonos:

270 2909 452 2974 ‘Aetheriam
474 2921 589 2973 servate
612 2912 720 2990 deam,
742 2910 897 2974 servabitis
919 2911 1048 2976 urbemt

314 3000 474 3081 Imperium
497 3016 598 3061 seeum
622 2999 781 3061 transferet
803 2998 853 3060 illa
874 2996 966 3061 loni.'

272 3089 396 3171 Servat,
420 3096 450 3150 et
471 3086 616 3150 inclusam
639 3105 753 3149 summa
775 3095 858 3149 tenet
879 3086 940 3149 llus
962 3090 995 3150 in
1019 3107 1115 3174 arce,

203 3189 257 3240 430
315 3178 452 3256 Curaque
474 3176 511 3237 ad
534 3175 674 3239 heredem
696 3175 894 3238 Laomedonta
916 3176 1013 3237 redit.

272 3265 334 3327 Sub
356 3263 473 3326 Priamo
496 3273 611 3327 servata
633 3281 760 3343 parum.
801 3266 845 3325 sio
866 3266 931 3344 ipsa
953 3264 1096 3347 volebat,

316 3353 360 3414 Ex
384 3371 441 3432 quo
464 3351 573 3415 iudicio
596 3353 691 3412 forma
714 3353 824 3412 revicta
846 3369 901 3413 sna
923 3359 986 3414 est.

273 3440 347 3516 [Seu
370 3459 464 3518 genus
486 3439 626 3521 Adrasti,
650 3457 704 3501 sen
726 3440 815 3501 furtis
838 3448 925 3520 aptus
949 3438 1068 3520 Ulixes,

318 3526 377 3586 Seu
399 3528 467 3604 pius
489 3525 603 3587 Aeneas
627 3528 772 3606 eripuisse
795 3525 919 3604 lerunt]
