2467 4042
206 207 270 273 308
527 182 543 208 ⁰
615 205 809 257 ruscorum

295 370 358 431 lloc
381 369 466 431 Celer
490 376 576 448 urget
599 387 696 448 opus,
720 386 808 447 quem
828 369 978 430 Romulus
1005 372 1076 449 ipse
1105 379 1203 429 rocoa

339 454 520 537 ‘Sint'que,
543 452 663 537 ‘Celer,
685 453 790 517 curae’
814 456 930 518 dixerat
956 452 1037 517 ‘ista
1062 466 1152 518 tuae.

294 547 374 607 Neve
397 548 464 626 quis
487 553 538 605 aut
561 563 664 605 muros
677 590 685 624 ‚
709 553 760 605 aut
783 546 888 605 luctam
912 562 1043 605 vumere
1067 546 1177 606 fossam

231 647 283 697 840
342 635 506 712 Transeat,
529 633 687 693 audentem
709 631 778 693 talia
802 632 875 693 dede
900 628 1010 693 neei.’

297 723 381 794 Quod
405 718 515 782 Remus
538 723 678 799 ignoraus
701 720 830 780 humiles
853 728 1054 782 contemnere
1080 738 1179 782 muros

342 811 468 892 Coepit,
491 818 521 869 et
544 805 606 869 ‘bis
629 803 774 887 populus'
798 808 898 870 dicere
922 804 1028 871 ‘tutus
1052 804 1158 870 erit?

296 897 356 961 Nec
379 914 461 960 mora
473 943 483 978 ,
504 896 675 959 transiluit.
717 904 801 957 rutro
825 895 910 958 Celer
938 908 1072 978 occupat
1103 914 1191 959 auson

341 986 392 1047 llle
415 986 524 1064 premit
546 984 651 1045 duram
675 984 919 1063 sanguinulentus
942 986 1095 1047 humum.

232 1087 283 1136 845
298 1074 376 1135 Haec
400 1072 451 1134 ubi
474 1090 527 1133 rex
550 1072 676 1154 didicit,
698 1072 835 1133 lacrimas
857 1074 1008 1134 introrsus
1033 1074 1156 1135 obortas

343 1162 490 1243 Deserat,
513 1168 544 1222 et
567 1160 700 1222 clausum
722 1170 844 1240 pectore
867 1161 971 1223 volnus
995 1162 1112 1223 habet.

298 1250 384 1311 Flere
407 1249 502 1329 palam
525 1267 584 1309 non
607 1248 669 1309 volt
681 1296 690 1329 ,
714 1249 905 1328 exemplaque
927 1251 1019 1310 lortia
1044 1260 1160 1329 serrat,

344 1334 485 1416 ‘Sie'que
509 1332 607 1397 ‘meos
631 1355 733 1397 muros
756 1345 887 1399 transeat
910 1334 1024 1399 hostis'
1049 1342 1111 1400 ait.

298 1425 354 1487 Dat
376 1434 475 1486 tamen
498 1427 661 1505 exequias3
684 1444 739 1486 nec
761 1428 819 1485 iam
843 1426 1029 1505 suspendere
1052 1427 1156 1489 fletum

233 1529 285 1577 850
344 1513 500 1592 Sustinet,
524 1523 554 1574 et
576 1515 671 1591 pietas
695 1512 876 1574 dissimulata
899 1521 999 1595 patet3

298 1601 465 1682 Osculaque
488 1601 630 1680 adplicuit
653 1604 749 1681 posito
772 1619 910 1681 suprema
932 1603 1067 1685 feretro,

343 1692 438 1770 Atque
462 1691 503 1750 ait
525 1685 632 1749 ‘inrito
655 1691 748 1750 irater
771 1690 928 1770 adempte,
951 1686 1052 1753 valel'

301 1779 502 1857 [Arsurosque
526 1786 608 1838 artos
632 1779 738 1838 unxit.
779 1778 877 1838 fecere
890 1825 899 1857 ‚
922 1778 1004 1856 quod
1030 1779 1102 1860 ille,

343 1864 503 1927 Faustulus
525 1872 555 1925 et
578 1874 705 1925 maestas
728 1866 805 1926 Acca
828 1864 922 1926 soluta
945 1884 1067 1927 comas.

235 1967 285 2017 855
300 1955 375 2017 Tum
398 1957 534 2014 iuvenem
558 1952 689 2013 nondum
714 1953 783 2013 lacti
805 1952 912 2014 lievere
935 1953 1092 2024 Quirites.

344 2042 451 2104 Ultima
474 2040 587 2120 plorato
612 2039 729 2101 subdita
753 2040 868 2101 llamroa
891 2059 964 2119 rogo
987 2050 1038 2103 est
1049 2043 1071 2121 .]

300 2130 378 2193 Urbs
401 2131 497 2190 oritur
516 2161 548 2170 -
568 2131 636 2207 quis
659 2137 731 2189 tune
751 2128 806 2189 boc
825 2127 878 2190 ulli
901 2128 1029 2192 credere
1049 2129 1174 2211 posset?
1186 2163 1203 2172 -

344 2217 492 2278 Victorem
515 2219 605 2277 terris
628 2218 801 2296 impositura
825 2216 947 2295 pedem.

301 2307 413 2369 Cuncta
435 2323 543 2383 regas,
566 2311 596 2364 et
619 2306 660 2365 sis
685 2323 788 2384 magno
812 2303 868 2364 sub
891 2304 1019 2368 Caesare
1045 2327 1178 2389 semper,

235 2408 286 2458 ⁸60
346 2394 439 2472 Saepe
463 2396 550 2454 etiam
573 2391 676 2470 plures
699 2395 827 2453 nominis
850 2391 938 2454 huius
962 2394 1059 2457 habe.

302 2482 353 2562 [Et
375 2483 513 2562 quotiens
536 2483 655 2541 steteris
678 2480 789 2541 domito
812 2480 945 2542 sublimis
969 2484 1000 2542 in
1026 2483 1123 2564 orbe,

345 2569 449 2632 Omnia
472 2572 532 2631 sint
553 2571 666 2629 umeris
688 2570 828 2630 inferiora
852 2568 941 2647 tuis]

480 2707 532 2771 22.
555 2705 632 2771 HN
682 2707 733 2772 23.
756 2704 962 2771 AVIN·N²

301 2836 383 2896 Dicta
405 2832 490 2894 Pales
513 2832 620 2894 nobis.
662 2832 740 2893 idem
763 2832 874 2894 Vinalia
897 2833 1010 2894 dicam.
1168 2849 1202 2897 no

345 2923 408 2983 Una
431 2930 528 2983 tamen
553 2922 648 2982 media
671 2930 717 2982 est
739 2925 817 2982 inter
840 2930 997 3000 utramque
1021 2923 1107 2986 dies.

237 3024 288 3075 865
303 3012 430 3074 Numina
452 3010 584 3089 volgares
608 3009 731 3071 Veneris
754 3008 901 3070 celebrate
924 3009 1063 3089 puellae!

346 3099 436 3161 Multa
459 3099 661 3178 professarum
685 3096 857 3177 quaestibus
879 3106 945 3177 apta
969 3096 1089 3160 Venus.

302 3188 419 3249 Pascite
442 3195 510 3248 ture
533 3186 600 3248 dato
624 3187 748 3247 sormam
771 3186 931 3266 populique
954 3186 1107 3268 favorem,

346 3276 463 3337 Poscite
486 3274 642 3336 blanditias
665 3275 815 3354 dignaque
834 3273 922 3335 rerba
945 3276 1030 3335 ioco.

304 3364 437 3444 Cumque
461 3382 513 3426 sua
537 3364 671 3424 dominae
695 3364 761 3423 date
784 3371 865 3442 grata
888 3362 1046 3442 sisymbria
1070 3375 1166 3445 myrto

238 3465 289 3516 870
348 3453 497 3532 Tectaque
521 3453 684 3530 composita
706 3453 811 3512 iuncea
833 3450 928 3512 vincla
951 3468 1037 3512 rosa.

304 3539 425 3620 Templa
448 3541 631 3620 frequentari
654 3539 783 3602 Collinae
805 3542 938 3620 proxima
961 3550 1067 3619 portae
