2467 4042
444 237 493 288 III.
514 238 662 289 tao-825.
992 234 1055 300 281
1112 233 1115 237 ’

137 399 202 462 ltur
226 400 261 462 ad
285 400 399 479 Argeos
420 432 458 445 -
479 402 532 478 qui
550 402 610 462 sint
622 445 631 480 ,
655 418 708 462 sua
730 402 836 481 pagina
859 399 939 462 dicet
961 430 996 443 -

164 487 264 568 llac,
287 490 314 549 si
336 489 546 570 commemini,
568 491 788 568 praeteritaque
812 487 877 551 die.

136 576 227 639 Stella
250 576 426 656 Lycaoniam
448 579 545 656 uergit
566 576 707 657 proclivis
729 578 766 639 ad
789 577 900 638 Arcton

180 664 310 727 1111000.
352 664 425 727 baec
447 664 497 727 illa
520 675 607 727 nocte
631 664 755 726 ridenda
778 667 875 726 venit.

11 804 12 829 2
66 764 121 817 700
137 754 215 825 Quid
238 754 355 815 dederit
377 753 491 815 volucri
503 800 512 835 ,
536 755 563 815 si
584 756 629 815 vis
652 771 854 835 cognoscere,
877 752 1008 816 caelum:

183 841 330 904 Saturnus
352 844 453 922 regnis
477 860 493 902 a
516 841 583 903 love
605 842 712 922 pulsus
735 849 813 922 erat3

138 930 274 992 Concitet
296 933 391 992 iratus
413 930 524 991 ualidos
547 929 668 991 Titanas
690 932 722 992 in
745 948 844 1009 arma,

180 1018 322 1098 Quaeque
346 1019 403 1080 luit
426 1019 493 1080 latis
515 1017 637 1099 debita,
660 1027 785 1098 temptat
807 1036 911 1098 opem.

134 1106 228 1168 blatra
251 1117 333 1169 satus
356 1106 471 1190 Terra,
495 1117 662 1169 monstrum
683 1106 841 1189 mirabile,
864 1115 968 1168 taurus

65 1207 121 1258 000
179 1195 266 1257 Parte
290 1198 337 1257 sui
360 1213 484 1275 serpens
506 1196 673 1278 posteriore
697 1196 770 1257 luit.

135 1282 221 1344 Hunc
244 1283 355 1363 triplici
377 1301 463 1345 muro
487 1284 562 1344 lucis
584 1283 747 1345 incluserat
772 1285 845 1346 atris

180 1369 340 1432 Parcarum
363 1373 478 1432 monitu
502 1371 574 1451 Styx
597 1370 726 1432 violenta
748 1374 856 1433 trium.

136 1456 254 1519 Viscera
278 1461 330 1538 qui
354 1461 431 1520 tauri
454 1458 579 1519 llammis
603 1457 744 1519 adolenda
767 1459 917 1539 dedisset,

181 1545 253 1608 Sors
276 1554 341 1608 erat
352 1594 362 1627 ,
385 1554 522 1608 aeternos
544 1548 664 1608 vincere
684 1564 771 1625 posse
794 1546 883 1609 deos.

70 1632 272 1698 00010000100
294 1635 374 1696 bunc
397 1634 537 1696 Briareus
560 1635 637 1696 lacta
660 1652 696 1696 ex
719 1634 872 1696 adamante
895 1637 1012 1718 securi,

180 1722 218 1784 Et
241 1725 358 1785 iamiam
380 1724 506 1786 flammis
529 1731 596 1785 exta
618 1723 743 1785 daturus
766 1731 847 1785 erat:

135 1811 268 1892 luppiter
291 1811 410 1874 alitibus
433 1829 538 1891 rapere
561 1814 709 1892 imperat.
750 1811 848 1874 attulit
871 1810 914 1873 illi

180 1898 311 1982 lliluus,
333 1909 364 1961 et
388 1901 502 1962 meritis
524 1903 605 1962 venit
628 1902 659 1961 in
682 1909 762 1962 astra
784 1902 865 1962 suis.

48 2035 177 2104 10.Εο
221 2036 519 2115 lanuvium
559 2038 612 2104 20.
637 2037 697 2104 Ge
738 2040 790 2104 21.
814 2036 877 2104 ΗΟ
914 2037 966 2105 22.
989 2038 1056 2106 AN

135 2164 198 2227 1100
222 2165 286 2227 dies
309 2165 405 2227 media
428 2173 496 2246 est,
519 2173 549 2227 et
571 2166 648 2226 dunt
670 2184 754 2227 sacra
776 2166 942 2246 Minervae,
971 2158 973 2161 ’

69 2265 121 2316 010
179 2253 305 2315 Nomina
328 2271 405 2334 quae
427 2256 537 2316 iunctis
561 2256 693 2333 quinque
716 2253 822 2315 diebus
844 2252 971 2316 babent.

136 2334 285 2421 Sanguine
308 2344 404 2421 prima
425 2351 509 2404 vacat
521 2389 530 2423 ,
553 2360 610 2404 neo
634 2343 678 2403 100
700 2360 890 2408 concurrere.
904 2343 1002 2404 ferro:

181 2430 296 2511 Causa,
321 2430 400 2510 quod
424 2437 470 2493 est
492 2430 541 2492 illa
564 2439 632 2492 nata
655 2430 786 2492 Minerva
808 2431 874 2492 die.

134 2518 235 2581 Altera
257 2527 378 2598 tresque
402 2536 493 2598 super
515 2535 582 2579 rasa
605 2518 795 2580 celebrantur
817 2519 945 2581 harena:

179 2605 309 2668 Ensibus
332 2609 458 2668 exsertis
480 2606 585 2668 bellica
607 2606 685 2669 laeta
705 2607 761 2668 dea
783 2615 846 2669 est.

70 2706 121 2757 010
135 2694 250 2757 Pallada
273 2713 354 2757 0000
376 2697 464 2775 pueri
486 2703 666 2775 teneraeque
689 2703 771 2757 orate
793 2694 925 2778 puellae3

179 2783 237 2856 Qui
259 2783 335 2846 bene
358 2783 482 2863 placarit
504 2783 642 2866 Pallada,
665 2783 772 2846 doctus
794 2787 870 2847 erit.

133 2872 250 2934 Pallade
272 2872 387 2953 placata
409 2872 506 2934 lanam
529 2872 644 2934 mollire
667 2873 782 2953 puellae

178 2962 298 3023 Discant
320 2968 351 3022 et
373 2960 475 3040 plenas
499 2978 661 3023 exonerare
684 2962 783 3023 00100.

135 3048 186 3109 llla
209 3051 298 3111 etiam
321 3051 428 3111 stantis
451 3049 534 3111 radio
557 3067 736 3129 percurrere
759 3049 833 3111 telas

70 3146 120 3198 000
177 3135 307 3217 Erudit,
330 3145 361 3198 et
383 3155 483 3198 rarum
507 3140 625 3218 pectine
648 3137 754 3199 denset
777 3153 870 3216 opus.

134 3223 216 3286 Hanc
238 3224 325 3306 cole,
348 3227 401 3305 qui
424 3226 512 3287 laesis
535 3224 667 3287 maculas
691 3225 727 3286 de
751 3224 883 3286 restibus
906 3223 1023 3286 aulerss

156 3315 159 3321 ’
179 3312 261 3374 11000
284 3313 370 3394 cole,
392 3313 552 3376 velleribus
576 3315 713 3393 quisquis
736 3319 809 3374 0000
831 3330 935 3392 paras.

133 3400 194 3464 Nec
218 3403 375 3481 quisquam
398 3403 488 3464 inuita
512 3403 602 3464 laciet
624 3401 701 3462 bone
723 3400 839 3463 uincula
862 3401 979 3482 plantae

177 3490 317 3571 Pallade,
340 3492 381 3551 sit
402 3488 514 3569 Tychio
537 3489 654 3552 doctior·
675 3487 725 3551 ille
748 3489 835 3553 lieet:

70 3592 119 3643 000
132 3579 170 3642 Εο
193 3579 263 3642 lieet
286 3579 407 3658 antiquo
430 3577 567 3641 manibus
591 3578 726 3641 00010000
748 3576 830 3659 Epeo
