2467 4042
211 203 255 268 92
383 224 495 261 mnus
626 206 806 261 ΗΕΤΔΗΜ.

236 380 286 430 tao
299 369 436 432 Bactrius
445 370 649 452 Halcyoneus,
662 367 731 433 ‘noe
738 419 748 453 ,
762 372 841 452 quod
855 369 978 453 premis’
991 375 1083 454 inquit
1094 370 1228 438 ‘haben

301 457 343 518 De
367 465 411 519 tot
433 462 512 539 agris
533 456 644 521 terrae'
667 478 836 540 corpusque
859 479 1008 542 exsangue
1029 463 1177 543 reliquit.

302 546 436 626 Torquet
457 551 489 609 in
510 548 591 609 huno
613 548 728 609 hastam
751 548 845 610 calido
868 549 904 612 de
927 549 1049 612 vulnere
1068 561 1199 631 raptam

302 632 385 695 Ultor
407 635 607 718 Abantiades,
629 636 726 698 media
748 654 824 716 quae
846 655 918 698 nare
941 647 1059 719 recepta

302 721 423 785 Ceruce
446 733 548 786 exacta
570 733 638 806 est,
660 728 692 786 in
713 733 874 805 partesque
896 727 1009 787 eminet
1030 726 1150 789 amhae.

238 821 288 870 140
302 808 436 891 Dumque
450 831 570 874 manum
584 813 716 874 Fortuna
728 815 810 875 iuvat
817 861 827 895 ,
840 812 1027 894 Clytiumque
1041 814 1228 897 Claninque,

301 898 394 961 llatre
417 909 497 962 satos
519 919 579 963 una
590 947 601 983 ‚
624 901 741 962 diverso
758 900 882 963 vulnere
904 902 1001 964 ludit.

302 986 376 1048 Nem
399 987 484 1069 Clytii
506 1008 561 1069 per
583 998 745 1069 utrumque
767 992 850 1069 gravi
871 988 978 1052 librata
999 990 1109 1053 lacerto

302 1074 446 1138 Fraxinus
469 1087 533 1139 acta
556 1079 676 1139 femur:
697 1076 827 1139 iaculum
850 1076 949 1139 Clanis
971 1097 1023 1140 ore
1045 1080 1224 1141 momordit.

303 1162 419 1225 Occidit
441 1173 472 1227 et
494 1165 623 1228 Celadon
645 1165 837 1228 Mendesiusc
860 1166 970 1228 occidit
991 1167 1133 1249 Aeuom,

238 1260 288 1309 145
302 1250 394 1313 llatre
416 1252 603 1336 Palaestina,
625 1253 715 1315 dubio
737 1256 872 1334 genitore
895 1261 1033 1317 creatus:

302 1338 486 1422 Aethionque
509 1360 597 1422 sagax
621 1341 768 1421 qnondam
790 1349 914 1404 ventura
936 1343 1055 1425 videre,

302 1426 388 1489 Tunc
410 1448 462 1492 ave
485 1429 629 1511 deceptus
653 1429 746 1492 laisa:
768 1432 907 1509 regisque
929 1430 1076 1493 Thoactes

302 1516 459 1599 Armiger,
482 1527 513 1580 et
534 1537 621 1581 caeso
643 1520 777 1598 genitore
799 1519 917 1579 infamis
939 1518 1081 1599 Agyrtes.

301 1602 373 1667 Plus
387 1615 485 1668 tamen
499 1606 643 1669 exhausto
656 1615 814 1686 superest.
837 1623 964 1686 namque
978 1606 1117 1671 omnihus
1130 1623 1216 1669 unum

239 1702 289 1752 150
303 1690 478 1774 Opprimere
501 1704 549 1757 est
570 1697 707 1757 animus.
735 1696 887 1755 coniurata
909 1692 1041 1775 undique
1064 1704 1195 1777 pugnant

304 1781 427 1861 Agmina
448 1801 504 1864 pro
527 1801 616 1846 causa
638 1784 778 1845 meritum
800 1784 981 1862 inpugnantc
1004 1783 1167 1864 iidemque.

303 1868 365 1931 flac
386 1888 443 1951 pro
464 1880 549 1952 parte
571 1890 658 1933 socer
680 1872 791 1932 irustra
813 1872 881 1950 pius
903 1879 934 1932 et
956 1887 1032 1932 nova
1055 1874 1180 1933 coniunx
1227 1896 1228 1919 ÷

304 1957 379 2019 Cum
400 1961 551 2039 genetrice
574 1961 673 2022 lavent
693 1957 866 2038 ulrrialuque
889 1960 963 2020 atria
985 1959 1150 2041 complent.
1227 1920 1228 1999 l

304 2045 363 2107 Sed
386 2064 477 2110 sonus
499 2066 651 2110 umorum
673 2057 795 2127 superat
815 2048 1002 2127 gemitusque
1025 2048 1193 2127 cadentum,
1226 2124 1227 2131 ἵ

239 2142 288 2193 155
303 2133 493 2215 Pollutosque
516 2136 608 2198 semel
631 2135 724 2199 multo
746 2133 866 2196 Bellona
886 2144 1011 2215 penates
1226 2146 1227 2209 l

305 2221 454 2304 Sanguine
475 2225 629 2304 perfundit
650 2230 848 2302 renovataque
869 2222 982 2302 proelia
1005 2225 1127 2286 miscet.

304 2309 466 2374 Circueunt
487 2330 581 2374 unum
602 2312 734 2374 Phineus
756 2319 788 2372 et
808 2310 887 2372 mille
910 2313 1007 2373 secuti

302 2398 435 2463 Phineo.
463 2399 522 2462 tela
543 2400 643 2463 volant
663 2399 788 2461 hiberna
809 2397 951 2479 grandine
973 2399 1060 2479 plura

302 2488 426 2550 Praeter
448 2497 609 2569 utrumque
632 2488 710 2550 latus
722 2495 900 2568 praeterque
914 2496 945 2548 et
957 2487 1058 2549 lumen
1073 2497 1105 2550 et
1116 2503 1206 2550 aures.
1224 2564 1225 2567 Ἴ

240 2583 290 2635 1⁶0
303 2575 438 2656 Applicat
459 2577 529 2639 hinc
551 2595 672 2639 umeros
694 2576 730 2638 ad
753 2593 874 2655 magnae
897 2593 966 2637 saxa
984 2575 1153 2658 columnae,

304 2663 438 2743 Tutaque
461 2673 545 2745 terga
566 2682 675 2746 gerens
697 2664 877 2743 adversaque
899 2664 932 2724 in
953 2667 1070 2743 agmina
1091 2681 1185 2726 versus

305 2752 439 2815 Sustinet
461 2755 629 2815 instantes.
656 2750 784 2814 instabat
805 2759 890 2831 parte
913 2753 1033 2813 sinistra
1223 2822 1224 2831 χ

304 2840 474 2903 Chauonius
495 2840 653 2922 llolpeus,
675 2841 777 2902 dextra
800 2838 964 2901 Nabataeus
987 2838 1146 2902 Ethemon.

304 2928 401 3009 Tigris
424 2937 459 2991 ut
480 2929 588 2991 auditis
610 2929 727 2990 diversa
748 2927 821 2989 valle
844 2927 971 2990 duorum

240 3026 290 3075 teo
304 3015 482 3079 Extimulata
504 3018 581 3078 lame
603 3016 766 3096 mugitibus
788 3024 989 3077 armentorum

304 3104 428 3187 Nescit,
450 3114 518 3167 utro
540 3106 641 3186 potius
664 3113 731 3167 ruat
742 3151 753 3185 ,
775 3112 806 3165 et
828 3121 917 3166 ruere
940 3102 1024 3166 ardet
1047 3113 1179 3183 utroque:

305 3193 355 3256 Sic
378 3191 486 3255 duhius
508 3192 659 3272 Perseus,
682 3193 785 3254 dextra
807 3192 925 3253 laevane
948 3193 1084 3275 letatur,

305 3280 419 3362 Molpea
441 3283 557 3344 traiecti
579 3282 739 3343 summovit
760 3280 883 3341 vulnere
906 3281 1021 3362 muris,

305 3368 528 3450 Contentusque
555 3370 625 3449 iuga
651 3377 723 3430 est:
750 3386 849 3448 neque
879 3369 958 3430 enim
984 3368 1036 3430 dat
1062 3380 1167 3449 tempus

1060 3456 1196 3533 Ethemon
1220 3452 1221 3461 ’

240 3557 290 3608 stu
305 3544 364 3606 Sed
387 3546 535 3628 inritet,
557 3546 682 3625 cupiens
704 3544 763 3606 alto
786 3544 857 3606 dare
876 3544 997 3607 vulnera
1020 3544 1109 3627 collo,
1218 3632 1220 3671 l
