2467 4042
441 263 472 313 V.
493 265 639 314 517-587.

128 425 214 485 Ultor
237 425 271 486 ad
296 427 359 505 ipse
383 443 453 485 suos
476 424 557 503 caelo
581 423 735 485 descendit
756 423 885 485 honores

175 513 355 591 Templaque
377 515 408 573 in
431 512 564 592 Augusto
587 510 795 590 conspicienda
818 512 900 573 foro.

129 599 168 660 Et
190 600 264 661 deus
288 608 334 660 est
356 603 461 678 ingens
480 610 508 661 et
531 618 624 679 opus.
665 598 792 661 debebat
814 601 844 661 in
868 598 942 662 urbe

174 686 240 748 Non
263 689 349 748 aliter
372 691 432 749 nati
453 688 532 749 Mars
555 688 687 749 habitare
711 689 775 749 sui.

59 787 116 835 555
133 775 225 853 Digna
248 775 399 855 Giganteis
420 776 493 837 haec
516 785 586 837 sunt
609 774 731 837 debriare
754 777 900 854 tropaeis:

176 863 251 924 Hine
274 864 336 925 fera
359 863 518 926 Gradivum
540 864 616 926 belia
638 881 757 925 movere
779 863 882 925 decet:

134 951 193 1011 Seu
217 955 284 1031 quis
306 951 342 1014 ab
366 970 420 1013 eoo
443 971 498 1013 nos
521 954 629 1031 impius
652 951 724 1011 orbe
747 950 888 1032 lacesset,

176 1039 234 1101 Seu
259 1044 325 1119 quis
348 1039 385 1102 ab
408 1039 531 1102 occiduo
554 1039 616 1101 soie
640 1039 803 1100 domandus
826 1041 899 1101 erit.

129 1126 278 1207 Prospicit
299 1130 480 1208 armipotens
503 1130 601 1208 operis
625 1128 741 1206 fastigia
763 1130 888 1207 summi,

60 1228 115 1275 550
176 1216 214 1276 Et
236 1217 341 1296 probat
364 1219 490 1279 invictos
513 1234 626 1278 summa
648 1226 751 1278 tenere
775 1215 863 1279 deos.

131 1305 277 1382 Perspieit
299 1308 330 1366 in
354 1305 468 1366 foribus
490 1305 624 1366 diversae
647 1305 705 1365 tela
728 1305 857 1386 figurae,

175 1392 322 1469 Armaque
345 1401 493 1455 terrarum
516 1392 608 1454 milite
632 1394 707 1453 vieta
731 1410 803 1454 suo.

131 1478 207 1539 ilinc
230 1478 310 1540 videt
332 1481 450 1540 Aenean
474 1488 629 1540 oneratum
652 1479 783 1558 pondere
807 1497 875 1540 caro

176 1566 214 1627 Et
237 1574 281 1627 tot
303 1566 400 1627 luteae
424 1568 584 1628 nobilitatis
608 1586 694 1628 auos:

64 1654 208 1715 56511155
231 1654 311 1716 videt
332 1654 442 1716 Iliaden
467 1657 577 1716 umeris
600 1656 685 1716 ducis
708 1673 788 1716 arma
811 1655 971 1735 terentem,

176 1742 319 1822 Ciaraque
342 1744 492 1822 dispositis
515 1752 579 1805 aeta
603 1742 726 1805 subesse
748 1745 837 1804 viris.

17 1841 18 1872 ³
133 1830 253 1909 Spectat
276 1841 306 1893 et
328 1833 461 1911 Augusto
483 1840 669 1911 praetextum
692 1833 812 1893 nomine
835 1831 994 1913 tempium,

175 1918 214 1980 Et
236 1923 331 1981 visum
354 1920 432 1981 lecto
454 1919 578 1981 Caesare
602 1922 697 1982 maius
720 1937 811 1999 opus.

17 2031 18 2036 ¹
132 2005 257 2069 Voverat
280 2009 336 2070 hoe
359 2011 473 2070 iuvenis
496 2018 589 2087 tunc,
613 2028 682 2071 eum
703 2012 752 2088 pia
775 2008 896 2071 sustulit
919 2028 1017 2070 arma.

66 2106 118 2155 5⁷0
176 2097 200 2155 t
224 2099 313 2158 tantis
334 2096 479 2175 Princeps
502 2097 688 2176 incipiendus
711 2107 791 2158 erat.
879 2135 891 2158 .

132 2182 182 2244 1115
207 2203 311 2246 manus
334 2185 481 2265 tendens,
504 2185 574 2245 hine
597 2189 686 2247 stanti
709 2185 801 2246 milite
824 2186 920 2263 iusto,
954 2206 956 2209 ·

176 2272 251 2333 Hinc
274 2275 458 2354 coniuratis,
481 2273 549 2334 talia
571 2274 650 2335 dicta
672 2272 770 2335 dedit:

132 2355 180 2420 ‘Si
202 2360 275 2422 mihi
298 2361 426 2422 bellandi
447 2369 531 2441 pater
554 2372 601 2422 est
623 2360 787 2439 Vestaeque
810 2360 949 2424 sacerdos

175 2447 309 2529 Arrotor,
332 2457 362 2510 et
385 2449 489 2511 ulcisci
512 2467 623 2511 numen
645 2457 806 2527 utrumque
829 2466 918 2529 paro:

66 2547 118 2597 575
133 2536 232 2616 Mars,
254 2537 346 2610 ades,
369 2545 400 2598 et
422 2540 495 2599 satia
518 2537 662 2599 scelerato
686 2540 828 2616 sanguiue
852 2538 981 2617 terrum,

177 2624 300 2702 Stetque
324 2626 405 2685 iaror
428 2643 516 2687 causa
539 2644 593 2703 pro
617 2624 739 2687 meliore
764 2635 849 2689 tuus.

132 2712 253 2791 Templa
276 2713 354 2774 feres
378 2722 429 2793 et,
452 2731 499 2774 me
523 2716 657 2793 victore,
681 2713 832 2777 vocaberis
850 2708 967 2776 Uitor.'

176 2792 302 2861 Voverat
314 2848 323 2882 ‚
346 2810 377 2862 et
400 2803 466 2863 tuso
489 2801 584 2863 iaetus
606 2801 643 2865 ab
666 2801 753 2865 hoste
775 2803 868 2865 redit.

133 2887 192 2949 Nee
215 2892 286 2950 satis
310 2897 356 2950 est
378 2892 522 2951 meruisse
546 2888 639 2951 semei
662 2893 836 2968 cognomina
859 2890 963 2953 iderti:

66 2988 117 3036 seo
174 2978 369 3057 Persequitur
390 2977 492 3040 Parthi
516 2979 598 3057 signa
622 2987 737 3040 retenta
760 2997 866 3041 manu.

131 3065 209 3126 Gens
231 3066 289 3127 fuit
311 3077 341 3127 et
364 3069 476 3145 campis
497 3076 529 3127 et
551 3069 637 3145 equis
660 3075 691 3128 et
713 3075 779 3129 tuta
799 3068 917 3144 sagittis

173 3152 212 3213 Et
234 3155 422 3216 circumfusis
444 3157 523 3216 invia
544 3153 733 3216 [luminibus.

131 3240 310 3302 Addideraut
332 3245 446 3304 animos
468 3242 642 3303 Crassorum
665 3243 771 3303 funera
794 3244 892 3324 genti,

174 3329 247 3390 Cum
270 3332 360 3409 periit
383 3330 466 3392 miles
489 3334 631 3409 signaque
655 3329 773 3408 duxque
797 3329 902 3393 unu.

67 3417 240 3498 otiosique,
264 3420 355 3480 decus
378 3417 470 3498 hetti,
492 3418 621 3479 Parthus
643 3417 775 3479 Romana
798 3417 933 3498 tenebat,

172 3506 379 3586 Romanaeque
403 3507 517 3586 aquilae
544 3506 668 3585 signifer
690 3505 785 3568 hostis
808 3504 888 3569 erati

131 3594 217 3674 Isque
240 3596 337 3675 pudor
360 3598 517 3657 mansisset
539 3594 659 3675 adhuc,
683 3596 740 3655 uisi
763 3594 889 3657 fortibus
912 3597 1002 3656 armis
