2467 4042
402 233 448 283 IV.
467 243 488 282 x
503 233 620 284 58-xt1
638 234 677 283 18.

166 396 297 475 Coniuge
321 393 458 457 crudeles
481 410 541 454 non
563 392 695 454 habuere
719 393 817 454 netas.

120 484 229 545 Nuntia
251 502 318 545 nam
342 483 440 545 luctus
463 481 535 542 mibi
557 499 654 560 nuper
676 480 803 559 epistula
825 482 923 561 venit3

76 585 107 636 ιο
165 571 314 650 Lectaque
338 590 406 632 eum
429 570 558 632 lacrimis
581 576 652 630 sunt
674 576 725 630 tua
748 568 853 629 damna
875 571 967 629 meis.

122 661 179 721 Sed
204 678 300 739 neque
324 659 412 721 solari
435 657 612 737 prudentem
636 657 755 718 stultior
777 659 888 739 ausim,

164 747 319 826 Verbaque
343 747 498 808 doctorum
523 755 592 806 nota
614 746 728 806 reterre
751 744 823 805 tibi:

121 836 312 915 Finitumquc
336 845 441 912 tuum,
465 836 491 894 si
514 851 573 893 non
596 836 733 914 ratione,
757 832 889 893 dolorem

164 926 230 1004 lpsa
253 926 311 983 iam
334 922 450 1003 pridem
474 924 610 999 suspicor
634 939 699 982 esse
723 939 821 982 mora.

75 1025 106 1076 15
121 1012 269 1074 Dumtua
293 1012 428 1091 pervenit
440 1056 449 1090 ‚
474 1010 544 1070 dum
568 1009 665 1070 littera
689 1018 790 1070 nostra
813 1025 972 1069 recurrens

164 1101 221 1167 Tot
244 1101 334 1160 maria
358 1118 392 1159 ac
415 1106 512 1160 terras
534 1106 689 1179 permeat,
712 1115 807 1158 annus
830 1096 907 1157 abit.

120 1188 275 1267 Temporis
298 1188 429 1248 oldcium
452 1195 498 1246 est
521 1185 629 1247 solacia
651 1186 751 1246 dicere
774 1188 866 1267 certi,

164 1276 241 1337 llum
265 1274 349 1335 dolor
371 1278 403 1335 in
426 1292 517 1335 cursu
541 1283 587 1335 cst
609 1282 641 1334 et
662 1277 736 1353 petit
759 1291 847 1353 aeger
870 1290 974 1352 opem.

121 1365 158 1424 At
181 1381 249 1423 cum
273 1361 358 1441 longa
382 1362 446 1423 dies
469 1361 582 1421 sedavit
602 1360 724 1421 vulnera
748 1363 873 1442 mentis,

73 1464 107 1512 20
166 1451 374 1528 intempestive
399 1451 451 1527 qui
473 1457 571 1508 movet
593 1448 664 1527 illa,
687 1457 791 1509 norat.

121 1539 203 1600 lude
227 1537 305 1616 quod
324 1544 466 1615 -atque
490 1537 602 1598 utinam
624 1553 727 1596 rerum
750 1534 824 1596 mibi
845 1538 961 1597 uenerit

670 1621 775 1684 omen!
793 1655 829 1667 -
982 1617 1040 1688 tros>

166 1715 309 1793 Coniugio
333 1712 403 1774 telin
426 1715 483 1774 iam
507 1719 592 1791 potes
615 1728 681 1772 esse
704 1728 797 1772 noro.

495 1904 575 1978 XII.

122 2066 186 2139 Quo
210 2069 308 2128 minus
331 2069 361 2127 in
385 2066 496 2127 nostris
518 2068 660 2144 ponaris,
684 2066 799 2144 amieo,
822 2063 946 2146 libellis,

165 2155 299 2216 Nominis
322 2156 450 2216 efficitur
473 2153 647 2214 condicione
671 2155 731 2214 tui.

121 2243 174 2304 Ast
198 2262 251 2323 ego
274 2262 333 2303 non
357 2242 445 2303 alium
469 2243 554 2320 prius
575 2240 633 2301 boc
655 2240 794 2321 dignarer
816 2240 946 2322 bonore,

166 2330 219 2392 Est
242 2330 348 2410 aliquis
371 2340 507 2391 nostrum
531 2331 556 2389 si
579 2328 667 2388 modo
691 2347 810 2389 carmen
832 2329 945 2390 bonor.

90 2419 181 2481 thx
204 2419 288 2498 pedis
312 2419 409 2480 cilicio
433 2420 610 2497 fortunaque
633 2419 761 2477 nominis
784 2416 898 2498 obstat,

166 2507 290 2586 Quaque
313 2525 396 2568 meos
418 2507 527 2586 adeas,
551 2514 596 2566 cst
620 2506 665 2565 via
688 2504 789 2583 nulla,
813 2504 933 2565 modos.

121 2594 194 2656 Nam
218 2595 311 2673 pudet
333 2597 364 2655 in
387 2597 521 2673 geminos
544 2595 585 2653 ita
607 2610 716 2654 nornen
739 2593 875 2654 scindere
898 2609 1021 2675 versus,

166 2682 286 2745 Desinat
308 2690 342 2744 ut
364 2685 446 2764 prior
469 2682 547 2762 boc,
570 2683 753 2760 incipiatque
775 2683 888 2742 minor.

119 2770 158 2833 Et
180 2772 311 2852 pudeat,
334 2773 360 2831 si
383 2780 434 2853 te,
458 2789 515 2850 qua
539 2768 648 2849 syllaba
670 2777 754 2850 parte
778 2776 928 2853 moratur,

71 2872 105 2923 10
164 2862 266 2922 Artius
289 2859 432 2940 adpellem
455 2858 692 2937 Tuticanumque
716 2875 836 2920 vocem:

119 2948 181 3009 Nec
204 2957 289 3028 potes
312 2951 343 3009 in
366 2965 485 3009 versum
508 2946 645 3007 Tuticani
668 2964 751 3007 more
774 2948 892 3026 venire,

165 3034 230 3096 Fiat
253 3045 287 3097 ut
310 3054 326 3094 e
349 3035 435 3114 longa
458 3033 569 3114 syllaba
591 3037 686 3113 prima
709 3035 826 3095 brevis:

121 3123 179 3182 Aut
202 3122 405 3202 producatur,
429 3140 504 3200 quae
528 3139 607 3182 nuno
631 3124 799 3200 correptius
822 3122 900 3202 exit,

166 3209 203 3270 Et
226 3212 265 3270 sit
287 3217 425 3288 porrecta
448 3209 533 3286 longa
557 3208 687 3268 secunda
710 3225 809 3268 mora.

71 3310 105 3360 15
121 3297 173 3359 llis
197 3316 252 3378 ego
276 3300 301 3358 si
324 3298 403 3357 vitiis
427 3299 522 3357 ausim
546 3313 739 3375 corrumpere
763 3312 889 3376 nomen,

164 3386 273 3447 Ridear
296 3392 326 3447 et
350 3387 455 3446 meritc
479 3391 585 3463 pectus
608 3383 717 3445 habere
741 3401 848 3463 roger.

119 3475 198 3536 llaec
221 3474 293 3535 mibi
317 3491 405 3535 causa
428 3474 484 3535 luit
508 3472 591 3534 dilati
612 3474 746 3533 muneris
768 3472 875 3546 buius,

165 3563 250 3635 Quod
274 3580 358 3624 meus
382 3561 496 3624 adiecto
519 3562 622 3622 ienore
645 3561 750 3623 reddet
773 3578 872 3640 amor,
