2467 4042
185 208 303 278 xxxiv

186 393 313 450 stemma
335 388 419 449 varie
442 388 589 466 truditur,
613 387 667 448 sed
689 388 813 449 Astraei
835 389 908 449 adeo
932 391 964 450 et
985 393 1147 450 Aurorae
1169 409 1218 466 pa·

184 480 286 538 rentes
316 477 454 554 Titanes,
486 474 553 538 Iovi
583 477 667 537 locus
693 494 855 556 nusquam,
885 496 953 557 neo,
985 480 1011 538 si
1044 479 1158 556 esset,
1188 479 1216 537 id

184 586 214 628 r.
229 568 293 626 286
321 564 524 642 praetermitti
549 564 667 642 debuit3
696 566 796 625 omitti
823 567 904 626 certe
925 567 1068 626 Luciferi
1100 567 1218 627 mentio

185 675 214 716 v.
233 657 296 716 319
329 654 412 713 nullo
444 652 532 713 modo
563 653 673 729 potuit.
717 671 772 713 nec
797 657 966 730 properiter
996 673 1142 715 necesse
1174 658 1218 715 est

184 744 306 821 longius
329 743 464 802 distata
486 741 631 819 genitore,
654 760 745 819 quam
766 761 897 819 proavus
920 743 958 803 ab
977 762 1035 804 avo
1062 744 1131 802 aut
1151 761 1218 820 pre

184 851 277 909 nepos
301 849 319 891 a
340 831 459 907 nepote.
504 831 657 906 postremo
688 847 785 891 comae
812 833 844 890 et
871 850 984 892 occure
1007 833 1046 890 de
1084 832 1218 908 ignibus

185 921 332 996 usurpata
354 920 425 980 sunt
447 936 466 977 a
488 916 616 995 Catullo,
640 919 760 996 Seneca,
784 918 865 996 Silio,
888 921 954 996 ipso
974 919 1105 997 ovidio,
1132 921 1217 996 puto,

184 1022 235 1069 xv
250 1010 327 1084 7493
362 1025 434 1066 nam
464 1025 541 1084 quae
569 1008 632 1067 849
667 1009 750 1084 sunt,
782 1008 820 1068 de
852 1025 977 1069 ascensu
1008 1008 1215 1085 accipienda3

184 1098 298 1157 Iulium
320 1097 414 1171 mdes,
437 1095 516 1171 quod
538 1096 570 1153 in
591 1097 691 1155 numis
714 1098 774 1172 est,
797 1114 858 1156 non
880 1098 928 1156 est
949 1100 1102 1157 cometes.

185 1180 250 1246 366
273 1194 450 1255 mucisque
472 1194 710 1244 rauusrrusus
733 1195 825 1244 nxrr.
862 1186 936 1244 haee
964 1187 1012 1244 est
1033 1186 1215 1261 praecipua

185 1273 373 1349 corruptelae
395 1273 428 1330 in
449 1271 497 1330 his
519 1272 657 1332 versibus
681 1271 776 1349 sedes,
799 1290 891 1349 quam
908 1272 1041 1332 codicum
1061 1274 1133 1332 ME
1159 1291 1215 1348 ope

185 1360 332 1438 expedivi.
361 1360 548 1434 palustribus
574 1359 600 1418 E
631 1362 663 1420 et
689 1360 767 1420 alter
793 1360 974 1421 Heinsianus
1007 1362 1069 1421 soli
1107 1378 1212 1421 servs

186 1451 270 1509 runt:
299 1448 450 1508 antecedit
471 1448 504 1506 in
532 1448 737 1525 interpolatis,
764 1449 857 1507 etiam
879 1449 920 1525 E,
942 1450 1098 1528 εἰὶιιὶεφιε,
1123 1450 1161 1508 in
1182 1448 1212 1505 bl

185 1540 347 1614 uiamque,
370 1534 450 1613 qued
470 1535 588 1612 inepte,
609 1535 674 1597 fene
695 1538 733 1595 ut
753 1548 806 1597 vn
821 1538 899 1614 190,
927 1536 980 1596 sed
1002 1538 1070 1597 sine
1092 1536 1211 1596 fraude

185 1645 240 1704 pre
271 1624 416 1687 vocabulo
451 1624 550 1683 minus
581 1626 654 1684 noto
687 1623 832 1701 scriptum
863 1627 919 1685 est.
963 1625 1097 1701 pluralis
1134 1624 1208 1684 adeo

185 1715 297 1775 nostris
320 1713 423 1773 lexicis
445 1712 631 1790 incognitus,
661 1714 746 1773 extat
767 1714 869 1773 autem
891 1714 983 1774 etiam
1005 1714 1092 1790 apud
1118 1713 1208 1773 Sene·

186 1821 252 1863 cam
274 1802 346 1862 Nat.
369 1820 417 1878 qu.
441 1803 560 1861 111162
583 1803 662 1861 rrum
682 1803 848 1875 rationeque
870 1806 896 1861 et
917 1802 1063 1862 lacrimae
1113 1802 1204 1879 lupus

185 1892 282 1968 igitur
308 1890 360 1949 ille
392 1889 487 1949 mucis
514 1890 547 1948 et
573 1890 688 1966 spumis
716 1890 829 1950 oblitus
856 1890 993 1966 emergit
1030 1891 1205 1967 sequuntur

186 1980 263 2039 duae
294 1979 473 2055 locutiones,
502 1995 629 2053 querum
656 1978 720 2036 bini
747 1977 874 2038 ablativi
904 1980 1045 2052 scapum
1066 1982 1201 2051 flammo

185 2068 251 2128 bini
277 2067 441 2127 accusativi
471 2067 561 2126 rietus
593 2067 706 2126 lumino
732 2066 962 2142 dignoremur:
993 2062 1201 2143 participium,

187 2155 267 2232 quod
290 2155 459 2231 posteriora
481 2154 651 2231 coniungit,
674 2155 816 2230 suffusus,
842 2171 898 2213 nec
919 2155 953 2214 in
973 2155 1130 2231 prioribus
1152 2153 1199 2213 de

185 2245 291 2320 luerit3
323 2243 400 2302 latet
420 2243 454 2301 in
476 2243 627 2319 scripture
648 2243 680 2301 Μ
707 2248 734 2302 et
759 2260 894 2317 mareas,
921 2246 1075 2320 quae‚-ut
1103 2242 1199 2320 potui

186 2331 317 2408 Vergilii
339 2331 473 2408 exemplo
496 2330 570 2390 Aen.
594 2332 713 2391 111625
738 2331 888 2391 coniunxi:
915 2331 1017 2407 itaque
1049 2331 1199 2410 sanguine

185 2421 278 2480 rietus
302 2437 468 2497 exspersus,
491 2420 591 2479 oeulos
614 2420 685 2496 igne
709 2418 837 2480 suffusos
855 2420 945 2494 lupus
963 2419 1108 2480 habuisse
1127 2418 1196 2478 dici·

186 2512 246 2568 tur.
281 2509 448 2584 fulmineos,
480 2508 510 2566 h.
528 2525 553 2567 e.
582 2508 633 2583 qui
659 2508 770 2581 fabren
795 2508 828 2566 in
855 2507 994 2567 dentibus
1022 2508 1152 2586 habent,
1174 2519 1197 2565 x

188 2598 266 2674 550,
299 2595 415 2672 aliquot
441 2595 559 2655 Heinsii
589 2596 661 2655 libri
687 2596 769 2655 dant
859 2590 923 2656 387
947 2595 1131 2657 PRAEsl'm·
1152 2607 1195 2656 UT

186 2696 371 2746 nummum.
415 2684 592 2760 interpolati
618 2685 722 2743 Mouet
751 2688 785 2744 ut
814 2702 896 2762 aon,
927 2684 959 2742 M
990 2685 1100 2745 Meet
1130 2702 1196 2746 aue.

185 2775 260 2851 puto
283 2773 316 2832 in
338 2772 501 2851 archetypo
523 2772 618 2832 fuisse
641 2772 849 2848 compendium
866 2773 1098 2850 praepositionis
1111 2774 1194 2848 Prue,

186 2861 294 2921 deinde
320 2866 348 2921 st
374 2879 501 2938 superne
527 2861 622 2920 litura
648 2861 850 2937 absumptum
897 2861 927 2920 P
953 2861 1064 2922 lineola
1095 2879 1194 2940 super·

186 2951 286 3026 posita
314 2949 442 3009 similius
471 2949 519 3008 est
539 2949 582 3026 Ε,
611 2967 716 3027 quam,
744 2948 823 3026 quod
846 2967 935 3027 saepe
957 2969 1013 3026 pro
1035 2968 1072 3009 ea
1091 2952 1193 3011 littera

186 3038 325 3098 habitum
352 3040 413 3114 est,
439 3036 506 3114 Per,
535 3038 589 3097 aut
610 3038 670 3097 Pro
696 3056 751 3113 pro
775 3037 814 3096 A.
858 3056 890 3098 se
910 3043 1065 3113 proestare
1090 3041 1141 3100 est
1163 3038 1193 3097 in

187 3126 341 3187 Tristibus
369 3127 478 3185 11169
517 3128 709 3185 1v10104.
821 3122 886 3186 529
918 3139 1067 3188 uovmus
1099 3145 1193 3188 emen-

187 3215 258 3274 dari
281 3215 354 3274 olim
375 3214 415 3273 ad
433 3213 525 3273 Trist.
539 3216 586 3273 12
607 3216 661 3292 49,
684 3232 701 3274 e
724 3233 782 3292 quo
800 3216 932 3274 carmine
949 3232 1010 3276 non
1026 3234 1123 3292 pauca
1140 3218 1191 3276 huc

186 3303 381 3362 transtulisse
412 3302 645 3378 interpolatores
678 3303 819 3364 credibile
850 3306 905 3363 est.
1017 3299 1081 3364 697
1112 3317 1192 3366 MUL-

188 3403 262 3452 uun
285 3403 367 3451 rum
389 3402 506 3450 umus.
543 3392 590 3451 est
611 3391 687 3450 haec
708 3391 740 3451 M
763 3392 913 3467 scripture
934 3392 1044 3451 iniuria
1060 3394 1190 3471 neglecta

187 3481 227 3540 ab
250 3479 519 3554 interpolatoribus
542 3482 574 3538 et
595 3480 716 3540 criticis.
752 3483 883 3541 1v155:
903 3479 928 3539 0
948 3482 1071 3541 mulum
1092 3483 1189 3543 misci

301 3562 478 3627 711-714
508 3566 674 3626 indicatum
702 3568 786 3629 volui
813 3567 923 3645 duplex
949 3570 1188 3648 supplementum,
