<?xml version="1.0" encoding="UTF-8"?>
<!DOCTYPE html PUBLIC "-//W3C//DTD XHTML 1.0 Transitional//EN"
    "http://www.w3.org/TR/xhtml1/DTD/xhtml1-transitional.dtd">
<html xmlns="http://www.w3.org/1999/xhtml" xml:lang="en" lang="en">
 <head>
  <title>
</title>
<meta http-equiv="Content-Type" content="text/html;charset=utf-8" />
  <meta name='ocr-system' content='tesseract 3.04.00' />
  <meta name='ocr-capabilities' content='ocr_page ocr_carea ocr_par ocr_line ocrx_word'/>
</head>
<body>
  <div class='ocr_page' id='page_1' title='image "./povidiusnaso00ehwagoog_1193.png"; bbox 0 0 2467 4042; ppageno 0'>
   <div class='ocr_carea' id='block_1_1' title="bbox 445 253 1044 319">
    <p class='ocr_par' dir='ltr' id='par_1_1' title="bbox 445 253 1044 319">
     <span class='ocr_line' id='line_1_1' title="bbox 445 253 1044 319; baseline -0.002 -10"><span class='ocrx_word' id='word_1_1' title='bbox 445 257 477 309; x_wconf 87' lang='lat' dir='ltr'><strong>V.</strong></span> <span class='ocrx_word' id='word_1_2' title='bbox 498 259 645 310; x_wconf 76' lang='lat' dir='ltr'><strong>teu-232.</strong></span> <span class='ocrx_word' id='word_1_3' title='bbox 981 253 1044 319; x_wconf 72' lang='grc'><strong>317</strong></span> 
     </span>
    </p>
   </div>
   <div class='ocr_carea' id='block_1_2' title="bbox 25 418 1045 3565">
    <p class='ocr_par' dir='ltr' id='par_1_2' title="bbox 25 418 1045 3565">
     <span class='ocr_line' id='line_1_2' title="bbox 128 418 959 501; baseline 0 -21"><span class='ocrx_word' id='word_1_4' title='bbox 128 419 243 481; x_wconf 80' lang='lat' dir='ltr'>Chloris</span> <span class='ocrx_word' id='word_1_5' title='bbox 267 437 347 480; x_wconf 91' lang='lat' dir='ltr'><strong>eram</strong></span> <span class='ocrx_word' id='word_1_6' title='bbox 359 468 368 500; x_wconf 87' lang='lat'><em>,</em></span> <span class='ocrx_word' id='word_1_7' title='bbox 391 420 519 500; x_wconf 78' lang='lat' dir='ltr'>nymphe</span> <span class='ocrx_word' id='word_1_8' title='bbox 543 423 638 499; x_wconf 91' lang='lat' dir='ltr'><strong>campi</strong></span> <span class='ocrx_word' id='word_1_9' title='bbox 661 421 777 501; x_wconf 77' lang='lat' dir='ltr'><strong>felicis,</strong></span> <span class='ocrx_word' id='word_1_10' title='bbox 800 418 851 481; x_wconf 90' lang='lat' dir='ltr'><strong>ubi</strong></span> <span class='ocrx_word' id='word_1_11' title='bbox 875 419 959 481; x_wconf 89' lang='lat' dir='ltr'><strong>audis</strong></span> 
     </span>
     <span class='ocr_line' id='line_1_3' title="bbox 171 507 744 570; baseline 0 -2"><span class='ocrx_word' id='word_1_12' title='bbox 171 507 244 568; x_wconf 89' lang='lat' dir='ltr'><strong>Rem</strong></span> <span class='ocrx_word' id='word_1_13' title='bbox 268 509 426 569; x_wconf 79' lang='lat' dir='ltr'><strong>fortunatis</strong></span> <span class='ocrx_word' id='word_1_14' title='bbox 449 516 517 569; x_wconf 90' lang='lat' dir='ltr'><strong>ante</strong></span> <span class='ocrx_word' id='word_1_15' title='bbox 541 508 633 570; x_wconf 85' lang='lat' dir='ltr'><strong>fuisse</strong></span> <span class='ocrx_word' id='word_1_16' title='bbox 656 511 744 569; x_wconf 87' lang='lat' dir='ltr'><strong>viris.</strong></span> 
     </span>
     <span class='ocr_line' id='line_1_4' title="bbox 25 586 1045 677; baseline 0 -21"><span class='ocrx_word' id='word_1_17' title='bbox 25 586 32 641; x_wconf 73' lang='lat' dir='ltr'><strong>i</strong></span> <span class='ocrx_word' id='word_1_18' title='bbox 127 594 208 666; x_wconf 84' lang='lat' dir='ltr'><strong>Quae</strong></span> <span class='ocrx_word' id='word_1_19' title='bbox 228 597 316 657; x_wconf 86' lang='lat' dir='ltr'><strong>luerit</strong></span> <span class='ocrx_word' id='word_1_20' title='bbox 336 596 408 656; x_wconf 89' lang='lat' dir='ltr'><strong>mihi</strong></span> <span class='ocrx_word' id='word_1_21' title='bbox 427 596 538 677; x_wconf 78' lang='lat' dir='ltr'><strong>forma,</strong></span> <span class='ocrx_word' id='word_1_22' title='bbox 561 614 648 674; x_wconf 79' lang='lat' dir='ltr'><strong>grave</strong></span> <span class='ocrx_word' id='word_1_23' title='bbox 675 603 721 656; x_wconf 91' lang='lat' dir='ltr'><strong>est</strong></span> <span class='ocrx_word' id='word_1_24' title='bbox 739 613 860 658; x_wconf 89' lang='lat' dir='ltr'><strong>narrare</strong></span> <span class='ocrx_word' id='word_1_25' title='bbox 879 594 1045 676; x_wconf 85' lang='lat' dir='ltr'><strong>modestae;</strong></span> 
     </span>
     <span class='ocr_line' id='line_1_5' title="bbox 25 682 946 765; baseline -0.001 -20"><span class='ocrx_word' id='word_1_26' title='bbox 25 690 113 745; x_wconf 77' lang='lat'>¹200</span> <span class='ocrx_word' id='word_1_27' title='bbox 173 682 230 744; x_wconf 88' lang='lat' dir='ltr'><strong>Sed</strong></span> <span class='ocrx_word' id='word_1_28' title='bbox 253 701 397 763; x_wconf 77' lang='lat' dir='ltr'><strong>generum</strong></span> <span class='ocrx_word' id='word_1_29' title='bbox 419 686 508 745; x_wconf 92' lang='lat' dir='ltr'><strong>matri</strong></span> <span class='ocrx_word' id='word_1_30' title='bbox 530 687 663 765; x_wconf 91' lang='lat' dir='ltr'><strong>repperit</strong></span> <span class='ocrx_word' id='word_1_31' title='bbox 685 684 734 744; x_wconf 93' lang='lat' dir='ltr'><strong>illa</strong></span> <span class='ocrx_word' id='word_1_32' title='bbox 758 684 863 745; x_wconf 89' lang='lat' dir='ltr'><strong>deum.</strong></span> <span class='ocrx_word' id='word_1_33' title='bbox 943 756 946 763; x_wconf 23' lang='grc' dir='ltr'>Ι</span> 
     </span>
     <span class='ocr_line' id='line_1_6' title="bbox 25 770 1009 853; baseline 0.003 -23"><span class='ocrx_word' id='word_1_34' title='bbox 25 783 28 824; x_wconf 78' lang='lat' dir='ltr'><strong>t</strong></span> <span class='ocrx_word' id='word_1_35' title='bbox 127 770 185 832; x_wconf 92' lang='lat' dir='ltr'><strong>Ver</strong></span> <span class='ocrx_word' id='word_1_36' title='bbox 208 781 294 851; x_wconf 85' lang='lat' dir='ltr'><strong>erat,</strong></span> <span class='ocrx_word' id='word_1_37' title='bbox 317 771 473 833; x_wconf 81' lang='lat' dir='ltr'><strong>errabam:</strong></span> <span class='ocrx_word' id='word_1_38' title='bbox 505 772 658 853; x_wconf 83' lang='lat' dir='ltr'><strong>Zephyrus</strong></span> <span class='ocrx_word' id='word_1_39' title='bbox 677 775 852 852; x_wconf 73' lang='lat' dir='ltr'><strong>conspexit,</strong></span> <span class='ocrx_word' id='word_1_40' title='bbox 876 771 1009 833; x_wconf 87' lang='lat' dir='ltr'><strong>ebibam.</strong></span> 
     </span>
     <span class='ocr_line' id='line_1_7' title="bbox 171 859 796 941; baseline 0.002 -21"><span class='ocrx_word' id='word_1_41' title='bbox 171 859 342 940; x_wconf 80' lang='lat' dir='ltr'><strong>Insequitur</strong></span> <span class='ocrx_word' id='word_1_42' title='bbox 355 909 363 941; x_wconf 90' lang='lat'>,</span> <span class='ocrx_word' id='word_1_43' title='bbox 386 861 489 939; x_wconf 84' lang='lat' dir='ltr'><strong>iugio:</strong></span> <span class='ocrx_word' id='word_1_44' title='bbox 522 861 628 923; x_wconf 76' lang='lat' dir='ltr'><strong>fortior</strong></span> <span class='ocrx_word' id='word_1_45' title='bbox 651 859 700 921; x_wconf 89' lang='lat' dir='ltr'><strong>ille</strong></span> <span class='ocrx_word' id='word_1_46' title='bbox 724 862 796 922; x_wconf 88' lang='lat' dir='ltr'><strong>luit.</strong></span> 
     </span>
     <span class='ocr_line' id='line_1_8' title="bbox 25 947 889 1028; baseline 0.005 -23"><span class='ocrx_word' id='word_1_47' title='bbox 25 948 37 1005; x_wconf 78' lang='lat' dir='ltr'><strong>t</strong></span> <span class='ocrx_word' id='word_1_48' title='bbox 126 947 165 1008; x_wconf 89' lang='lat' dir='ltr'><strong>Et</strong></span> <span class='ocrx_word' id='word_1_49' title='bbox 187 948 309 1010; x_wconf 80' lang='lat' dir='ltr'><strong>dederat</strong></span> <span class='ocrx_word' id='word_1_50' title='bbox 331 949 416 1009; x_wconf 86' lang='lat' dir='ltr'><strong>iratri</strong></span> <span class='ocrx_word' id='word_1_51' title='bbox 438 948 548 1009; x_wconf 89' lang='lat' dir='ltr'><strong>Boreas</strong></span> <span class='ocrx_word' id='word_1_52' title='bbox 571 951 618 1010; x_wconf 91' lang='lat' dir='ltr'><strong>ius</strong></span> <span class='ocrx_word' id='word_1_53' title='bbox 642 966 729 1010; x_wconf 91' lang='lat' dir='ltr'><strong>omne</strong></span> <span class='ocrx_word' id='word_1_54' title='bbox 752 951 889 1028; x_wconf 85' lang='lat' dir='ltr'><strong>rapinae,</strong></span> 
     </span>
     <span class='ocr_line' id='line_1_9' title="bbox 25 1035 841 1116; baseline 0 -20"><span class='ocrx_word' id='word_1_55' title='bbox 25 1040 35 1096; x_wconf 79' lang='lat' dir='ltr'><strong>t</strong></span> <span class='ocrx_word' id='word_1_56' title='bbox 170 1036 268 1098; x_wconf 76' lang='lat' dir='ltr'><strong>Ausus</strong></span> <span class='ocrx_word' id='word_1_57' title='bbox 291 1035 457 1098; x_wconf 84' lang='lat' dir='ltr'><strong>Erechthea</strong></span> <span class='ocrx_word' id='word_1_58' title='bbox 480 1040 610 1116; x_wconf 90' lang='lat' dir='ltr'><strong>praemia</strong></span> <span class='ocrx_word' id='word_1_59' title='bbox 634 1038 713 1097; x_wconf 89' lang='lat' dir='ltr'><strong>lerre</strong></span> <span class='ocrx_word' id='word_1_60' title='bbox 736 1037 841 1097; x_wconf 85' lang='lat' dir='ltr'><strong>domo.</strong></span> 
     </span>
     <span class='ocr_line' id='line_1_10' title="bbox 27 1123 977 1206; baseline -0.001 -21"><span class='ocrx_word' id='word_1_61' title='bbox 27 1132 110 1186; x_wconf 73' lang='lat' dir='ltr'><strong>teet</strong></span> <span class='ocrx_word' id='word_1_62' title='bbox 125 1123 190 1185; x_wconf 88' lang='lat' dir='ltr'><strong>Vim</strong></span> <span class='ocrx_word' id='word_1_63' title='bbox 212 1132 312 1186; x_wconf 89' lang='lat' dir='ltr'><strong>tamen</strong></span> <span class='ocrx_word' id='word_1_64' title='bbox 336 1125 473 1186; x_wconf 89' lang='lat' dir='ltr'><strong>emendat</strong></span> <span class='ocrx_word' id='word_1_65' title='bbox 495 1125 590 1186; x_wconf 93' lang='lat' dir='ltr'><strong>dando</strong></span> <span class='ocrx_word' id='word_1_66' title='bbox 613 1125 687 1186; x_wconf 90' lang='lat' dir='ltr'><strong>mihi</strong></span> <span class='ocrx_word' id='word_1_67' title='bbox 709 1126 827 1187; x_wconf 89' lang='lat' dir='ltr'><strong>nomina</strong></span> <span class='ocrx_word' id='word_1_68' title='bbox 851 1131 977 1206; x_wconf 85' lang='lat' dir='ltr'><strong>nuptae,</strong></span> 
     </span>
     <span class='ocr_line' id='line_1_11' title="bbox 25 1211 847 1293; baseline -0.006 -15"><span class='ocrx_word' id='word_1_69' title='bbox 25 1220 35 1278; x_wconf 79' lang='lat' dir='ltr'><strong>i</strong></span> <span class='ocrx_word' id='word_1_70' title='bbox 169 1211 262 1293; x_wconf 85' lang='lat' dir='ltr'><strong>Inque</strong></span> <span class='ocrx_word' id='word_1_71' title='bbox 286 1231 351 1274; x_wconf 90' lang='lat' dir='ltr'><strong>meo</strong></span> <span class='ocrx_word' id='word_1_72' title='bbox 376 1231 435 1275; x_wconf 94' lang='lat' dir='ltr'><strong>non</strong></span> <span class='ocrx_word' id='word_1_73' title='bbox 459 1222 505 1274; x_wconf 89' lang='lat' dir='ltr'><strong>est</strong></span> <span class='ocrx_word' id='word_1_74' title='bbox 527 1213 585 1274; x_wconf 93' lang='lat' dir='ltr'><strong>ulla</strong></span> <span class='ocrx_word' id='word_1_75' title='bbox 609 1213 741 1292; x_wconf 81' lang='lat' dir='ltr'><strong>querella</strong></span> <span class='ocrx_word' id='word_1_76' title='bbox 763 1220 847 1274; x_wconf 83' lang='lat' dir='ltr'><strong>toro.</strong></span> 
     </span>
     <span class='ocr_line' id='line_1_12' title="bbox 25 1299 975 1381; baseline 0.002 -22"><span class='ocrx_word' id='word_1_77' title='bbox 25 1323 34 1367; x_wconf 82' lang='lat' dir='ltr'><strong>t</strong></span> <span class='ocrx_word' id='word_1_78' title='bbox 126 1299 200 1360; x_wconf 87' lang='lat' dir='ltr'><strong>Vere</strong></span> <span class='ocrx_word' id='word_1_79' title='bbox 224 1303 307 1362; x_wconf 85' lang='lat' dir='ltr'><strong>fruor</strong></span> <span class='ocrx_word' id='word_1_80' title='bbox 331 1319 470 1381; x_wconf 84' lang='lat' dir='ltr'><strong>semper:</strong></span> <span class='ocrx_word' id='word_1_81' title='bbox 503 1320 620 1381; x_wconf 89' lang='lat' dir='ltr'><strong>semper</strong></span> <span class='ocrx_word' id='word_1_82' title='bbox 643 1302 839 1364; x_wconf 87' lang='lat' dir='ltr'><strong>nitidissimus</strong></span> <span class='ocrx_word' id='word_1_83' title='bbox 862 1316 975 1380; x_wconf 77' lang='lat' dir='ltr'><strong>anneis,</strong></span> 
     </span>
     <span class='ocr_line' id='line_1_13' title="bbox 38 1386 963 1470; baseline 0.003 -24"><span class='ocrx_word' id='word_1_84' title='bbox 38 1386 41 1445; x_wconf 82' lang='lat'><em>3</em></span> <span class='ocrx_word' id='word_1_85' title='bbox 170 1387 267 1448; x_wconf 74' lang='lat' dir='ltr'><strong>Arbor</strong></span> <span class='ocrx_word' id='word_1_86' title='bbox 289 1387 378 1448; x_wconf 89' lang='lat' dir='ltr'><strong>hahet</strong></span> <span class='ocrx_word' id='word_1_87' title='bbox 401 1389 543 1470; x_wconf 81' lang='lat' dir='ltr'><strong>frondes,</strong></span> <span class='ocrx_word' id='word_1_88' title='bbox 567 1388 674 1467; x_wconf 88' lang='lat' dir='ltr'><strong>pabula</strong></span> <span class='ocrx_word' id='word_1_89' title='bbox 697 1407 814 1468; x_wconf 90' lang='lat' dir='ltr'><strong>semper</strong></span> <span class='ocrx_word' id='word_1_90' title='bbox 837 1389 963 1450; x_wconf 87' lang='lat' dir='ltr'><strong>humus.</strong></span> 
     </span>
     <span class='ocr_line' id='line_1_14' title="bbox 31 1473 913 1554; baseline 0.002 -20"><span class='ocrx_word' id='word_1_91' title='bbox 31 1496 43 1543; x_wconf 80' lang='lat' dir='ltr'><strong>t</strong></span> <span class='ocrx_word' id='word_1_92' title='bbox 127 1473 179 1535; x_wconf 83' lang='lat' dir='ltr'><strong>Est</strong></span> <span class='ocrx_word' id='word_1_93' title='bbox 202 1474 274 1535; x_wconf 89' lang='lat' dir='ltr'><strong>mihi</strong></span> <span class='ocrx_word' id='word_1_94' title='bbox 297 1475 442 1536; x_wconf 78' lang='lat' dir='ltr'><strong>secundus</strong></span> <span class='ocrx_word' id='word_1_95' title='bbox 466 1476 611 1537; x_wconf 88' lang='lat' dir='ltr'><strong>dotalibus</strong></span> <span class='ocrx_word' id='word_1_96' title='bbox 634 1476 739 1537; x_wconf 92' lang='lat' dir='ltr'><strong>hortus</strong></span> <span class='ocrx_word' id='word_1_97' title='bbox 761 1480 791 1537; x_wconf 91' lang='lat' dir='ltr'><strong>in</strong></span> <span class='ocrx_word' id='word_1_98' title='bbox 816 1478 913 1554; x_wconf 83' lang='lat' dir='ltr'><strong>agris,</strong></span> 
     </span>
     <span class='ocr_line' id='line_1_15' title="bbox 25 1562 892 1643; baseline 0 -19"><span class='ocrx_word' id='word_1_99' title='bbox 25 1574 111 1639; x_wconf 68' lang='lat' dir='ltr'><strong>pelo</strong></span> <span class='ocrx_word' id='word_1_100' title='bbox 170 1562 249 1624; x_wconf 74' lang='lat' dir='ltr'><strong>dura</strong></span> <span class='ocrx_word' id='word_1_101' title='bbox 272 1563 367 1643; x_wconf 85' lang='lat' dir='ltr'><strong>louet,</strong></span> <span class='ocrx_word' id='word_1_102' title='bbox 391 1563 518 1642; x_wconf 92' lang='lat' dir='ltr'><strong>liquidae</strong></span> <span class='ocrx_word' id='word_1_103' title='bbox 542 1565 622 1625; x_wconf 87' lang='lat' dir='ltr'><strong>lonte</strong></span> <span class='ocrx_word' id='word_1_104' title='bbox 645 1565 758 1642; x_wconf 84' lang='lat' dir='ltr'><strong>rigatur</strong></span> <span class='ocrx_word' id='word_1_105' title='bbox 782 1580 892 1642; x_wconf 89' lang='lat' dir='ltr'><strong>aquae:</strong></span> 
     </span>
     <span class='ocr_line' id='line_1_16' title="bbox 25 1649 903 1732; baseline 0.001 -21"><span class='ocrx_word' id='word_1_106' title='bbox 25 1663 44 1731; x_wconf 71' lang='lat' dir='ltr'><strong>p</strong></span> <span class='ocrx_word' id='word_1_107' title='bbox 126 1649 211 1711; x_wconf 86' lang='lat' dir='ltr'><strong>Hunc</strong></span> <span class='ocrx_word' id='word_1_108' title='bbox 235 1669 319 1712; x_wconf 89' lang='lat' dir='ltr'><strong>meus</strong></span> <span class='ocrx_word' id='word_1_109' title='bbox 342 1651 475 1730; x_wconf 87' lang='lat' dir='ltr'><strong>implevit</strong></span> <span class='ocrx_word' id='word_1_110' title='bbox 496 1670 641 1730; x_wconf 81' lang='lat' dir='ltr'><strong>generoso</strong></span> <span class='ocrx_word' id='word_1_111' title='bbox 663 1651 737 1712; x_wconf 85' lang='lat' dir='ltr'><strong>tlore</strong></span> <span class='ocrx_word' id='word_1_112' title='bbox 761 1655 903 1732; x_wconf 88' lang='lat' dir='ltr'><strong>maritus,</strong></span> 
     </span>
     <span class='ocr_line' id='line_1_17' title="bbox 25 1734 966 1821; baseline 0 -22"><span class='ocrx_word' id='word_1_113' title='bbox 25 1752 44 1821; x_wconf 69' lang='lat' dir='ltr'><strong>,t</strong></span> <span class='ocrx_word' id='word_1_114' title='bbox 170 1738 266 1818; x_wconf 73' lang='lat' dir='ltr'><strong>Atque</strong></span> <span class='ocrx_word' id='word_1_115' title='bbox 290 1742 331 1799; x_wconf 89' lang='lat' dir='ltr'><strong>ait</strong></span> <span class='ocrx_word' id='word_1_116' title='bbox 354 1734 537 1800; x_wconf 77' lang='lat' dir='ltr'><strong>“arbitrium</strong></span> <span class='ocrx_word' id='word_1_117' title='bbox 561 1749 616 1820; x_wconf 89' lang='lat' dir='ltr'><strong>tu,</strong></span> <span class='ocrx_word' id='word_1_118' title='bbox 640 1739 717 1820; x_wconf 89' lang='lat' dir='ltr'><strong>dea,</strong></span> <span class='ocrx_word' id='word_1_119' title='bbox 739 1739 822 1800; x_wconf 86' lang='lat' dir='ltr'><strong>floris</strong></span> <span class='ocrx_word' id='word_1_120' title='bbox 844 1736 966 1800; x_wconf 86' lang='lat' dir='ltr'><strong>habe.&#39;&#39;</strong></span> 
     </span>
     <span class='ocr_line' id='line_1_18' title="bbox 31 1826 888 1908; baseline 0 -21"><span class='ocrx_word' id='word_1_121' title='bbox 31 1850 45 1891; x_wconf 58' lang='grc' dir='ltr'>η</span> <span class='ocrx_word' id='word_1_122' title='bbox 126 1826 219 1906; x_wconf 89' lang='lat' dir='ltr'><strong>Saepe</strong></span> <span class='ocrx_word' id='word_1_123' title='bbox 243 1845 297 1907; x_wconf 83' lang='lat' dir='ltr'><strong>ego</strong></span> <span class='ocrx_word' id='word_1_124' title='bbox 321 1826 450 1905; x_wconf 83' lang='lat' dir='ltr'><strong>digestos</strong></span> <span class='ocrx_word' id='word_1_125' title='bbox 474 1828 552 1888; x_wconf 89' lang='lat' dir='ltr'><strong>volui</strong></span> <span class='ocrx_word' id='word_1_126' title='bbox 575 1845 732 1888; x_wconf 92' lang='lat' dir='ltr'><strong>numerare</strong></span> <span class='ocrx_word' id='word_1_127' title='bbox 756 1828 888 1908; x_wconf 88' lang='lat' dir='ltr'><strong>colores,</strong></span> 
     </span>
     <span class='ocr_line' id='line_1_19' title="bbox 27 1914 833 1997; baseline 0.002 -22"><span class='ocrx_word' id='word_1_128' title='bbox 27 1939 44 1997; x_wconf 76' lang='lat' dir='ltr'><strong>p</strong></span> <span class='ocrx_word' id='word_1_129' title='bbox 169 1914 230 1975; x_wconf 89' lang='lat' dir='ltr'><strong>Nec</strong></span> <span class='ocrx_word' id='word_1_130' title='bbox 253 1918 358 1997; x_wconf 85' lang='lat' dir='ltr'><strong>potui;</strong></span> <span class='ocrx_word' id='word_1_131' title='bbox 381 1933 506 1979; x_wconf 91' lang='lat' dir='ltr'><strong>numero</strong></span> <span class='ocrx_word' id='word_1_132' title='bbox 530 1918 614 1995; x_wconf 89' lang='lat' dir='ltr'><strong>copia</strong></span> <span class='ocrx_word' id='word_1_133' title='bbox 637 1918 729 1976; x_wconf 90' lang='lat' dir='ltr'><strong>maior</strong></span> <span class='ocrx_word' id='word_1_134' title='bbox 753 1924 833 1977; x_wconf 90' lang='lat' dir='ltr'><strong>erat.</strong></span> 
     </span>
     <span class='ocr_line' id='line_1_20' title="bbox 25 2002 940 2108; baseline -0.001 -44"><span class='ocrx_word' id='word_1_135' title='bbox 25 2014 111 2108; x_wconf 69' lang='lat' dir='ltr'><strong>pm</strong></span> <span class='ocrx_word' id='word_1_136' title='bbox 125 2002 251 2064; x_wconf 86' lang='lat' dir='ltr'><strong>Roscida</strong></span> <span class='ocrx_word' id='word_1_137' title='bbox 274 2021 341 2064; x_wconf 92' lang='lat' dir='ltr'><strong>cum</strong></span> <span class='ocrx_word' id='word_1_138' title='bbox 365 2006 495 2082; x_wconf 90' lang='lat' dir='ltr'><strong>primum</strong></span> <span class='ocrx_word' id='word_1_139' title='bbox 517 2002 595 2064; x_wconf 83' lang='lat' dir='ltr'><strong>loliis</strong></span> <span class='ocrx_word' id='word_1_140' title='bbox 618 2022 742 2064; x_wconf 82' lang='lat' dir='ltr'><strong>excussa</strong></span> <span class='ocrx_word' id='word_1_141' title='bbox 764 2006 872 2083; x_wconf 92' lang='lat' dir='ltr'><strong>pruina</strong></span> <span class='ocrx_word' id='word_1_142' title='bbox 895 2013 940 2064; x_wconf 88' lang='lat' dir='ltr'><strong>est</strong></span> 
     </span>
     <span class='ocr_line' id='line_1_21' title="bbox 31 2091 757 2176; baseline 0.001 -25"><span class='ocrx_word' id='word_1_143' title='bbox 31 2116 46 2176; x_wconf 76' lang='lat' dir='ltr'><strong>p</strong></span> <span class='ocrx_word' id='word_1_144' title='bbox 168 2091 325 2152; x_wconf 81' lang='lat' dir='ltr'><strong>Etruriae</strong></span> <span class='ocrx_word' id='word_1_145' title='bbox 349 2091 439 2151; x_wconf 90' lang='lat' dir='ltr'><strong>radiis</strong></span> <span class='ocrx_word' id='word_1_146' title='bbox 461 2094 617 2171; x_wconf 89' lang='lat' dir='ltr'><strong>intepuere</strong></span> <span class='ocrx_word' id='word_1_147' title='bbox 642 2109 757 2170; x_wconf 89' lang='lat' dir='ltr'><strong>cumae,</strong></span> 
     </span>
     <span class='ocr_line' id='line_1_22' title="bbox 25 2177 884 2268; baseline 0.001 -29"><span class='ocrx_word' id='word_1_148' title='bbox 25 2214 46 2268; x_wconf 52' lang='lat' dir='ltr'><strong>„p</strong></span> <span class='ocrx_word' id='word_1_149' title='bbox 125 2178 312 2241; x_wconf 84' lang='lat' dir='ltr'><strong>Conveniunt</strong></span> <span class='ocrx_word' id='word_1_150' title='bbox 334 2181 422 2259; x_wconf 89' lang='lat' dir='ltr'><strong>pictis</strong></span> <span class='ocrx_word' id='word_1_151' title='bbox 444 2182 590 2241; x_wconf 86' lang='lat' dir='ltr'><strong>incinctae</strong></span> <span class='ocrx_word' id='word_1_152' title='bbox 614 2180 746 2241; x_wconf 91' lang='lat' dir='ltr'><strong>vestibus</strong></span> <span class='ocrx_word' id='word_1_153' title='bbox 770 2177 884 2259; x_wconf 87' lang='lat' dir='ltr'><strong>Horae,</strong></span> 
     </span>
     <span class='ocr_line' id='line_1_23' title="bbox 28 2266 932 2358; baseline -0.001 -31"><span class='ocrx_word' id='word_1_154' title='bbox 28 2297 41 2358; x_wconf 72' lang='lat' dir='ltr'><strong>p</strong></span> <span class='ocrx_word' id='word_1_155' title='bbox 168 2266 261 2346; x_wconf 91' lang='lat' dir='ltr'><strong>lnque</strong></span> <span class='ocrx_word' id='word_1_156' title='bbox 285 2266 364 2342; x_wconf 78' lang='lat' dir='ltr'><strong>leves</strong></span> <span class='ocrx_word' id='word_1_157' title='bbox 388 2267 516 2328; x_wconf 88' lang='lat' dir='ltr'><strong>calathos</strong></span> <span class='ocrx_word' id='word_1_158' title='bbox 539 2286 663 2329; x_wconf 89' lang='lat' dir='ltr'><strong>munera</strong></span> <span class='ocrx_word' id='word_1_159' title='bbox 685 2277 787 2329; x_wconf 90' lang='lat' dir='ltr'><strong>nostra</strong></span> <span class='ocrx_word' id='word_1_160' title='bbox 810 2267 932 2346; x_wconf 87' lang='lat' dir='ltr'><strong>legunt.</strong></span> 
     </span>
     <span class='ocr_line' id='line_1_24' title="bbox 25 2353 967 2452; baseline -0.003 -36"><span class='ocrx_word' id='word_1_161' title='bbox 25 2353 45 2452; x_wconf 77' lang='lat' dir='ltr'><strong>p</strong></span> <span class='ocrx_word' id='word_1_162' title='bbox 124 2355 265 2417; x_wconf 86' lang='lat' dir='ltr'><strong>Protinus</strong></span> <span class='ocrx_word' id='word_1_163' title='bbox 288 2355 433 2416; x_wconf 89' lang='lat' dir='ltr'><strong>accedunt</strong></span> <span class='ocrx_word' id='word_1_164' title='bbox 456 2354 612 2436; x_wconf 80' lang='lat' dir='ltr'><strong>Charites,</strong></span> <span class='ocrx_word' id='word_1_165' title='bbox 635 2363 818 2434; x_wconf 89' lang='lat' dir='ltr'><strong>nectuntque</strong></span> <span class='ocrx_word' id='word_1_166' title='bbox 842 2371 967 2416; x_wconf 90' lang='lat' dir='ltr'><strong>coronas</strong></span> 
     </span>
     <span class='ocr_line' id='line_1_25' title="bbox 33 2442 822 2529; baseline -0.006 -21"><span class='ocrx_word' id='word_1_167' title='bbox 33 2458 110 2529; x_wconf 56' lang='lat' dir='ltr'><strong>n2220</strong></span> <span class='ocrx_word' id='word_1_168' title='bbox 170 2443 314 2523; x_wconf 90' lang='lat' dir='ltr'><strong>Sertaque</strong></span> <span class='ocrx_word' id='word_1_169' title='bbox 338 2442 480 2505; x_wconf 90' lang='lat' dir='ltr'><strong>caelestes</strong></span> <span class='ocrx_word' id='word_1_170' title='bbox 503 2443 681 2523; x_wconf 89' lang='lat' dir='ltr'><strong>implicitura</strong></span> <span class='ocrx_word' id='word_1_171' title='bbox 705 2460 822 2504; x_wconf 86' lang='lat' dir='ltr'><strong>eomas.</strong></span> 
     </span>
     <span class='ocr_line' id='line_1_26' title="bbox 25 2531 976 2630; baseline -0.002 -38"><span class='ocrx_word' id='word_1_172' title='bbox 25 2542 45 2630; x_wconf 60' lang='lat' dir='ltr'><strong>p</strong></span> <span class='ocrx_word' id='word_1_173' title='bbox 124 2531 221 2592; x_wconf 80' lang='lat' dir='ltr'><strong>Prima</strong></span> <span class='ocrx_word' id='word_1_174' title='bbox 245 2550 300 2610; x_wconf 93' lang='lat' dir='ltr'><strong>per</strong></span> <span class='ocrx_word' id='word_1_175' title='bbox 322 2534 481 2593; x_wconf 89' lang='lat' dir='ltr'><strong>immensas</strong></span> <span class='ocrx_word' id='word_1_176' title='bbox 505 2534 599 2611; x_wconf 89' lang='lat' dir='ltr'><strong>sparsi</strong></span> <span class='ocrx_word' id='word_1_177' title='bbox 623 2550 696 2592; x_wconf 86' lang='lat' dir='ltr'><strong>nora</strong></span> <span class='ocrx_word' id='word_1_178' title='bbox 720 2534 832 2591; x_wconf 89' lang='lat' dir='ltr'><strong>semina</strong></span> <span class='ocrx_word' id='word_1_179' title='bbox 855 2537 976 2609; x_wconf 81' lang='lat' dir='ltr'><strong>gentes:</strong></span> 
     </span>
     <span class='ocr_line' id='line_1_27' title="bbox 28 2619 699 2719; baseline -0.001 -39"><span class='ocrx_word' id='word_1_180' title='bbox 28 2668 46 2719; x_wconf 69' lang='lat' dir='ltr'><strong>p</strong></span> <span class='ocrx_word' id='word_1_181' title='bbox 168 2619 262 2680; x_wconf 92' lang='lat' dir='ltr'><strong>Unius</strong></span> <span class='ocrx_word' id='word_1_182' title='bbox 286 2619 373 2681; x_wconf 89' lang='lat' dir='ltr'><strong>tellus</strong></span> <span class='ocrx_word' id='word_1_183' title='bbox 397 2627 464 2679; x_wconf 92' lang='lat' dir='ltr'><strong>ante</strong></span> <span class='ocrx_word' id='word_1_184' title='bbox 488 2620 595 2680; x_wconf 87' lang='lat' dir='ltr'><strong>eoloris</strong></span> <span class='ocrx_word' id='word_1_185' title='bbox 618 2629 699 2680; x_wconf 89' lang='lat' dir='ltr'><strong>erat.</strong></span> 
     </span>
     <span class='ocr_line' id='line_1_28' title="bbox 25 2676 887 2811; baseline -0.001 -42"><span class='ocrx_word' id='word_1_186' title='bbox 25 2676 44 2811; x_wconf 54' lang='lat' dir='ltr'><strong>&#39;p</strong></span> <span class='ocrx_word' id='word_1_187' title='bbox 124 2708 221 2769; x_wconf 88' lang='lat' dir='ltr'><strong>Prima</strong></span> <span class='ocrx_word' id='word_1_188' title='bbox 244 2707 436 2787; x_wconf 82' lang='lat' dir='ltr'><strong>Therapnaeo</strong></span> <span class='ocrx_word' id='word_1_189' title='bbox 460 2708 517 2769; x_wconf 87' lang='lat' dir='ltr'><strong>leci</strong></span> <span class='ocrx_word' id='word_1_190' title='bbox 541 2707 576 2767; x_wconf 91' lang='lat' dir='ltr'><strong>de</strong></span> <span class='ocrx_word' id='word_1_191' title='bbox 601 2709 743 2785; x_wconf 84' lang='lat' dir='ltr'><strong>sanguine</strong></span> <span class='ocrx_word' id='word_1_192' title='bbox 766 2706 887 2788; x_wconf 87' lang='lat' dir='ltr'><strong>llorem,</strong></span> 
     </span>
     <span class='ocr_line' id='line_1_29' title="bbox 25 2795 857 2884; baseline -0.002 -27"><span class='ocrx_word' id='word_1_193' title='bbox 25 2806 49 2884; x_wconf 64' lang='lat' dir='ltr'><strong>&#39;p</strong></span> <span class='ocrx_word' id='word_1_194' title='bbox 168 2795 205 2857; x_wconf 85' lang='lat' dir='ltr'><strong>Et</strong></span> <span class='ocrx_word' id='word_1_195' title='bbox 228 2807 328 2857; x_wconf 91' lang='lat' dir='ltr'><strong>manet</strong></span> <span class='ocrx_word' id='word_1_196' title='bbox 350 2799 381 2857; x_wconf 92' lang='lat' dir='ltr'><strong>in</strong></span> <span class='ocrx_word' id='word_1_197' title='bbox 404 2796 473 2856; x_wconf 86' lang='lat' dir='ltr'><strong>lolio</strong></span> <span class='ocrx_word' id='word_1_198' title='bbox 498 2798 608 2874; x_wconf 90' lang='lat' dir='ltr'><strong>scripta</strong></span> <span class='ocrx_word' id='word_1_199' title='bbox 632 2795 763 2875; x_wconf 89' lang='lat' dir='ltr'><strong>querella</strong></span> <span class='ocrx_word' id='word_1_200' title='bbox 786 2813 857 2856; x_wconf 89' lang='lat' dir='ltr'><strong>suo.</strong></span> 
     </span>
     <span class='ocr_line' id='line_1_30' title="bbox 26 2855 963 2977; baseline -0.005 -30.005"><span class='ocrx_word' id='word_1_201' title='bbox 26 2855 109 2977; x_wconf 52' lang='lat' dir='ltr'><strong>spen</strong></span> <span class='ocrx_word' id='word_1_202' title='bbox 124 2884 170 2944; x_wconf 83' lang='lat' dir='ltr'><strong>Tu</strong></span> <span class='ocrx_word' id='word_1_203' title='bbox 198 2902 315 2965; x_wconf 92' lang='lat' dir='ltr'><strong>quoque</strong></span> <span class='ocrx_word' id='word_1_204' title='bbox 339 2902 447 2946; x_wconf 92' lang='lat' dir='ltr'><strong>nomen</strong></span> <span class='ocrx_word' id='word_1_205' title='bbox 470 2883 562 2945; x_wconf 89' lang='lat' dir='ltr'><strong>habes</strong></span> <span class='ocrx_word' id='word_1_206' title='bbox 586 2885 704 2964; x_wconf 80' lang='lat' dir='ltr'><strong>cultos,</strong></span> <span class='ocrx_word' id='word_1_207' title='bbox 727 2884 885 2962; x_wconf 89' lang='lat' dir='ltr'><strong>Narcisse,</strong></span> <span class='ocrx_word' id='word_1_208' title='bbox 909 2900 963 2960; x_wconf 93' lang='lat' dir='ltr'><strong>per</strong></span> 
     </span>
     <span class='ocr_line' id='line_1_31' title="bbox 25 2949 792 3053; baseline 0 -22"><span class='ocrx_word' id='word_1_209' title='bbox 25 2949 41 3041; x_wconf 33' lang='lat'><strong>¹³⁴</strong></span> <span class='ocrx_word' id='word_1_210' title='bbox 670 2972 792 3053; x_wconf 80' lang='lat' dir='ltr'><strong>hortos,</strong></span> 
     </span>
     <span class='ocr_line' id='line_1_32' title="bbox 25 3037 834 3147; baseline 0 -27"><span class='ocrx_word' id='word_1_211' title='bbox 25 3037 52 3147; x_wconf 42' lang='lat' dir='ltr'><strong>w}</strong></span> <span class='ocrx_word' id='word_1_212' title='bbox 168 3060 272 3122; x_wconf 83' lang='lat' dir='ltr'><strong>lnlelix</strong></span> <span class='ocrx_word' id='word_1_213' title='bbox 285 3111 294 3142; x_wconf 86' lang='lat'><em>,</em></span> <span class='ocrx_word' id='word_1_214' title='bbox 317 3061 395 3141; x_wconf 91' lang='lat' dir='ltr'><strong>quod</strong></span> <span class='ocrx_word' id='word_1_215' title='bbox 419 3079 479 3122; x_wconf 91' lang='lat' dir='ltr'><strong>non</strong></span> <span class='ocrx_word' id='word_1_216' title='bbox 503 3059 577 3121; x_wconf 86' lang='lat' dir='ltr'><strong>alter</strong></span> <span class='ocrx_word' id='word_1_217' title='bbox 601 3070 631 3121; x_wconf 92' lang='lat' dir='ltr'><strong>et</strong></span> <span class='ocrx_word' id='word_1_218' title='bbox 654 3060 728 3121; x_wconf 91' lang='lat' dir='ltr'><strong>alter</strong></span> <span class='ocrx_word' id='word_1_219' title='bbox 751 3075 834 3120; x_wconf 86' lang='lat' dir='ltr'><strong>eras.</strong></span> 
     </span>
     <span class='ocr_line' id='line_1_33' title="bbox 25 3121 1029 3227; baseline -0.005 -17"><span class='ocrx_word' id='word_1_220' title='bbox 25 3121 42 3178; x_wconf 44' lang='grc' dir='ltr'><strong>ΙΝ</strong></span> <span class='ocrx_word' id='word_1_221' title='bbox 126 3148 203 3220; x_wconf 86' lang='lat' dir='ltr'><strong>Quid</strong></span> <span class='ocrx_word' id='word_1_222' title='bbox 226 3148 340 3210; x_wconf 87' lang='lat' dir='ltr'><strong>Crocon</strong></span> <span class='ocrx_word' id='word_1_223' title='bbox 363 3159 414 3209; x_wconf 89' lang='lat' dir='ltr'><strong>ent</strong></span> <span class='ocrx_word' id='word_1_224' title='bbox 436 3149 517 3210; x_wconf 78' lang='lat' dir='ltr'><strong>Attin</strong></span> <span class='ocrx_word' id='word_1_225' title='bbox 542 3150 669 3210; x_wconf 90' lang='lat' dir='ltr'><strong>releram</strong></span> <span class='ocrx_word' id='word_1_226' title='bbox 692 3148 857 3227; x_wconf 86' lang='lat' dir='ltr'><strong>Cinyraque</strong></span> <span class='ocrx_word' id='word_1_227' title='bbox 880 3152 1029 3226; x_wconf 87' lang='lat' dir='ltr'><strong>creatum,</strong></span> 
     </span>
     <span class='ocr_line' id='line_1_34' title="bbox 25 3194 915 3349; baseline -0.002 -52"><span class='ocrx_word' id='word_1_228' title='bbox 25 3194 54 3349; x_wconf 39' lang='grc' dir='ltr'><strong>ἧς</strong></span> <span class='ocrx_word' id='word_1_229' title='bbox 169 3235 211 3297; x_wconf 83' lang='lat' dir='ltr'><strong>lle</strong></span> <span class='ocrx_word' id='word_1_230' title='bbox 235 3253 362 3314; x_wconf 89' lang='lat' dir='ltr'><strong>quorum</strong></span> <span class='ocrx_word' id='word_1_231' title='bbox 384 3255 438 3315; x_wconf 92' lang='lat' dir='ltr'><strong>per</strong></span> <span class='ocrx_word' id='word_1_232' title='bbox 461 3256 508 3297; x_wconf 92' lang='lat' dir='ltr'><strong>me</strong></span> <span class='ocrx_word' id='word_1_233' title='bbox 531 3237 652 3299; x_wconf 83' lang='lat' dir='ltr'><strong>uolnere</strong></span> <span class='ocrx_word' id='word_1_234' title='bbox 676 3239 771 3315; x_wconf 83' lang='lat' dir='ltr'><strong>surgit</strong></span> <span class='ocrx_word' id='word_1_235' title='bbox 793 3229 915 3296; x_wconf 80' lang='lat' dir='ltr'><strong>honor?</strong></span> 
     </span>
     <span class='ocr_line' id='line_1_35' title="bbox 25 3314 1019 3433; baseline -0.004 -46"><span class='ocrx_word' id='word_1_236' title='bbox 25 3314 54 3433; x_wconf 56' lang='lat' dir='ltr'><strong>lp</strong></span> <span class='ocrx_word' id='word_1_237' title='bbox 124 3325 203 3386; x_wconf 85' lang='lat' dir='ltr'><strong>Mars</strong></span> <span class='ocrx_word' id='word_1_238' title='bbox 226 3340 344 3403; x_wconf 91' lang='lat' dir='ltr'><strong>quoque</strong></span> <span class='ocrx_word' id='word_1_239' title='bbox 357 3371 366 3403; x_wconf 87' lang='lat'><em>,</em></span> <span class='ocrx_word' id='word_1_240' title='bbox 389 3327 415 3384; x_wconf 89' lang='lat' dir='ltr'><strong>si</strong></span> <span class='ocrx_word' id='word_1_241' title='bbox 438 3327 557 3404; x_wconf 86' lang='lat' dir='ltr'><strong>nescis,</strong></span> <span class='ocrx_word' id='word_1_242' title='bbox 584 3343 639 3404; x_wconf 92' lang='lat' dir='ltr'><strong>per</strong></span> <span class='ocrx_word' id='word_1_243' title='bbox 662 3334 778 3386; x_wconf 88' lang='lat' dir='ltr'><strong>nostres</strong></span> <span class='ocrx_word' id='word_1_244' title='bbox 802 3323 899 3385; x_wconf 91' lang='lat' dir='ltr'><strong>editus</strong></span> <span class='ocrx_word' id='word_1_245' title='bbox 923 3330 1019 3384; x_wconf 88' lang='lat' dir='ltr'><strong>artes:</strong></span> 
     </span>
     <span class='ocr_line' id='line_1_36' title="bbox 41 3410 978 3522; baseline -0.009 -43"><span class='ocrx_word' id='word_1_246' title='bbox 41 3428 110 3522; x_wconf 65' lang='lat' dir='ltr'><strong>pso</strong></span> <span class='ocrx_word' id='word_1_247' title='bbox 168 3413 304 3492; x_wconf 89' lang='lat' dir='ltr'><strong>luppiter</strong></span> <span class='ocrx_word' id='word_1_248' title='bbox 324 3410 381 3473; x_wconf 89' lang='lat' dir='ltr'><strong>hoc</strong></span> <span class='ocrx_word' id='word_1_249' title='bbox 404 3421 437 3473; x_wconf 92' lang='lat' dir='ltr'><strong>ut</strong></span> <span class='ocrx_word' id='word_1_250' title='bbox 461 3412 555 3473; x_wconf 89' lang='lat' dir='ltr'><strong>adhuc</strong></span> <span class='ocrx_word' id='word_1_251' title='bbox 578 3416 692 3474; x_wconf 90' lang='lat' dir='ltr'><strong>nesciat</strong></span> <span class='ocrx_word' id='word_1_252' title='bbox 704 3461 713 3494; x_wconf 85' lang='lat'><em>‚</em></span> <span class='ocrx_word' id='word_1_253' title='bbox 736 3430 831 3492; x_wconf 83' lang='lat' dir='ltr'><strong>usque</strong></span> <span class='ocrx_word' id='word_1_254' title='bbox 854 3428 978 3493; x_wconf 90' lang='lat' dir='ltr'><strong>precor.</strong></span> 
     </span>
     <span class='ocr_line' id='line_1_37' title="bbox 50 3499 898 3565; baseline -0.005 0"><span class='ocrx_word' id='word_1_255' title='bbox 50 3518 53 3526; x_wconf 79' lang='grc'>’</span> <span class='ocrx_word' id='word_1_256' title='bbox 124 3503 232 3565; x_wconf 87' lang='lat' dir='ltr'><strong>Sancta</strong></span> <span class='ocrx_word' id='word_1_257' title='bbox 254 3500 352 3561; x_wconf 82' lang='lat' dir='ltr'><strong>lovem</strong></span> <span class='ocrx_word' id='word_1_258' title='bbox 375 3499 448 3561; x_wconf 93' lang='lat' dir='ltr'><strong>luno</strong></span> <span class='ocrx_word' id='word_1_259' title='bbox 472 3511 540 3562; x_wconf 89' lang='lat' dir='ltr'><strong>nata</strong></span> <span class='ocrx_word' id='word_1_260' title='bbox 563 3503 627 3563; x_wconf 90' lang='lat' dir='ltr'><strong>sine</strong></span> <span class='ocrx_word' id='word_1_261' title='bbox 651 3512 744 3563; x_wconf 90' lang='lat' dir='ltr'><strong>matre</strong></span> <span class='ocrx_word' id='word_1_262' title='bbox 768 3500 898 3562; x_wconf 88' lang='lat' dir='ltr'><strong>Minerva</strong></span> 
     </span>
    </p>
   </div>
   <div class='ocr_carea' id='block_1_3' title="bbox 25 3554 709 3703">
    <p class='ocr_par' dir='ltr' id='par_1_3' title="bbox 25 3554 709 3703">
     <span class='ocr_line' id='line_1_38' title="bbox 25 3554 709 3703; baseline 0.006 -56"><span class='ocrx_word' id='word_1_263' title='bbox 25 3554 57 3703; x_wconf 42' lang='lat' dir='ltr'><strong>ilai</strong></span> <span class='ocrx_word' id='word_1_264' title='bbox 169 3590 273 3653; x_wconf 88' lang='lat' dir='ltr'><strong>Olllcio</strong></span> <span class='ocrx_word' id='word_1_265' title='bbox 298 3588 391 3651; x_wconf 90' lang='lat' dir='ltr'><strong>doluit</strong></span> <span class='ocrx_word' id='word_1_266' title='bbox 414 3607 473 3649; x_wconf 91' lang='lat' dir='ltr'><strong>non</strong></span> <span class='ocrx_word' id='word_1_267' title='bbox 497 3591 613 3669; x_wconf 84' lang='lat' dir='ltr'><strong>eguisse</strong></span> <span class='ocrx_word' id='word_1_268' title='bbox 638 3607 709 3651; x_wconf 89' lang='lat' dir='ltr'><strong>suo.</strong></span> 
     </span>
    </p>
   </div>
   <div class='ocr_carea' id='block_1_4' title="bbox 25 3732 56 3809">
    <p class='ocr_par' dir='ltr' id='par_1_4' title="bbox 25 3732 56 3809">
     <span class='ocr_line' id='line_1_39' title="bbox 25 3732 56 3809; baseline 0 -13"><span class='ocrx_word' id='word_1_269' title='bbox 25 3732 56 3809; x_wconf 49' lang='lat' dir='ltr'><strong>qd</strong></span> 
     </span>
    </p>
   </div>
   <div class='ocr_carea' id='block_1_5' title="bbox 25 3405 33 3537">
    <p class='ocr_par' dir='ltr' id='par_1_5' title="bbox 25 3405 33 3537">
     <span class='ocr_line' id='line_1_40' title="bbox 26 3405 32 3447; baseline 0 0"><span class='ocrx_word' id='word_1_270' title='bbox 26 3405 32 3447; x_wconf 90' lang='lat' dir='ltr'><strong>l</strong></span> 
     </span>
     <span class='ocr_line' id='line_1_41' title="bbox 25 3495 33 3537; baseline 0 0"><span class='ocrx_word' id='word_1_271' title='bbox 25 3495 33 3537; x_wconf 80' lang='lat' dir='ltr'><strong>&#39;l</strong></span> 
     </span>
    </p>
   </div>
   <div class='ocr_carea' id='block_1_6' title="bbox 0 5 1238 4042">
    <p class='ocr_par' dir='ltr' id='par_1_6' title="bbox 0 5 1238 4042">
     <span class='ocr_line' id='line_1_42' title="bbox 0 5 1238 4042; baseline 0 0"><span class='ocrx_word' id='word_1_272' title='bbox 0 5 1238 4042; x_wconf 95' lang='lat' dir='ltr'><strong> </strong></span> 
     </span>
    </p>
   </div>
  </div>
 </body>
</html>
