2467 4042
351 218 472 284 188
723 239 910 276 lmus
1173 221 1497 278 METAMM
1518 265 1531 278 .

521 386 704 465 Finge
750 385 982 466 plaeere
1029 386 1216 467 mihi,
1264 387 1458 449 scelus
1504 407 1636 451 esse
1682 391 1979 454 videbitur
2024 395 2144 456 illi.

519 477 595 536 At
639 493 760 536 non
803 473 1078 535 Aeolidae
1125 475 1411 537 thalamos
1457 480 1711 539 timueie
1763 498 2075 543 sororum.

520 563 690 624 Unde
735 562 840 623 sed
885 562 994 623 hos
1041 566 1178 624 novi
1203 559 1239 625 P
1284 562 1394 625 cur
1437 564 1584 626 haec
1631 569 1894 649 exempla
1937 572 2140 649 paravi
2159 567 2205 633 Ρ

521 651 652 722 Quo
697 651 860 712 feror
885 647 921 712 P
965 651 1256 713 obscenae
1298 653 1510 733 procul
1553 653 1695 716 hinc
1740 656 2031 718 discedite
2061 659 2387 743 flammae,

391 752 494 802 510
521 739 688 820 Nee,
731 739 851 800 nisi
895 757 1012 818 qua
1055 742 1147 801 sas
1190 748 1283 802 est
1326 754 1684 824 germanae,
1731 744 1916 805 frater
1962 755 2208 810 ametur
2248 782 2336 796 —

523 827 587 888 Si
631 837 829 889 tamen
873 829 1002 907 ipse
1047 846 1180 889 meo
1227 838 1435 908 captus
1481 833 1648 909 prior
1693 841 1853 893 esset
1895 849 2137 918 amore,

521 915 793 977 Forsitan
836 914 996 976 illius
1040 934 1281 996 possem
1325 917 1635 996 indulgere
1679 920 1902 982 furori.

520 1003 678 1083 Ergo
727 1021 836 1082 ego
861 1051 881 1085 ,
928 1020 1108 1083 quem
1155 1005 1385 1065 fueram
1429 1023 1548 1066 non
1595 1009 1892 1069 reiectura
1935 1019 2290 1095 petentem,

520 1093 653 1172 Ipsa
696 1101 895 1172 petam
920 1088 955 1152 P
997 1094 1301 1172 poterisne
1345 1091 1511 1172 loqui
1537 1089 1573 1154 P
1614 1099 1917 1175 poterisne
1965 1100 2141 1160 fateri
2159 1098 2201 1161 P

389 1191 492 1242 515
522 1179 708 1265 Coget
751 1197 916 1241 amor
939 1228 959 1262 ‚
1002 1187 1257 1260 potero.
1312 1179 1448 1263 vel,
1495 1183 1547 1242 si
1590 1182 1784 1262 pudor
1828 1201 1934 1246 ora
1980 1186 2253 1270 tenebit,

519 1260 745 1331 Littera
790 1267 1008 1330 celatos
1054 1286 1268 1330 areana
1313 1268 1596 1331 fatebitur
1640 1273 1842 1350 ignes.

520 1357 647 1418 Hoc
692 1356 930 1438 placet,
975 1356 1120 1418 haee
1165 1354 1409 1418 dubiam
1450 1359 1600 1419 vicit
1638 1363 1932 1422 sententia
1978 1372 2250 1428 mentem
2269 1413 2285 1428 .

520 1445 588 1506 In
633 1445 790 1506 latus
838 1447 1088 1524 erigitur
1112 1493 1131 1526 ,
1178 1443 1502 1525 cubitoque
1544 1447 1747 1508 innixa
1791 1450 2038 1511 sinistro

522 1529 815 1594 ‘Videritz
858 1528 1121 1595 insanos'
1165 1535 1365 1612 inquit
1408 1530 1721 1597 ‘fateamur
1767 1553 2002 1599 amores
2020 1585 2036 1601 .

388 1633 491 1684 520
518 1621 591 1683 Ei
619 1621 763 1683 mihi
790 1619 806 1682 1
844 1639 963 1701 quo
988 1619 1156 1685 labor
1173 1618 1209 1683 P
1245 1638 1425 1700 quem
1451 1639 1621 1684 mens
1648 1641 1779 1685 mea
1806 1628 2071 1707 concipit
2096 1626 2370 1708 ignemP'

517 1710 594 1771 Et
639 1711 917 1771 meditata
960 1727 1140 1770 manu
1186 1712 1489 1790 componit
1531 1709 1710 1772 verba
1754 1717 2039 1776 trementi
2057 1763 2074 1777 .

519 1799 737 1859 Dextra
783 1805 948 1859 tenet
989 1798 1217 1860 ferrum
1242 1846 1263 1880 ,
1306 1815 1551 1860 vacuam
1593 1807 1761 1861 tenet
1804 1800 1989 1864 altera
2027 1822 2230 1866 ceram
2248 1853 2262 1867 .

519 1888 777 1966 Incipit,
825 1881 886 1947 et
929 1884 1204 1948 dubitat:
1250 1886 1461 1948 scribit
1484 1934 1505 1968 ,
1550 1887 1904 1968 damnatque
1950 1889 2201 1953 tabellas
2218 1914 2238 1955 ε

518 1974 595 2036 Et
640 1983 847 2056 notat,
893 1982 956 2035 et
998 1973 1201 2036 delet:
1245 1983 1480 2057 mutat,
1526 1975 1840 2056 culpatque
1866 2023 1888 2059 ,
1932 1977 2305 2060 probatque:

387 2075 490 2126 525
518 2064 704 2143 Inque
750 2063 940 2124 vicem
985 2070 1256 2143 sumptas
1296 2064 1467 2143 ponit
1489 2111 1509 2146 ,
1553 2066 1897 2144 positasque
1941 2070 2234 2131 resumit.

523 2152 677 2223 Quid
724 2151 865 2213 velit
889 2152 1220 2234 ,ignorat·
1202 2197 1220 2234 ,
1268 2151 1551 2231 quicquid
1597 2152 1825 2214 factura
1869 2154 2148 2239 videtur,

520 2239 845 2318 Displicet.
899 2242 964 2302 in
1007 2238 1175 2301 vultu
1221 2249 1316 2301 est
1360 2240 1602 2301 audacia
1646 2243 1828 2302 mixta
1869 2242 2128 2322 pudori.

525 2330 754 2406 &cripta
800 2322 1018 2389 soror'
1063 2328 1303 2391 fuerat.
1346 2330 1542 2390 visum
1587 2337 1682 2390 est
1722 2329 1925 2391 delere
1969 2349 2242 2396 sororem
2255 2382 2276 2416 ,

525 2418 565 2474 ἲ
573 2438 637 2474 m
641 2418 826 2496 baque
875 2419 1162 2478 correctis
1206 2416 1473 2478 incidere
1518 2416 1657 2478 talia
1702 2419 1893 2481 ceris:

389 2518 489 2566 531]
525 2506 732 2574 'Quam
757 2553 776 2586 ,
822 2506 940 2566 nisi
982 2513 1050 2566 tu
1095 2504 1331 2566 dederis
1356 2551 1375 2587 ,
1420 2522 1541 2566 non
1596 2514 1691 2567 est
1739 2505 2017 2569 habitura
2080 2508 2354 2592 salutem,

525 2594 685 2654 [lanc
712 2593 820 2654 tibi
849 2595 1031 2654 mittit
1057 2610 1258 2654 amans
1278 2642 1292 2656 .
1331 2593 1553 2676 pudet,
1589 2593 1658 2655 a!
1692 2595 1880 2674 pudet
1905 2595 2088 2658 edere
2115 2616 2352 2661 nomen.

523 2682 597 2742 Et
641 2686 693 2742 si
716 2730 736 2764 ‚
783 2681 924 2762 quid
972 2683 1205 2762 cupiam
1231 2729 1249 2762 ‚
1297 2683 1537 2761 quaeris
1561 2729 1581 2763 ‚
1626 2684 1754 2744 sine
1799 2686 2045 2746 nomine
2090 2686 2294 2748 vellem

525 2774 730 2834 Posset
774 2773 868 2853 agi
911 2787 1042 2831 mea
1087 2787 1263 2832 causa
1308 2788 1442 2831 meo
1466 2818 1487 2852 ,
1531 2788 1644 2832 nec
1688 2774 1923 2852 cognita
1966 2772 2170 2853 Byblis

521 2866 669 2918 ante
714 2859 906 2920 sorem
928 2906 949 2940 ,
993 2874 1173 2940 quam
1216 2876 1355 2938 spes
1399 2867 1674 2921 votorum
1717 2866 1882 2922 certa
1926 2860 2144 2924 fuisset
2159 2910 2175 2925 .

393 2962 489 3010 535
525 2950 665 3006 Em
714 2947 954 3026 quidem
997 2945 1142 3008 laesi
1183 2955 1421 3026 poterat
1463 2946 1574 3008 tibi
1616 2950 1879 3028 pecteris
1924 2948 2106 3010 index

525 3038 597 3094 ΕΙ,
645 3035 803 3098 color
850 3043 911 3096 et
954 3037 1172 3096 macies
1218 3044 1282 3096 et
1325 3035 1523 3097 vultus
1546 3083 1567 3117 ,
1613 3043 1675 3096 et
1717 3035 1916 3097 umida
1962 3054 2141 3118 saepe

525 3126 766 3186 Lumina
792 3172 812 3207 ,
856 3142 970 3185 nec
1014 3142 1191 3185 causa
1236 3126 1496 3203 suspiria
1535 3133 1691 3185 mom
1739 3127 1999 3205 patenti,

521 3214 593 3274 Et
641 3212 838 3274 crebri
884 3212 1187 3292 amplexus
1211 3260 1231 3295 ,
1278 3220 1341 3273 et
1385 3231 1535 3292 quae
1560 3259 1579 3293 ,
1625 3215 1676 3273 si
1721 3213 1876 3274 forte
1921 3216 2176 3297 notasti,

525 3302 738 3362 [iscula
782 3303 993 3362 sentiri
1037 3318 1157 3361 non
1205 3319 1337 3362 esse
1386 3305 1614 3361 sororia
1656 3309 1935 3380 possent.

393 3406 493 3450 541]
526 3390 653 3470 [fiee
698 3397 897 3451 tamen
922 3438 941 3472 ,
988 3391 1256 3469 quamvis
1311 3391 1504 3450 animo
1553 3406 1729 3468 grave
1783 3389 1998 3451 vulnus
2043 3390 2336 3476 habebam,

525 3480 797 3546 Quamvis
843 3481 1004 3540 intus
1051 3486 1180 3538 erat
1225 3478 1395 3539 furor
1439 3480 1649 3557 igneus
1676 3525 1694 3557 ,
1741 3481 1936 3539 omnia
1981 3480 2133 3560 feci,

525 3566 677 3626 Ξιιιιῑ,
717 3565 860 3625 mihi
905 3566 965 3627 di
1011 3574 1241 3648 testes,
1286 3574 1356 3627 ut
1398 3566 1637 3632 tandem
1682 3569 1881 3627 sanior
1926 3585 2155 3632 essem:
