2467 4042
443 224 496 278 Ἦ.
515 226 664 276 538-610.

168 384 406 465 Caelestemque
429 386 542 447 homini
565 385 763 447 concubuisse
786 385 952 489 pudet,-

21 485 124 575 575
139 472 220 534 Arsit
242 476 320 535 enim
343 491 449 577 magno
472 481 609 553 correpta
633 473 772 553 cupidine
794 476 891 555 regis,

61 584 65 595 ·
177 551 366 640 llaecaque
357 579 389 622 m
411 562 468 622 hoc
491 579 551 623 uno
574 579 634 623 non
657 563 715 623 luit
736 560 786 622 illa
807 564 871 622 viro
895 593 929 603 -

93 649 232 716 Nocte
255 649 375 710 domum
397 667 486 729 parva
509 648 596 710 solita
618 657 665 710 est
686 652 799 710 intrare
821 650 968 711 fenestra:

183 736 267 799 Unde
289 736 472 799 Fenestellae
495 739 615 798 nomina
637 745 724 817 porta
746 745 844 798 tenet.

18 804 29 849 ⁸
139 825 225 886 Nunc
247 824 361 906 pudet,
385 832 415 886 et
437 824 533 886 voltus
556 826 700 886 velamine
723 824 800 886 celat
822 832 951 905 amatos,

18 871 823 993 ¹oeNJWWWWMQ.

18 986 26 1011 ⁵
139 1000 184 1062 An
206 1004 300 1081 magis
323 1009 369 1062 est
390 1019 516 1075 verum,
538 1008 606 1079 post
629 1000 708 1062 'lulli
730 1001 835 1062 lunera
857 999 973 1081 plebem

183 1088 343 1151 Confusam
364 1087 471 1168 placidi
493 1098 590 1150 morte
613 1090 705 1151 luisse
729 1091 825 1150 senis:

137 1176 199 1238 Nec
221 1176 328 1238 modus
351 1176 430 1237 ullus
453 1186 517 1237 erat
529 1224 538 1258 ,
561 1175 716 1238 crescebat
737 1179 866 1256 imagine
889 1176 1004 1256 luctus,

18 1248 29 1293 Ε
182 1263 282 1325 Donec
305 1267 500 1342 cumpositis
524 1265 682 1326 occuluere
705 1262 808 1344 togis?

18 1353 19 1424 j
73 1362 126 1414 585
140 1351 241 1412 'l'ertia
265 1368 353 1412 causa
376 1351 449 1411 mihi
471 1353 565 1429 spatio
588 1354 700 1412 maiore
723 1353 854 1413 canenda
877 1363 940 1432 est3

18 1430 25 1472 ²
182 1437 243 1499 Nos
266 1446 364 1499 umen
388 1437 531 1499 adductos
552 1440 635 1500 intus
657 1457 778 1518 agemus
801 1458 911 1518 equos.

18 1524 23 1559 r
140 1525 234 1588 Tullia
257 1527 418 1606 coniugio,
442 1525 563 1586 sceleris
586 1527 746 1608 mercede,
769 1536 889 1606 peracto

183 1613 237 1675 llis
259 1613 345 1675 solita
369 1622 414 1675 est
436 1614 525 1675 dictis
547 1613 722 1676 extimulare
745 1618 859 1676 virum.

18 1696 24 1737 ⁵
141 1699 235 1773 ‘Quid
258 1704 340 1763 iuvat
362 1719 428 1763 esse
451 1719 559 1783 pares,
583 1711 613 1763 te
636 1713 754 1764 nostrae
778 1703 868 1763 caede
893 1706 1022 1785 sororis,

18 1784 23 1825 ¹
72 1802 125 1853 500
182 1790 289 1869 Meque
312 1791 357 1851 tui
380 1791 502 1870 fratris,
526 1793 552 1851 si
573 1792 622 1870 pia
645 1793 704 1852 vita
726 1787 848 1871 placet?

139 1878 242 1940 Vivere
265 1877 431 1940 debuerant
453 1886 484 1938 et
505 1880 551 1938 ιιι
574 1896 658 1940 meus
682 1888 712 1939 et
734 1887 785 1940 tua
808 1880 955 1960 coniunx,

183 1966 215 2027 Si
238 1965 352 2028 nullum
375 1969 478 2027 ausuri
500 1968 596 2027 maius
619 1984 737 2028 eramus
761 1985 853 2045 opus.

138 2052 177 2116 Et
199 2063 288 2134 caput
310 2063 341 2115 et
362 2071 487 2134 regnum
511 2055 585 2115 lacio
610 2054 705 2116 dotale
728 2053 877 2135 parentis!

184 2142 216 2203 Si
237 2144 283 2203 vir
305 2140 339 2204 es
351 2188 361 2223 ,
383 2144 394 2203 i
406 2190 416 2223 ,
439 2142 532 2204 dictas
555 2145 639 2221 exige
663 2143 741 2204 dotis
764 2160 852 2221 opes.
962 2140 965 2149 “

72 2240 124 2292 505
137 2230 229 2310 Regia
251 2247 301 2290 res
324 2228 422 2291 scelus
444 2229 512 2292 est!
544 2248 649 2291 socero
672 2249 744 2310 cape
767 2248 857 2309 regna
881 2238 1002 2311 necato,

182 2317 221 2379 Et
244 2326 360 2379 nostras
382 2319 479 2397 patrio
502 2320 644 2397 sanguine
668 2320 770 2398 tingue
793 2314 931 2380 manusl'

139 2405 259 2467 'l'alibus
281 2408 441 2467 instinctus
464 2405 537 2466 solio
559 2408 693 2485 privatus
715 2409 746 2467 in
770 2407 828 2467 alto

183 2493 327 2555 Sederat.
368 2493 527 2554 attonitum
549 2493 652 2574 volgus
675 2494 711 2555 ad
734 2512 814 2555 arma
837 2496 916 2556 ruit:

137 2579 213 2642 Hinc
236 2599 348 2660 cruor,
370 2580 440 2641 binc
464 2580 592 2662 caedes,
614 2582 790 2661 infirmaque
809 2585 938 2644 vincitur
957 2591 1052 2644 aetas:

70 2680 124 2732 600
184 2668 307 2748 Sceptra
330 2685 422 2748 gener
445 2686 549 2730 socero
571 2676 655 2748 rapta
679 2669 833 2749 Superbus
855 2670 961 2732 habet.

137 2756 209 2838 lpse·
226 2755 281 2818 sub
304 2755 467 2837 Esquiliis,
490 2755 543 2818 ubi
565 2764 629 2817 erat
652 2776 706 2820 sua
728 2761 830 2841 regia,
853 2777 958 2820 caesus

181 2845 316 2907 Concidit
339 2848 370 2906 in
393 2844 467 2906 dura
490 2844 736 2925 sanguinulentus
758 2847 867 2909 humo.

136 2933 234 3012 Filia,
254 2940 395 3013 carpento
419 2935 531 3012 patrios
553 2936 663 2995 initura
686 2942 826 3014 penates,

179 3020 243 3082 lbat
264 3040 319 3101 per
341 3020 453 3082 medias
476 3021 534 3082 alta
556 3022 699 3100 feroxque
722 3024 802 3082 vias.

69 3118 122 3171 005
137 3108 251 3187 Corpus
274 3117 308 3169 ut
330 3112 466 3190 aspexit,
488 3109 617 3170 lacrimis
641 3112 743 3188 auriga
765 3109 895 3188 prolusls

180 3195 319 3257 Restitit.
360 3196 441 3257 hunc
463 3196 516 3258 tali
537 3197 661 3275 corripit
683 3196 733 3257 illa
756 3214 846 3258 sonos

135 3279 239 3345 ‘Vadis
251 3329 261 3365 ,
284 3300 322 3343 an
344 3293 481 3364 expectas
504 3288 634 3364 pretium
656 3286 775 3363 pietatis
798 3282 957 3346 amarum?

179 3371 265 3450 Duc,
287 3372 431 3453 inquam,
453 3375 559 3434 invitas
581 3377 645 3453 ipsa
668 3391 723 3452 per
746 3390 797 3433 ora
821 3368 935 3434 rotasl'

18 1070 29 1115 l

134 3461 221 3524 Certa
244 3459 318 3520 fides
341 3458 432 3521 iacti.
473 3460 571 3522 dictus
595 3459 763 3523 Sceleratus
785 3459 822 3522 ab
845 3460 894 3522 illa

67 3561 119 3612 510
177 3547 288 3629 Vicus,
312 3557 343 3609 et
365 3555 484 3609 aeterna
506 3566 556 3609 res
579 3567 613 3610 ea
637 3566 739 3628 pressa
762 3556 848 3611 nota.
