2467 4042
201 201 270 269 232
610 200 801 252 66666666

337 365 412 428 Cum
434 364 534 445 tepido
557 372 688 426 vestrum
711 383 779 427 vere
802 366 912 430 redibit
934 387 1038 449 opus.

225 468 277 519 666
297 454 439 517 Rusticus
461 455 617 514 emeritum
639 453 705 533 palo
728 453 890 533 suspendat
911 468 1077 523 aratrum.

336 542 430 604 Omne
453 540 626 602 reformidat
648 541 752 620 frigida
774 542 878 626 volnus
900 542 1035 610 bnmus.

292 630 406 712 Vilice,
429 630 464 692 da
487 632 621 709 requiem
645 638 764 709 terrae,
786 638 919 692 semente
943 646 1095 738 peracta3

337 719 378 779 ba
401 720 535 799 requiem
558 727 668 778 terram
691 721 743 797 qui
765 718 906 800 coluere,
930 723 1025 786 viris.

290 807 388 887 Pagus
411 815 478 887 agat
499 806 626 867 testum.
657 823 764 886 pagum
787 806 934 889 lustrate,
957 809 1083 895 coloni,

223 909 278 959 oto
337 895 375 956 Et
397 894 464 957 date
487 897 607 975 paganis
629 911 726 956 annua
748 894 806 956 liba
828 895 920 958 locis

291 982 450 1045 Placentur
472 984 591 1062 frugum
614 989 724 1044 matres
737 982 928 1063 ,Tellusque
952 985 1138 1089 (lenesque,

337 1071 427 1136 Farre
450 1090 505 1132 suo
528 1070 664 1151 gravidae
686 1070 908 1151 visceribusque
932 1077 1016 1136 suis
1119 1137 1125 1142 ,

294 1159 432 1221 Officium
455 1176 612 1220 commune
636 1158 727 1221 Ceres
748 1168 779 1221 st
801 1159 895 1222 Terra
917 1169 1069 1227 tuentur.

335 1247 414 1309 Haec
436 1246 559 1328 praebet
581 1265 700 1310 eausam
723 1247 881 1330 frugibus,
902 1248 952 1310 illa
973 1250 1105 1316 locum.

224 1348 277 1398 tto
291 1336 452 1398 Consortes
474 1338 595 1417 operis,
618 1354 674 1416 per
695 1353 769 1415 quas
791 1345 925 1398 correcta
948 1347 1112 1424 vetustas,

336 1424 515 1504 Quernaque
537 1424 621 1503 glans
644 1425 721 1485 victa
743 1433 789 1485 est
811 1424 929 1486 utiliore
953 1426 1040 1508 cibo,

291 1511 440 1592 Frugibus
461 1514 614 1574 immensis
637 1512 736 1574 avidos
757 1515 862 1574 satiate
885 1512 1024 1590 colonos,

335 1600 374 1663 Ut
396 1604 513 1681 capiant
536 1600 634 1662 cultus
656 1602 786 1679 praemia
808 1601 897 1680 nigm
918 1604 982 1666 sui.

293 1688 351 1750 Vos
374 1687 440 1752 date
463 1698 625 1769 perpetuos
648 1691 759 1750 teneris
782 1688 965 1751 sementibus
987 1699 1125 1776 auctus,

223 1790 277 1840 686
334 1777 397 1839 Ν66
420 1795 494 1839 nova
516 1796 570 1857 per
592 1777 704 1857 gelidas
725 1777 818 1838 herba
840 1779 969 1839 situata
990 1781 1103 1844 61666.

291 1865 366 1927 Cum
389 1869 538 1946 serimus,
561 1865 675 1927 eaelum
698 1868 794 1927 ventis
816 1867 929 1945 aperite
951 1870 1094 1950 serenis;

336 1953 411 2016 Cum
433 1952 525 2035 latet,
548 1954 680 2015 aetheria
702 1955 831 2033 spargite
854 1971 955 2015 semen
977 1973 1077 2034 aqua.

290 2041 370 2104 Neve
393 2060 497 2122 graves
520 2041 608 2104 cultis
632 2040 755 2104 Cerialia
778 2042 854 2106 dona
866 2089 875 2122 ,
899 2049 1023 2123 cavete,

335 2132 457 2210 Agmine
480 2129 597 2192 laesuro
621 2128 839 2210 depopulentur
861 2145 946 2191 aues.

221 2230 277 2280 666
292 2217 350 2280 Vos
373 2236 514 2299 quoque,
537 2220 700 2299 formicae,
723 2216 866 2280 subiectis
889 2219 1001 2297 parcite
1025 2224 1159 2299 gramme

334 2307 407 2368 Post
430 2323 555 2369 messem
578 2306 705 2386 praedae
727 2309 811 2387 copia
832 2308 925 2368 maior
947 2309 1023 2369 erit.

290 2395 407 2463 Interea
429 2402 545 2457 crescat
567 2394 688 2455 scabrae
710 2394 854 2473 robiginis
876 2412 1000 2475 expers,

336 2483 399 2544 Nec
421 2486 492 2545 vitio
515 2483 589 2544 caeli
611 2482 718 2563 palleat
740 2500 827 2561 aegra
850 2499 952 2561 seges.

291 2571 330 2633 Et
352 2589 449 2651 neque
471 2572 589 2632 deliniat
611 2573 726 2652 macie,
749 2588 846 2651 neque
868 2573 1007 2649 pinguior
1030 2589 1140 2654 aequo

223 2672 277 2722 696
336 2658 451 2722 Divitiis
472 2667 576 2740 pereat
597 2659 750 2721 luxuriosa
772 2660 866 2721 suis.⁴
893 2711 897 2716 ι

291 2746 330 2808 Et
352 2757 472 2809 careant
494 2747 572 2809 loliis
595 2747 697 2814 oeulos
719 2746 891 2812 vitiantibus
914 2748 996 2826 agri,

334 2835 396 2896 Nec
419 2835 529 2897 sterilis
551 2835 632 2897 culto
655 2844 758 2915 surgat
780 2852 871 2896 auena
893 2834 974 2897 solo.

291 2924 438 2990 Triticeos
461 2925 539 2987 ietns
561 2941 744 3005 passuraque
767 2925 846 2984 farra
867 2922 915 2984 bis
937 2924 1037 3003 ignem

335 3012 512 3092 Hordeaque
533 3013 649 3091 ingenti
670 3013 774 3073 fenore
796 3010 901 3073 reddat
924 3009 1008 3090 ager!

223 3112 277 3166 oto
291 3100 371 3162 llaec
394 3120 448 3181 ego
471 3119 527 3181 pro
549 3100 655 3182 vobis,
665 3100 751 3162 baec
773 3117 826 3161 vos
848 3107 948 3179 optate
970 3098 1094 3183 coloni,

335 3190 511 3270 Eliciatque
534 3198 613 3251 ratas
637 3196 762 3268 utraque
786 3188 851 3249 diva
874 3205 995 3266 preces.

289 3277 371 3340 Bella
394 3278 444 3344 diu
467 3286 592 3340 tenuere
614 3280 711 3339 viros:
742 3284 807 3338 erat
827 3278 925 3356 aptior
948 3277 1029 3337 ensis

335 3366 481 3445 chere,
505 3365 630 3428 cedebat
652 3375 756 3427 taurus
779 3372 878 3426 arator
901 3380 997 3443 equo:

291 3453 413 3514 Saecula
436 3453 591 3515 cessabant
603 3500 614 3534 ,
636 3456 774 3531 versique
797 3455 828 3513 in
851 3451 910 3532 pila
932 3451 1067 3537 ligones,

223 3551 276 3600 766
334 3539 482 3618 Factaque
505 3540 542 3610 de
565 3543 655 3602 rastri
677 3539 810 3619 pondere
833 3542 925 3602 cassis
949 3549 1030 3602 erat.
