<?xml version="1.0" encoding="UTF-8"?>
<!DOCTYPE html PUBLIC "-//W3C//DTD XHTML 1.0 Transitional//EN"
    "http://www.w3.org/TR/xhtml1/DTD/xhtml1-transitional.dtd">
<html xmlns="http://www.w3.org/1999/xhtml" xml:lang="en" lang="en">
 <head>
  <title>
</title>
<meta http-equiv="Content-Type" content="text/html;charset=utf-8" />
  <meta name='ocr-system' content='tesseract 3.04.00' />
  <meta name='ocr-capabilities' content='ocr_page ocr_carea ocr_par ocr_line ocrx_word'/>
</head>
<body>
  <div class='ocr_page' id='page_1' title='image "./povidiusnaso00ehwagoog_0869.png"; bbox 0 0 2467 4042; ppageno 0'>
   <div class='ocr_carea' id='block_1_1' title="bbox 445 246 1087 311">
    <p class='ocr_par' dir='ltr' id='par_1_1' title="bbox 445 246 1087 311">
     <span class='ocr_line' id='line_1_1' title="bbox 445 246 1087 311; baseline 0.006 -14"><span class='ocrx_word' id='word_1_1' title='bbox 445 249 491 302; x_wconf 90' lang='lat' dir='ltr'><strong>IV.</strong></span> <span class='ocrx_word' id='word_1_2' title='bbox 509 259 549 300; x_wconf 86' lang='lat'><strong>111</strong></span> <span class='ocrx_word' id='word_1_3' title='bbox 564 251 668 301; x_wconf 81' lang='lat' dir='ltr'><strong>70-1v</strong></span> <span class='ocrx_word' id='word_1_4' title='bbox 683 252 724 300; x_wconf 78' lang='lat'><strong>64.</strong></span> <span class='ocrx_word' id='word_1_5' title='bbox 1045 246 1087 311; x_wconf 87' lang='grc'><strong>69</strong></span> 
     </span>
    </p>
   </div>
   <div class='ocr_carea' id='block_1_2' title="bbox 56 410 1088 3664">
    <p class='ocr_par' dir='ltr' id='par_1_2' title="bbox 56 410 1088 3664">
     <span class='ocr_line' id='line_1_2' title="bbox 117 410 926 491; baseline -0.002 -18"><span class='ocrx_word' id='word_1_6' title='bbox 117 424 153 473; x_wconf 74' lang='lat' dir='ltr'><strong>eo</strong></span> <span class='ocrx_word' id='word_1_7' title='bbox 168 411 303 484; x_wconf 82' lang='lat' dir='ltr'><strong>Quorum</strong></span> <span class='ocrx_word' id='word_1_8' title='bbox 325 410 374 471; x_wconf 89' lang='lat' dir='ltr'><strong>hic</strong></span> <span class='ocrx_word' id='word_1_9' title='bbox 397 412 561 491; x_wconf 80' lang='lat' dir='ltr'><strong>aspicitur,</strong></span> <span class='ocrx_word' id='word_1_10' title='bbox 583 410 718 472; x_wconf 87' lang='lat' dir='ltr'><strong>creditur</strong></span> <span class='ocrx_word' id='word_1_11' title='bbox 739 410 789 472; x_wconf 88' lang='lat' dir='ltr'><strong>ssle</strong></span> <span class='ocrx_word' id='word_1_12' title='bbox 813 411 926 474; x_wconf 86' lang='lat' dir='ltr'><strong>deus.&#39;</strong></span> 
     </span>
     <span class='ocr_line' id='line_1_3' title="bbox 166 498 1059 579; baseline 0.003 -19"><span class='ocrx_word' id='word_1_13' title='bbox 166 499 205 561; x_wconf 90' lang='lat' dir='ltr'><strong>Ut</strong></span> <span class='ocrx_word' id='word_1_14' title='bbox 228 517 288 559; x_wconf 93' lang='lat' dir='ltr'><strong>non</strong></span> <span class='ocrx_word' id='word_1_15' title='bbox 311 498 487 579; x_wconf 88' lang='lat' dir='ltr'><strong>debuerim,</strong></span> <span class='ocrx_word' id='word_1_16' title='bbox 510 506 610 559; x_wconf 84' lang='lat' dir='ltr'><strong>tamen</strong></span> <span class='ocrx_word' id='word_1_17' title='bbox 632 498 690 560; x_wconf 92' lang='lat' dir='ltr'><strong>hoc</strong></span> <span class='ocrx_word' id='word_1_18' title='bbox 713 518 768 579; x_wconf 80' lang='lat' dir='ltr'><strong>ego</strong></span> <span class='ocrx_word' id='word_1_19' title='bbox 791 500 904 560; x_wconf 83' lang='lat' dir='ltr'><strong>crimen</strong></span> <span class='ocrx_word' id='word_1_20' title='bbox 926 498 1059 563; x_wconf 87' lang='lat' dir='ltr'><strong>habebo:</strong></span> 
     </span>
     <span class='ocr_line' id='line_1_4' title="bbox 166 586 783 648; baseline 0 0"><span class='ocrx_word' id='word_1_21' title='bbox 166 587 232 648; x_wconf 91' lang='lat' dir='ltr'><strong>Non</strong></span> <span class='ocrx_word' id='word_1_22' title='bbox 255 588 312 647; x_wconf 88' lang='lat' dir='ltr'><strong>init</strong></span> <span class='ocrx_word' id='word_1_23' title='bbox 335 586 451 648; x_wconf 89' lang='lat' dir='ltr'><strong>arbitrii</strong></span> <span class='ocrx_word' id='word_1_24' title='bbox 473 586 572 647; x_wconf 88' lang='lat' dir='ltr'><strong>littera</strong></span> <span class='ocrx_word' id='word_1_25' title='bbox 594 595 699 647; x_wconf 87' lang='lat' dir='ltr'><strong>nostra</strong></span> <span class='ocrx_word' id='word_1_26' title='bbox 721 590 783 648; x_wconf 89' lang='lat' dir='ltr'><strong>tui.</strong></span> 
     </span>
     <span class='ocr_line' id='line_1_5' title="bbox 166 673 1066 756; baseline 0 -20"><span class='ocrx_word' id='word_1_27' title='bbox 166 675 229 736; x_wconf 87' lang='lat' dir='ltr'><strong>Nec</strong></span> <span class='ocrx_word' id='word_1_28' title='bbox 251 692 326 736; x_wconf 87' lang='lat' dir='ltr'><strong>nova</strong></span> <span class='ocrx_word' id='word_1_29' title='bbox 338 721 348 756; x_wconf 91' lang='lat'><strong>,</strong></span> <span class='ocrx_word' id='word_1_30' title='bbox 371 673 451 753; x_wconf 90' lang='lat' dir='ltr'><strong>quod</strong></span> <span class='ocrx_word' id='word_1_31' title='bbox 474 682 573 736; x_wconf 91' lang='lat' dir='ltr'><strong>tecum</strong></span> <span class='ocrx_word' id='word_1_32' title='bbox 595 674 703 754; x_wconf 91' lang='lat' dir='ltr'><strong>ioquor</strong></span> <span class='ocrx_word' id='word_1_33' title='bbox 715 719 726 756; x_wconf 90' lang='lat'><strong>,</strong></span> <span class='ocrx_word' id='word_1_34' title='bbox 748 682 795 736; x_wconf 87' lang='lat' dir='ltr'><strong>est</strong></span> <span class='ocrx_word' id='word_1_35' title='bbox 816 676 924 736; x_wconf 91' lang='lat' dir='ltr'><strong>iniuria</strong></span> <span class='ocrx_word' id='word_1_36' title='bbox 947 684 1066 756; x_wconf 89' lang='lat' dir='ltr'><strong>nostra,</strong></span> 
     </span>
     <span class='ocr_line' id='line_1_6' title="bbox 84 763 880 842; baseline 0.001 -19"><span class='ocrx_word' id='word_1_37' title='bbox 84 789 87 794; x_wconf 93' lang='lat'><em>·</em></span> <span class='ocrx_word' id='word_1_38' title='bbox 165 763 325 824; x_wconf 72' lang='lat' dir='ltr'><strong>Incolumis</strong></span> <span class='ocrx_word' id='word_1_39' title='bbox 349 780 418 823; x_wconf 90' lang='lat' dir='ltr'><strong>cum</strong></span> <span class='ocrx_word' id='word_1_40' title='bbox 442 781 501 841; x_wconf 92' lang='lat' dir='ltr'><strong>quo</strong></span> <span class='ocrx_word' id='word_1_41' title='bbox 524 780 612 842; x_wconf 81' lang='lat' dir='ltr'><strong>saepe</strong></span> <span class='ocrx_word' id='word_1_42' title='bbox 635 763 754 824; x_wconf 89' lang='lat' dir='ltr'><strong>locutus</strong></span> <span class='ocrx_word' id='word_1_43' title='bbox 777 781 880 824; x_wconf 90' lang='lat' dir='ltr'><strong>eram.</strong></span> 
     </span>
     <span class='ocr_line' id='line_1_7' title="bbox 118 850 1067 932; baseline 0.001 -20"><span class='ocrx_word' id='word_1_44' title='bbox 118 864 151 912; x_wconf 76' lang='lat'><strong>25</strong></span> <span class='ocrx_word' id='word_1_45' title='bbox 167 850 232 923; x_wconf 82' lang='lat' dir='ltr'><strong>Quo</strong></span> <span class='ocrx_word' id='word_1_46' title='bbox 255 868 377 911; x_wconf 78' lang='lat' dir='ltr'><strong>vereare</strong></span> <span class='ocrx_word' id='word_1_47' title='bbox 400 852 521 932; x_wconf 92' lang='lat' dir='ltr'><strong>minus,</strong></span> <span class='ocrx_word' id='word_1_48' title='bbox 544 868 582 911; x_wconf 92' lang='lat' dir='ltr'><strong>ne</strong></span> <span class='ocrx_word' id='word_1_49' title='bbox 605 852 661 911; x_wconf 90' lang='lat' dir='ltr'><strong>sim</strong></span> <span class='ocrx_word' id='word_1_50' title='bbox 683 850 740 911; x_wconf 87' lang='lat' dir='ltr'><strong>tibi</strong></span> <span class='ocrx_word' id='word_1_51' title='bbox 763 853 876 912; x_wconf 88' lang='lat' dir='ltr'><strong>crimen</strong></span> <span class='ocrx_word' id='word_1_52' title='bbox 899 853 1029 932; x_wconf 92' lang='lat' dir='ltr'><strong>amicus,</strong></span> <span class='ocrx_word' id='word_1_53' title='bbox 1064 917 1067 922; x_wconf 73' lang='grc'><strong>,</strong></span> 
     </span>
     <span class='ocr_line' id='line_1_8' title="bbox 166 937 937 1021; baseline 0.003 -22"><span class='ocrx_word' id='word_1_54' title='bbox 166 938 330 1019; x_wconf 86' lang='lat' dir='ltr'><strong>invidiam,</strong></span> <span class='ocrx_word' id='word_1_55' title='bbox 352 939 439 1017; x_wconf 92' lang='lat' dir='ltr'><strong>siqua</strong></span> <span class='ocrx_word' id='word_1_56' title='bbox 462 947 528 1021; x_wconf 90' lang='lat' dir='ltr'><strong>est,</strong></span> <span class='ocrx_word' id='word_1_57' title='bbox 551 945 656 1000; x_wconf 85' lang='lat' dir='ltr'><strong>auctor</strong></span> <span class='ocrx_word' id='word_1_58' title='bbox 678 937 788 999; x_wconf 87' lang='lat' dir='ltr'><strong>habere</strong></span> <span class='ocrx_word' id='word_1_59' title='bbox 812 947 937 1019; x_wconf 61' lang='lat' dir='ltr'><strong>potest,</strong></span> 
     </span>
     <span class='ocr_line' id='line_1_9' title="bbox 164 1026 1088 1107; baseline 0 -19"><span class='ocrx_word' id='word_1_60' title='bbox 164 1027 239 1088; x_wconf 91' lang='lat' dir='ltr'><strong>Nam</strong></span> <span class='ocrx_word' id='word_1_61' title='bbox 261 1035 332 1088; x_wconf 91' lang='lat' dir='ltr'><strong>tuus</strong></span> <span class='ocrx_word' id='word_1_62' title='bbox 355 1035 401 1088; x_wconf 92' lang='lat' dir='ltr'><strong>est</strong></span> <span class='ocrx_word' id='word_1_63' title='bbox 418 1028 523 1107; x_wconf 90' lang='lat' dir='ltr'><strong>primis</strong></span> <span class='ocrx_word' id='word_1_64' title='bbox 542 1026 642 1088; x_wconf 92' lang='lat' dir='ltr'><strong>cultus</strong></span> <span class='ocrx_word' id='word_1_65' title='bbox 661 1027 733 1089; x_wconf 91' lang='lat' dir='ltr'><strong>mihi</strong></span> <span class='ocrx_word' id='word_1_66' title='bbox 751 1044 869 1107; x_wconf 87' lang='lat' dir='ltr'><strong>semper</strong></span> <span class='ocrx_word' id='word_1_67' title='bbox 892 1028 928 1087; x_wconf 83' lang='lat' dir='ltr'><strong>ab</strong></span> <span class='ocrx_word' id='word_1_68' title='bbox 952 1030 1037 1089; x_wconf 92' lang='lat' dir='ltr'><strong>annis</strong></span> <span class='ocrx_word' id='word_1_69' title='bbox 1052 1061 1088 1071; x_wconf 95' lang='lat'>-</span> 
     </span>
     <span class='ocr_line' id='line_1_10' title="bbox 164 1114 815 1197; baseline 0.002 -22"><span class='ocrx_word' id='word_1_70' title='bbox 164 1114 229 1175; x_wconf 89' lang='lat' dir='ltr'><strong>Hoc</strong></span> <span class='ocrx_word' id='word_1_71' title='bbox 252 1121 334 1176; x_wconf 87' lang='lat' dir='ltr'><strong>certe</strong></span> <span class='ocrx_word' id='word_1_72' title='bbox 357 1114 419 1176; x_wconf 84' lang='lat' dir='ltr'><strong>noli</strong></span> <span class='ocrx_word' id='word_1_73' title='bbox 440 1114 628 1176; x_wconf 87' lang='lat' dir='ltr'><strong>dissimulare</strong></span> <span class='ocrx_word' id='word_1_74' title='bbox 651 1147 688 1160; x_wconf 89' lang='grc'>-</span> <span class='ocrx_word' id='word_1_75' title='bbox 709 1122 815 1197; x_wconf 81' lang='lat' dir='ltr'><strong>pater3</strong></span> 
     </span>
     <span class='ocr_line' id='line_1_11' title="bbox 164 1202 1001 1284; baseline 0.001 -21"><span class='ocrx_word' id='word_1_76' title='bbox 164 1202 379 1283; x_wconf 84' lang='lat' dir='ltr'><strong>ingeniumque</strong></span> <span class='ocrx_word' id='word_1_77' title='bbox 402 1219 503 1264; x_wconf 88' lang='lat' dir='ltr'><strong>meum</strong></span> <span class='ocrx_word' id='word_1_78' title='bbox 523 1234 561 1248; x_wconf 90' lang='lat'><em>-</em></span> <span class='ocrx_word' id='word_1_79' title='bbox 582 1210 669 1284; x_wconf 88' lang='lat' dir='ltr'><strong>potes</strong></span> <span class='ocrx_word' id='word_1_80' title='bbox 691 1202 748 1265; x_wconf 91' lang='lat' dir='ltr'><strong>hoc</strong></span> <span class='ocrx_word' id='word_1_81' title='bbox 762 1204 941 1266; x_wconf 85' lang='lat' dir='ltr'><strong>meminisse</strong></span> <span class='ocrx_word' id='word_1_82' title='bbox 963 1233 1001 1247; x_wconf 88' lang='lat'>-</span> 
     </span>
     <span class='ocr_line' id='line_1_12' title="bbox 611 1290 774 1375; baseline 0.006 -23"><span class='ocrx_word' id='word_1_83' title='bbox 611 1290 774 1375; x_wconf 85' lang='lat' dir='ltr'><strong>probabat,</strong></span> 
     </span>
     <span class='ocr_line' id='line_1_13' title="bbox 117 1379 928 1466; baseline 0.001 -26"><span class='ocrx_word' id='word_1_84' title='bbox 117 1392 152 1466; x_wconf 78' lang='lat' dir='ltr'><strong>eo</strong></span> <span class='ocrx_word' id='word_1_85' title='bbox 168 1379 238 1440; x_wconf 86' lang='lat' dir='ltr'><strong>Plus</strong></span> <span class='ocrx_word' id='word_1_86' title='bbox 261 1381 351 1440; x_wconf 84' lang='lat' dir='ltr'><strong>etiam</strong></span> <span class='ocrx_word' id='word_1_87' title='bbox 363 1425 373 1460; x_wconf 90' lang='lat'><strong>,</strong></span> <span class='ocrx_word' id='word_1_88' title='bbox 396 1397 485 1459; x_wconf 94' lang='lat' dir='ltr'><strong>quam</strong></span> <span class='ocrx_word' id='word_1_89' title='bbox 508 1397 556 1440; x_wconf 89' lang='lat' dir='ltr'><strong>me</strong></span> <span class='ocrx_word' id='word_1_90' title='bbox 578 1379 677 1440; x_wconf 93' lang='lat' dir='ltr'><strong>iudice</strong></span> <span class='ocrx_word' id='word_1_91' title='bbox 700 1379 807 1459; x_wconf 81' lang='lat' dir='ltr'><strong>dignus</strong></span> <span class='ocrx_word' id='word_1_92' title='bbox 830 1396 928 1462; x_wconf 81' lang='lat' dir='ltr'><strong>eram3</strong></span> 
     </span>
     <span class='ocr_line' id='line_1_14' title="bbox 109 1466 865 1548; baseline 0.004 -22"><span class='ocrx_word' id='word_1_93' title='bbox 109 1470 112 1474; x_wconf 79' lang='grc'><em>’</em></span> <span class='ocrx_word' id='word_1_94' title='bbox 165 1467 268 1546; x_wconf 87' lang='lat' dir='ltr'><strong>Deque</strong></span> <span class='ocrx_word' id='word_1_95' title='bbox 291 1469 366 1528; x_wconf 89' lang='lat' dir='ltr'><strong>meis</strong></span> <span class='ocrx_word' id='word_1_96' title='bbox 388 1466 439 1528; x_wconf 91' lang='lat' dir='ltr'><strong>illo</strong></span> <span class='ocrx_word' id='word_1_97' title='bbox 462 1467 613 1529; x_wconf 81' lang='lat' dir='ltr'><strong>referebat</strong></span> <span class='ocrx_word' id='word_1_98' title='bbox 635 1467 771 1528; x_wconf 86' lang='lat' dir='ltr'><strong>versibus</strong></span> <span class='ocrx_word' id='word_1_99' title='bbox 794 1486 865 1548; x_wconf 88' lang='lat' dir='ltr'><strong>ore,</strong></span> 
     </span>
     <span class='ocr_line' id='line_1_15' title="bbox 164 1554 814 1635; baseline 0.003 -20"><span class='ocrx_word' id='word_1_100' title='bbox 164 1554 198 1615; x_wconf 91' lang='lat' dir='ltr'><strong>ln</strong></span> <span class='ocrx_word' id='word_1_101' title='bbox 223 1573 281 1634; x_wconf 92' lang='lat' dir='ltr'><strong>quo</strong></span> <span class='ocrx_word' id='word_1_102' title='bbox 305 1573 374 1634; x_wconf 80' lang='lat' dir='ltr'><strong>pars</strong></span> <span class='ocrx_word' id='word_1_103' title='bbox 397 1573 518 1635; x_wconf 80' lang='lat' dir='ltr'><strong>magnae</strong></span> <span class='ocrx_word' id='word_1_104' title='bbox 542 1555 706 1616; x_wconf 89' lang='lat' dir='ltr'><strong>nobilitatis</strong></span> <span class='ocrx_word' id='word_1_105' title='bbox 729 1564 814 1617; x_wconf 85' lang='lat' dir='ltr'><strong>erat.</strong></span> 
     </span>
     <span class='ocr_line' id='line_1_16' title="bbox 164 1642 1086 1725; baseline 0.002 -22"><span class='ocrx_word' id='word_1_106' title='bbox 164 1642 229 1703; x_wconf 91' lang='lat' dir='ltr'><strong>Non</strong></span> <span class='ocrx_word' id='word_1_107' title='bbox 252 1645 343 1722; x_wconf 80' lang='lat' dir='ltr'><strong>igitur</strong></span> <span class='ocrx_word' id='word_1_108' title='bbox 366 1642 420 1704; x_wconf 87' lang='lat' dir='ltr'><strong>tibi</strong></span> <span class='ocrx_word' id='word_1_109' title='bbox 443 1662 546 1725; x_wconf 92' lang='lat' dir='ltr'><strong>nunc,</strong></span> <span class='ocrx_word' id='word_1_110' title='bbox 574 1643 653 1723; x_wconf 93' lang='lat' dir='ltr'><strong>quod</strong></span> <span class='ocrx_word' id='word_1_111' title='bbox 676 1662 723 1705; x_wconf 89' lang='lat' dir='ltr'><strong>me</strong></span> <span class='ocrx_word' id='word_1_112' title='bbox 747 1644 853 1706; x_wconf 90' lang='lat' dir='ltr'><strong>domus</strong></span> <span class='ocrx_word' id='word_1_113' title='bbox 874 1645 932 1704; x_wconf 92' lang='lat' dir='ltr'><strong>ista</strong></span> <span class='ocrx_word' id='word_1_114' title='bbox 955 1647 1086 1725; x_wconf 89' lang='lat' dir='ltr'><strong>recepit,</strong></span> 
     </span>
     <span class='ocr_line' id='line_1_17' title="bbox 167 1730 858 1809; baseline 0.004 -19"><span class='ocrx_word' id='word_1_115' title='bbox 167 1730 225 1791; x_wconf 93' lang='lat' dir='ltr'><strong>Sed</strong></span> <span class='ocrx_word' id='word_1_116' title='bbox 247 1732 332 1809; x_wconf 89' lang='lat' dir='ltr'><strong>prius</strong></span> <span class='ocrx_word' id='word_1_117' title='bbox 356 1733 472 1792; x_wconf 89' lang='lat' dir='ltr'><strong>auctori</strong></span> <span class='ocrx_word' id='word_1_118' title='bbox 494 1740 565 1793; x_wconf 86' lang='lat' dir='ltr'><strong>suut</strong></span> <span class='ocrx_word' id='word_1_119' title='bbox 588 1732 654 1793; x_wconf 89' lang='lat' dir='ltr'><strong>data</strong></span> <span class='ocrx_word' id='word_1_120' title='bbox 677 1731 858 1795; x_wconf 79' lang='lat' dir='ltr'><strong>verbotuo.</strong></span> 
     </span>
     <span class='ocr_line' id='line_1_18' title="bbox 116 1818 1087 1899; baseline 0.003 -21"><span class='ocrx_word' id='word_1_121' title='bbox 116 1831 149 1879; x_wconf 77' lang='lat'><strong>35</strong></span> <span class='ocrx_word' id='word_1_122' title='bbox 163 1818 230 1879; x_wconf 91' lang='lat' dir='ltr'><strong>Non</strong></span> <span class='ocrx_word' id='word_1_123' title='bbox 253 1819 320 1880; x_wconf 86' lang='lat' dir='ltr'><strong>data</strong></span> <span class='ocrx_word' id='word_1_124' title='bbox 343 1827 436 1899; x_wconf 91' lang='lat' dir='ltr'><strong>sunt,</strong></span> <span class='ocrx_word' id='word_1_125' title='bbox 458 1820 639 1881; x_wconf 90' lang='lat' dir='ltr'><strong>mihicrede</strong></span> <span class='ocrx_word' id='word_1_126' title='bbox 663 1828 784 1882; x_wconf 88' lang='lat' dir='ltr'><strong>tamen.</strong></span> <span class='ocrx_word' id='word_1_127' title='bbox 821 1821 927 1883; x_wconf 85' lang='lat' dir='ltr'><strong>sedin</strong></span> <span class='ocrx_word' id='word_1_128' title='bbox 951 1819 1087 1881; x_wconf 91' lang='lat' dir='ltr'><strong>omnihus</strong></span> 
     </span>
     <span class='ocr_line' id='line_1_19' title="bbox 611 1910 686 1970; baseline 0.013 -1"><span class='ocrx_word' id='word_1_129' title='bbox 611 1910 686 1970; x_wconf 91' lang='lat' dir='ltr'><strong>actis</strong></span> 
     </span>
     <span class='ocr_line' id='line_1_20' title="bbox 56 1955 857 2078; baseline 0.004 -23"><span class='ocrx_word' id='word_1_130' title='bbox 56 2005 59 2012; x_wconf 83' lang='grc'><strong><em>·</em></strong></span> <span class='ocrx_word' id='word_1_131' title='bbox 164 1994 272 2056; x_wconf 90' lang='lat' dir='ltr'><strong>Ultima</strong></span> <span class='ocrx_word' id='word_1_132' title='bbox 295 1998 321 2056; x_wconf 92' lang='lat' dir='ltr'><strong>si</strong></span> <span class='ocrx_word' id='word_1_133' title='bbox 345 1996 468 2078; x_wconf 89' lang='lat' dir='ltr'><strong>demas,</strong></span> <span class='ocrx_word' id='word_1_134' title='bbox 491 1998 551 2057; x_wconf 85' lang='lat' dir='ltr'><strong>rita</strong></span> <span class='ocrx_word' id='word_1_135' title='bbox 573 1997 683 2058; x_wconf 90' lang='lat' dir='ltr'><strong>tuenda</strong></span> <span class='ocrx_word' id='word_1_136' title='bbox 696 1955 771 2058; x_wconf 55' lang='lat' dir='ltr'><strong>’mea</strong></span> <span class='ocrx_word' id='word_1_137' title='bbox 794 2005 857 2059; x_wconf 89' lang='lat' dir='ltr'><strong>est.</strong></span> 
     </span>
     <span class='ocr_line' id='line_1_21' title="bbox 164 2081 1087 2172; baseline 0.008 -29"><span class='ocrx_word' id='word_1_138' title='bbox 164 2081 247 2144; x_wconf 90' lang='lat' dir='ltr'><strong>Hanc</strong></span> <span class='ocrx_word' id='word_1_139' title='bbox 266 2102 402 2163; x_wconf 91' lang='lat' dir='ltr'><strong>quoque,</strong></span> <span class='ocrx_word' id='word_1_140' title='bbox 421 2102 479 2163; x_wconf 91' lang='lat' dir='ltr'><strong>qua</strong></span> <span class='ocrx_word' id='word_1_141' title='bbox 497 2086 592 2165; x_wconf 90' lang='lat' dir='ltr'><strong>perii,</strong></span> <span class='ocrx_word' id='word_1_142' title='bbox 612 2086 730 2165; x_wconf 91' lang='lat' dir='ltr'><strong>culpam</strong></span> <span class='ocrx_word' id='word_1_143' title='bbox 748 2085 846 2147; x_wconf 87' lang='lat' dir='ltr'><strong>scelus</strong></span> <span class='ocrx_word' id='word_1_144' title='bbox 865 2104 931 2149; x_wconf 87' lang='lat' dir='ltr'><strong>osse</strong></span> <span class='ocrx_word' id='word_1_145' title='bbox 950 2087 1087 2172; x_wconf 79' lang='lat' dir='ltr'><strong>negabis,</strong></span> 
     </span>
     <span class='ocr_line' id='line_1_22' title="bbox 165 2170 756 2235; baseline 0.005 -4"><span class='ocrx_word' id='word_1_146' title='bbox 165 2170 197 2231; x_wconf 88' lang='lat' dir='ltr'><strong>Si</strong></span> <span class='ocrx_word' id='word_1_147' title='bbox 220 2174 295 2232; x_wconf 86' lang='lat' dir='ltr'><strong>tanti</strong></span> <span class='ocrx_word' id='word_1_148' title='bbox 318 2174 412 2233; x_wconf 85' lang='lat' dir='ltr'><strong>series</strong></span> <span class='ocrx_word' id='word_1_149' title='bbox 436 2174 476 2233; x_wconf 89' lang='lat' dir='ltr'><strong>sit</strong></span> <span class='ocrx_word' id='word_1_150' title='bbox 499 2171 554 2233; x_wconf 92' lang='lat' dir='ltr'><strong>tihi</strong></span> <span class='ocrx_word' id='word_1_151' title='bbox 577 2182 648 2234; x_wconf 90' lang='lat' dir='ltr'><strong>nota</strong></span> <span class='ocrx_word' id='word_1_152' title='bbox 670 2174 756 2235; x_wconf 93' lang='lat' dir='ltr'><strong>mali.</strong></span> 
     </span>
     <span class='ocr_line' id='line_1_23' title="bbox 163 2259 1001 2343; baseline 0.008 -25"><span class='ocrx_word' id='word_1_153' title='bbox 163 2259 222 2320; x_wconf 78' lang='lat' dir='ltr'><strong>Aut</strong></span> <span class='ocrx_word' id='word_1_154' title='bbox 244 2262 334 2320; x_wconf 91' lang='lat' dir='ltr'><strong>timor</strong></span> <span class='ocrx_word' id='word_1_155' title='bbox 357 2268 408 2321; x_wconf 91' lang='lat' dir='ltr'><strong>aut</strong></span> <span class='ocrx_word' id='word_1_156' title='bbox 430 2278 517 2321; x_wconf 89' lang='lat' dir='ltr'><strong>error</strong></span> <span class='ocrx_word' id='word_1_157' title='bbox 539 2261 649 2343; x_wconf 90' lang='lat' dir='ltr'><strong>nobis,</strong></span> <span class='ocrx_word' id='word_1_158' title='bbox 672 2265 756 2340; x_wconf 87' lang='lat' dir='ltr'><strong>prius</strong></span> <span class='ocrx_word' id='word_1_159' title='bbox 779 2261 876 2324; x_wconf 90' lang='lat' dir='ltr'><strong>obiuit</strong></span> <span class='ocrx_word' id='word_1_160' title='bbox 898 2282 1001 2325; x_wconf 89' lang='lat' dir='ltr'><strong>error.</strong></span> 
     </span>
     <span class='ocr_line' id='line_1_24' title="bbox 115 2344 815 2412; baseline 0.009 -6"><span class='ocrx_word' id='word_1_161' title='bbox 115 2358 149 2408; x_wconf 85' lang='lat'><strong>40</strong></span> <span class='ocrx_word' id='word_1_162' title='bbox 165 2344 206 2407; x_wconf 75' lang='lat' dir='ltr'><strong>At</strong></span> <span class='ocrx_word' id='word_1_163' title='bbox 229 2349 293 2408; x_wconf 89' lang='lat' dir='ltr'><strong>sine</strong></span> <span class='ocrx_word' id='word_1_164' title='bbox 316 2366 364 2412; x_wconf 89' lang='lat' dir='ltr'><strong>me</strong></span> <span class='ocrx_word' id='word_1_165' title='bbox 387 2349 440 2409; x_wconf 86' lang='lat' dir='ltr'><strong>iati</strong></span> <span class='ocrx_word' id='word_1_166' title='bbox 462 2366 523 2410; x_wconf 91' lang='lat' dir='ltr'><strong>non</strong></span> <span class='ocrx_word' id='word_1_167' title='bbox 545 2352 716 2411; x_wconf 90' lang='lat' dir='ltr'><strong>meminisse</strong></span> <span class='ocrx_word' id='word_1_168' title='bbox 739 2352 815 2412; x_wconf 90' lang='lat' dir='ltr'><strong>mei.</strong></span> 
     </span>
     <span class='ocr_line' id='line_1_25' title="bbox 163 2433 899 2520; baseline 0.01 -26"><span class='ocrx_word' id='word_1_169' title='bbox 163 2433 243 2495; x_wconf 86' lang='lat' dir='ltr'><strong>Neve</strong></span> <span class='ocrx_word' id='word_1_170' title='bbox 266 2435 454 2497; x_wconf 87' lang='lat' dir='ltr'><strong>retractando</strong></span> <span class='ocrx_word' id='word_1_171' title='bbox 478 2437 611 2499; x_wconf 88' lang='lat' dir='ltr'><strong>nondum</strong></span> <span class='ocrx_word' id='word_1_172' title='bbox 634 2440 771 2500; x_wconf 72' lang='lat' dir='ltr'><strong>coeuntia</strong></span> <span class='ocrx_word' id='word_1_173' title='bbox 795 2457 899 2520; x_wconf 89' lang='lat' dir='ltr'><strong>rumpe</strong></span> 
     </span>
     <span class='ocr_line' id='line_1_26' title="bbox 164 2520 854 2607; baseline 0.01 -26"><span class='ocrx_word' id='word_1_174' title='bbox 164 2520 314 2585; x_wconf 76' lang='lat' dir='ltr'><strong>Vulnera!</strong></span> <span class='ocrx_word' id='word_1_175' title='bbox 357 2526 404 2585; x_wconf 83' lang='lat' dir='ltr'><strong>vix</strong></span> <span class='ocrx_word' id='word_1_176' title='bbox 427 2524 486 2585; x_wconf 91' lang='lat' dir='ltr'><strong>iilis</strong></span> <span class='ocrx_word' id='word_1_177' title='bbox 508 2525 644 2605; x_wconf 86' lang='lat' dir='ltr'><strong>proderit</strong></span> <span class='ocrx_word' id='word_1_178' title='bbox 666 2529 729 2607; x_wconf 89' lang='lat' dir='ltr'><strong>ipsa</strong></span> <span class='ocrx_word' id='word_1_179' title='bbox 753 2529 854 2605; x_wconf 90' lang='lat' dir='ltr'><strong>quies.</strong></span> 
     </span>
     <span class='ocr_line' id='line_1_27' title="bbox 164 2608 965 2696; baseline 0.007 -25"><span class='ocrx_word' id='word_1_180' title='bbox 164 2608 243 2690; x_wconf 80' lang='lat' dir='ltr'><strong>Ergo</strong></span> <span class='ocrx_word' id='word_1_181' title='bbox 266 2621 300 2673; x_wconf 92' lang='lat' dir='ltr'><strong>ut</strong></span> <span class='ocrx_word' id='word_1_182' title='bbox 322 2614 387 2674; x_wconf 84' lang='lat' dir='ltr'><strong>iuro</strong></span> <span class='ocrx_word' id='word_1_183' title='bbox 412 2612 515 2674; x_wconf 92' lang='lat' dir='ltr'><strong>damus</strong></span> <span class='ocrx_word' id='word_1_184' title='bbox 538 2632 671 2696; x_wconf 87' lang='lat' dir='ltr'><strong>poenas,</strong></span> <span class='ocrx_word' id='word_1_185' title='bbox 695 2617 739 2676; x_wconf 88' lang='lat' dir='ltr'><strong>sio</strong></span> <span class='ocrx_word' id='word_1_186' title='bbox 761 2614 855 2677; x_wconf 79' lang='lat' dir='ltr'><strong>abfuit</strong></span> <span class='ocrx_word' id='word_1_187' title='bbox 878 2635 965 2678; x_wconf 92' lang='lat' dir='ltr'><strong>omne</strong></span> 
     </span>
     <span class='ocr_line' id='line_1_28' title="bbox 162 2698 775 2782; baseline 0.011 -24"><span class='ocrx_word' id='word_1_188' title='bbox 162 2698 288 2771; x_wconf 78' lang='lat' dir='ltr'><strong>Peccato</strong></span> <span class='ocrx_word' id='word_1_189' title='bbox 312 2702 427 2762; x_wconf 81' lang='lat' dir='ltr'><strong>facinus</strong></span> <span class='ocrx_word' id='word_1_190' title='bbox 451 2702 668 2782; x_wconf 89' lang='lat' dir='ltr'><strong>consiliumque</strong></span> <span class='ocrx_word' id='word_1_191' title='bbox 691 2722 775 2766; x_wconf 91' lang='lat' dir='ltr'><strong>meo.</strong></span> 
     </span>
     <span class='ocr_line' id='line_1_29' title="bbox 114 2786 1084 2878; baseline 0.008 -31"><span class='ocrx_word' id='word_1_192' title='bbox 114 2800 148 2848; x_wconf 77' lang='lat'><strong>45</strong></span> <span class='ocrx_word' id='word_1_193' title='bbox 163 2786 254 2867; x_wconf 89' lang='lat' dir='ltr'><strong>idque</strong></span> <span class='ocrx_word' id='word_1_194' title='bbox 278 2789 352 2852; x_wconf 91' lang='lat' dir='ltr'><strong>deus</strong></span> <span class='ocrx_word' id='word_1_195' title='bbox 376 2792 488 2851; x_wconf 89' lang='lat' dir='ltr'><strong>sentit.</strong></span> <span class='ocrx_word' id='word_1_196' title='bbox 524 2810 580 2872; x_wconf 93' lang='lat' dir='ltr'><strong>pro</strong></span> <span class='ocrx_word' id='word_1_197' title='bbox 607 2809 667 2871; x_wconf 92' lang='lat' dir='ltr'><strong>quo</strong></span> <span class='ocrx_word' id='word_1_198' title='bbox 695 2810 751 2854; x_wconf 89' lang='lat' dir='ltr'><strong>neo</strong></span> <span class='ocrx_word' id='word_1_199' title='bbox 773 2793 874 2853; x_wconf 88' lang='lat' dir='ltr'><strong>lumen</strong></span> <span class='ocrx_word' id='word_1_200' title='bbox 897 2793 1084 2878; x_wconf 88' lang='lat' dir='ltr'><strong>ademptum,</strong></span> 
     </span>
     <span class='ocr_line' id='line_1_30' title="bbox 161 2875 853 2961; baseline 0.009 -25"><span class='ocrx_word' id='word_1_201' title='bbox 161 2875 222 2937; x_wconf 89' lang='lat' dir='ltr'><strong>Nec</strong></span> <span class='ocrx_word' id='word_1_202' title='bbox 244 2878 318 2938; x_wconf 90' lang='lat' dir='ltr'><strong>mihi</strong></span> <span class='ocrx_word' id='word_1_203' title='bbox 341 2879 488 2940; x_wconf 88' lang='lat' dir='ltr'><strong>detractas</strong></span> <span class='ocrx_word' id='word_1_204' title='bbox 511 2879 644 2959; x_wconf 87' lang='lat' dir='ltr'><strong>possidet</strong></span> <span class='ocrx_word' id='word_1_205' title='bbox 667 2879 742 2941; x_wconf 90' lang='lat' dir='ltr'><strong>alter</strong></span> <span class='ocrx_word' id='word_1_206' title='bbox 764 2899 853 2961; x_wconf 89' lang='lat' dir='ltr'><strong>opes.</strong></span> 
     </span>
     <span class='ocr_line' id='line_1_31' title="bbox 161 2962 1003 3048; baseline 0.007 -26"><span class='ocrx_word' id='word_1_207' title='bbox 161 2962 298 3025; x_wconf 85' lang='lat' dir='ltr'><strong>Forsitan</strong></span> <span class='ocrx_word' id='word_1_208' title='bbox 320 2965 396 3028; x_wconf 89' lang='lat' dir='ltr'><strong>hanc</strong></span> <span class='ocrx_word' id='word_1_209' title='bbox 418 2969 535 3048; x_wconf 85' lang='lat' dir='ltr'><strong>ipsam,</strong></span> <span class='ocrx_word' id='word_1_210' title='bbox 558 2970 655 3029; x_wconf 85' lang='lat' dir='ltr'><strong>rivam</strong></span> <span class='ocrx_word' id='word_1_211' title='bbox 677 2969 786 3048; x_wconf 92' lang='lat' dir='ltr'><strong>modo,</strong></span> <span class='ocrx_word' id='word_1_212' title='bbox 809 2970 892 3030; x_wconf 83' lang='lat' dir='ltr'><strong>finiet</strong></span> <span class='ocrx_word' id='word_1_213' title='bbox 915 2967 1003 3047; x_wconf 91' lang='lat' dir='ltr'><strong>olim,</strong></span> 
     </span>
     <span class='ocr_line' id='line_1_32' title="bbox 160 3049 860 3135; baseline 0.007 -25"><span class='ocrx_word' id='word_1_214' title='bbox 160 3049 307 3130; x_wconf 86' lang='lat' dir='ltr'><strong>Tempore</strong></span> <span class='ocrx_word' id='word_1_215' title='bbox 331 3070 399 3114; x_wconf 92' lang='lat' dir='ltr'><strong>cum</strong></span> <span class='ocrx_word' id='word_1_216' title='bbox 422 3054 513 3114; x_wconf 80' lang='lat' dir='ltr'><strong>suerit</strong></span> <span class='ocrx_word' id='word_1_217' title='bbox 535 3053 632 3115; x_wconf 85' lang='lat' dir='ltr'><strong>lenior</strong></span> <span class='ocrx_word' id='word_1_218' title='bbox 653 3056 720 3135; x_wconf 92' lang='lat' dir='ltr'><strong>ira,</strong></span> <span class='ocrx_word' id='word_1_219' title='bbox 744 3057 860 3134; x_wconf 81' lang='lat' dir='ltr'><strong>fugam.</strong></span> 
     </span>
     <span class='ocr_line' id='line_1_33' title="bbox 160 3137 1048 3224; baseline 0.006 -26"><span class='ocrx_word' id='word_1_220' title='bbox 160 3137 268 3218; x_wconf 88' lang='lat' dir='ltr'><strong>Nunc,</strong></span> <span class='ocrx_word' id='word_1_221' title='bbox 291 3158 420 3221; x_wconf 91' lang='lat' dir='ltr'><strong>precor,</strong></span> <span class='ocrx_word' id='word_1_222' title='bbox 443 3140 513 3200; x_wconf 87' lang='lat' dir='ltr'><strong>hinc</strong></span> <span class='ocrx_word' id='word_1_223' title='bbox 536 3141 592 3201; x_wconf 90' lang='lat' dir='ltr'><strong>alio</strong></span> <span class='ocrx_word' id='word_1_224' title='bbox 614 3140 716 3202; x_wconf 89' lang='lat' dir='ltr'><strong>iubeat</strong></span> <span class='ocrx_word' id='word_1_225' title='bbox 738 3141 916 3224; x_wconf 87' lang='lat' dir='ltr'><strong>discedere,</strong></span> <span class='ocrx_word' id='word_1_226' title='bbox 939 3144 965 3203; x_wconf 91' lang='lat' dir='ltr'><strong>si</strong></span> <span class='ocrx_word' id='word_1_227' title='bbox 987 3160 1048 3204; x_wconf 93' lang='lat' dir='ltr'><strong>non</strong></span> 
     </span>
     <span class='ocr_line' id='line_1_34' title="bbox 111 3225 829 3307; baseline 0.004 -20"><span class='ocrx_word' id='word_1_228' title='bbox 111 3238 145 3288; x_wconf 77' lang='lat'><strong>50</strong></span> <span class='ocrx_word' id='word_1_229' title='bbox 159 3225 268 3287; x_wconf 89' lang='lat' dir='ltr'><strong>Nostra</strong></span> <span class='ocrx_word' id='word_1_230' title='bbox 290 3227 459 3292; x_wconf 84' lang='lat' dir='ltr'><strong>verecundo</strong></span> <span class='ocrx_word' id='word_1_231' title='bbox 481 3236 549 3288; x_wconf 83' lang='lat' dir='ltr'><strong>rota</strong></span> <span class='ocrx_word' id='word_1_232' title='bbox 572 3227 687 3307; x_wconf 92' lang='lat' dir='ltr'><strong>pudore</strong></span> <span class='ocrx_word' id='word_1_233' title='bbox 711 3237 829 3290; x_wconf 88' lang='lat' dir='ltr'><strong>carent.</strong></span> 
     </span>
     <span class='ocr_line' id='line_1_35' title="bbox 160 3314 906 3398; baseline 0.004 -23"><span class='ocrx_word' id='word_1_234' title='bbox 160 3314 261 3376; x_wconf 85' lang='lat' dir='ltr'><strong>Mitius</strong></span> <span class='ocrx_word' id='word_1_235' title='bbox 285 3315 405 3378; x_wconf 86' lang='lat' dir='ltr'><strong>exilium</strong></span> <span class='ocrx_word' id='word_1_236' title='bbox 429 3315 575 3395; x_wconf 91' lang='lat' dir='ltr'><strong>pauloque</strong></span> <span class='ocrx_word' id='word_1_237' title='bbox 598 3317 795 3396; x_wconf 86' lang='lat' dir='ltr'><strong>propinquius</strong></span> <span class='ocrx_word' id='word_1_238' title='bbox 818 3324 906 3398; x_wconf 89' lang='lat' dir='ltr'><strong>opto,</strong></span> 
     </span>
     <span class='ocr_line' id='line_1_36' title="bbox 160 3402 863 3485; baseline 0 -21"><span class='ocrx_word' id='word_1_239' title='bbox 160 3402 277 3483; x_wconf 85' lang='lat' dir='ltr'><strong>Quique</strong></span> <span class='ocrx_word' id='word_1_240' title='bbox 301 3406 380 3466; x_wconf 88' lang='lat' dir='ltr'><strong>sita</strong></span> <span class='ocrx_word' id='word_1_241' title='bbox 403 3421 490 3468; x_wconf 84' lang='lat' dir='ltr'><strong>saevo</strong></span> <span class='ocrx_word' id='word_1_242' title='bbox 513 3404 630 3484; x_wconf 80' lang='lat' dir='ltr'><strong>longius</strong></span> <span class='ocrx_word' id='word_1_243' title='bbox 653 3403 739 3466; x_wconf 89' lang='lat' dir='ltr'><strong>hoste</strong></span> <span class='ocrx_word' id='word_1_244' title='bbox 761 3404 863 3485; x_wconf 82' lang='lat' dir='ltr'><strong>locus3</strong></span> 
     </span>
     <span class='ocr_line' id='line_1_37' title="bbox 159 3490 991 3577; baseline 0.007 -26"><span class='ocrx_word' id='word_1_245' title='bbox 159 3490 334 3570; x_wconf 82' lang='lat' dir='ltr'><strong>Quantaque</strong></span> <span class='ocrx_word' id='word_1_246' title='bbox 357 3493 389 3553; x_wconf 91' lang='lat' dir='ltr'><strong>in</strong></span> <span class='ocrx_word' id='word_1_247' title='bbox 411 3492 545 3572; x_wconf 75' lang='lat' dir='ltr'><strong>Augusto</strong></span> <span class='ocrx_word' id='word_1_248' title='bbox 569 3492 742 3577; x_wconf 90' lang='lat' dir='ltr'><strong>clementia,</strong></span> <span class='ocrx_word' id='word_1_249' title='bbox 765 3498 859 3576; x_wconf 90' lang='lat' dir='ltr'><strong>siquis</strong></span> <span class='ocrx_word' id='word_1_250' title='bbox 882 3495 991 3558; x_wconf 87' lang='lat' dir='ltr'><strong>abillo</strong></span> 
     </span>
     <span class='ocr_line' id='line_1_38' title="bbox 159 3578 860 3664; baseline 0.009 -24"><span class='ocrx_word' id='word_1_251' title='bbox 159 3578 222 3641; x_wconf 88' lang='lat' dir='ltr'><strong>Hoc</strong></span> <span class='ocrx_word' id='word_1_252' title='bbox 245 3588 362 3660; x_wconf 87' lang='lat' dir='ltr'><strong>peteret</strong></span> <span class='ocrx_word' id='word_1_253' title='bbox 385 3600 440 3662; x_wconf 92' lang='lat' dir='ltr'><strong>pro</strong></span> <span class='ocrx_word' id='word_1_254' title='bbox 463 3600 524 3664; x_wconf 90' lang='lat' dir='ltr'><strong>me,</strong></span> <span class='ocrx_word' id='word_1_255' title='bbox 546 3582 670 3645; x_wconf 84' lang='lat' dir='ltr'><strong>forsitan</strong></span> <span class='ocrx_word' id='word_1_256' title='bbox 694 3582 742 3644; x_wconf 89' lang='lat' dir='ltr'><strong>ille</strong></span> <span class='ocrx_word' id='word_1_257' title='bbox 765 3584 860 3646; x_wconf 61' lang='lat' dir='ltr'><strong>daret,</strong></span> 
     </span>
    </p>
   </div>
   <div class='ocr_carea' id='block_1_3' title="bbox 0 0 1238 4042">
    <p class='ocr_par' dir='ltr' id='par_1_3' title="bbox 0 0 1238 4042">
     <span class='ocr_line' id='line_1_39' title="bbox 0 0 1238 4042; baseline 0 0"><span class='ocrx_word' id='word_1_258' title='bbox 0 0 1238 4042; x_wconf 95' lang='lat' dir='ltr'><strong> </strong></span> 
     </span>
    </p>
   </div>
  </div>
 </body>
</html>
