2467 4042
124 228 190 293 316
279 245 450 284 erumnosas
538 227 716 285 hestrith.

212 394 351 472 Agrestes
374 394 471 455 tineae
495 425 538 438 -
561 411 610 455 res
634 392 788 456 observata
811 396 923 458 colonis
948 427 987 441 -

211 480 308 542 Ferali
330 488 447 543 mutant
469 499 536 543 cum
559 482 708 562 papilione
730 484 871 562 liguram.

144 578 197 631 eth
212 568 330 630 Semina
351 568 440 631 butus
462 568 552 631 habet
574 570 683 632 virides
706 574 876 651 generantia
898 591 1003 654 ranas,

210 656 249 717 Et
270 665 393 736 generat
415 665 535 719 huneas
557 657 684 737 pedibus
696 706 706 739 ,
728 677 796 721 mox
819 668 887 740 apta
909 661 1036 723 natando

211 744 305 806 Crura
328 745 399 826 dat,
421 754 515 824 utque
538 746 641 808 eadem
664 749 724 808 siut
746 746 841 828 longis
865 748 988 810 saltibus
1010 760 1096 830 apta,

209 832 360 894 Posterior
382 841 482 913 partes
505 841 626 913 superat
648 852 788 896 mensura
809 838 941 915 priores.

209 920 272 982 Nee
295 919 433 1001 catulus,
454 930 543 1000 partu
567 940 656 1001 quem
679 922 808 985 reddidit
829 942 900 986 ursa
922 928 1055 1007 receuti,

143 1019 196 1072 teo
211 1008 270 1069 Sed
293 1009 368 1070 male
391 1011 455 1070 riva
478 1026 547 1071 earo
571 1018 638 1072 est:
660 1009 817 1083 lambendo
840 1021 935 1074 mater
957 1015 989 1074 lu
1012 1023 1095 1075 artus

209 1096 329 1178 Fingit,
352 1106 382 1158 et
403 1099 434 1159 iu
458 1098 605 1180 sormam,
629 1107 768 1178 quantm
792 1102 870 1180 capit
887 1103 973 1181 ipsa,
996 1101 1126 1165 reducit.

208 1184 312 1246 Nonne
335 1186 417 1247 vides
440 1203 515 1265 quos
538 1203 607 1247 oera
630 1188 703 1266 tegit
726 1187 885 1267 sexangula
907 1189 987 1250 letus

208 1272 418 1336 Melhlerarum
441 1276 541 1354 apium
552 1321 563 1356 ,
585 1276 650 1336 sine
673 1273 814 1336 membris
837 1293 963 1356 corpora
985 1280 1068 1339 nasei

207 1359 246 1423 Et
268 1379 410 1441 serosque
433 1363 526 1442 pedes
548 1379 690 1441 serasque
713 1381 866 1425 assumere
888 1361 1028 1444 pennas?

141 1459 194 1511 885
207 1447 330 1511 lunonis
352 1450 525 1532 volucrem,
549 1467 624 1529 quae
647 1451 740 1512 cauda
763 1451 861 1513 sidera
883 1460 996 1534 portat,

207 1537 454 1617 Armigerumque
475 1538 552 1615 loris
576 1537 844 1618 Cythereiadasque
867 1539 1018 1602 columbas

206 1624 245 1687 Et
267 1644 361 1705 genus
383 1644 471 1687 omne
493 1629 590 1688 arium
612 1627 718 1688 mediis
740 1645 757 1687 e
779 1627 914 1707 partibus
937 1630 1003 1710 ovi,

207 1713 245 1775 Ni
268 1717 359 1776 sciret
381 1715 446 1776 lteri
458 1762 468 1797 ,
485 1716 558 1794 quis
581 1717 664 1776 nasei
686 1732 774 1795 posse
797 1712 946 1796 putaret?

208 1801 285 1863 Sunt
302 1804 376 1884 qui,
394 1821 463 1865 oum
481 1803 581 1864 clauso
598 1804 765 1883 putrefacta
783 1811 830 1865 est
847 1807 933 1883 spina
951 1804 1110 1885 sepulchro

140 1902 192 1952 eto
206 1890 314 1953 Mutari
337 1890 460 1953 eredunt
481 1890 624 1952 humanas
647 1909 743 1971 angue
766 1891 927 1953 medullas.

206 1978 285 2040 Haeo
308 1987 407 2042 tamen
429 1996 465 2040 ex
489 1979 553 2040 aliis
575 1981 694 2059 generis
715 1979 877 2059 primordia
900 1980 1030 2063 dueuut3

206 2065 270 2128 Una
292 2076 361 2149 est,
384 2085 459 2146 quae
483 2075 602 2147 reperet
624 2085 716 2146 seque
739 2070 803 2148 ipsa
826 2071 1007 2151 reseminet,
1031 2069 1110 2132 ales:

205 2156 319 2236 Assyrii
340 2155 485 2236 phoenica
507 2162 634 2217 vocant.
663 2173 722 2217 non
746 2157 832 2235 lnrge
855 2175 953 2235 neque
976 2156 1094 2238 herbis,

206 2242 265 2305 Sed
288 2245 364 2321 truie
386 2243 516 2305 lacriuris
538 2250 569 2305 et
590 2249 669 2305 suoo‘
685 2245 756 2306 vivit
778 2248 902 2327 amomi.

139 2341 191 2393 ees
205 2330 285 2393 Haeo
307 2331 360 2395 ubi
383 2334 515 2412 quinque
538 2348 610 2393 suae
633 2331 792 2411 complevit
814 2333 931 2395 saecula
953 2335 1046 2415 ritae,

205 2419 289 2481 llioet
310 2422 342 2482 in
365 2423 455 2482 remis
477 2419 681 2498 tremulaeque
705 2423 858 2482 caoumlne
880 2421 993 2501 palmae

204 2506 359 2587 Unguibus
382 2516 413 2571 et
434 2527 512 2589 puro
533 2508 638 2570 nidum
660 2507 717 2569 sihi
739 2511 886 2571 construit
909 2526 978 2570 ore.

205 2595 270 2668 Quo
293 2596 382 2658 simul
405 2615 439 2658 ae
462 2598 555 2659 oasias
577 2604 609 2658 et
631 2595 716 2657 nardi
739 2595 814 2658 leuis
838 2599 943 2661 aristas

204 2684 376 2764 Questaque
400 2703 468 2747 oum
491 2684 569 2747 fulva
591 2683 755 2746 substravit
777 2687 912 2748 cinnama
935 2703 1052 2767 murra,

138 2785 190 2835 400
205 2772 243 2833 Se
266 2791 357 2852 super
379 2775 504 2853 imponit
526 2773 651 2852 fluitque
672 2775 704 2834 in
727 2772 869 2835 odoribus
892 2791 1013 2835 aevum.

203 2861 275 2922 lude
298 2862 420 2944 lerunt,
442 2861 567 2923 totidem
590 2863 642 2940 qui
664 2862 763 2922 vivere
786 2860 894 2923 debeat
916 2879 1027 2944 annos,

203 2949 334 3030 Corpore
358 2949 395 3011 de
417 2951 513 3030 patrio
535 2966 660 3029 parvum
681 2948 826 3030 phoenice
848 2952 979 3012 renasci.
1022 2963 1044 3003 t·
1058 2963 1125 3007 001¹·

204 3038 279 3100 Cum
301 3037 383 3100 dedit
404 3037 474 3101 huie
497 3045 577 3100 aetas
601 3040 702 3118 vires,
725 3040 868 3117 onerique
891 3038 1015 3100 terendo
1038 3046 1102 3120 est,

202 3125 389 3189 Ponderibus
412 3126 474 3188 nidi
496 3144 594 3188 ramos
616 3125 694 3188 levat
716 3125 831 3188 arboris
854 3126 946 3208 altae,

138 3226 190 3278 tot
203 3215 333 3297 Fertque
356 3218 424 3296 pius
447 3232 598 3295 cunasque
618 3232 687 3275 suas
705 3217 895 3295 patriumque
914 3213 1123 3297 sepulchrum,

202 3302 321 3383 Perque
343 3302 423 3367 leves
445 3318 532 3367 auras
554 3301 732 3383 Hyperionis
755 3303 829 3365 urbe
852 3304 964 3383 potitus

203 3393 278 3452 unte
301 3392 381 3454 iores
404 3409 502 3453 sacras
524 3390 703 3472 Hyperionis
726 3391 798 3453 aede
821 3394 954 3471 reponit.

205 3478 237 3540 Si
260 3487 360 3541 tamen
383 3487 430 3543 est
452 3479 562 3559 aliquid
585 3481 678 3541 mirae
701 3482 839 3541 nouitatis
862 3482 1000 3562 inistis,

204 3566 359 3629 Alteruare
381 3570 461 3630 vices
485 3575 515 3629 et
538 3585 612 3647 quoe
636 3566 723 3629 modo
747 3568 856 3629 femiam
878 3575 963 3647 tergo

1120 1855 1130 1888 l
