2467 4042
401 229 447 278 ru.
467 239 538 279 vnn
553 230 684 279 s-xoo.
751 302 759 305 ‚

80 404 113 453 10
127 391 185 463 Qui
207 390 305 452 tribus
328 396 396 452 ante
419 397 525 470 quater
547 388 700 451 mensibus
724 398 808 452 ortus
831 399 915 454 erat.

126 479 245 541 Lucifer
268 477 424 540 amborum
446 476 592 539 natalibus
615 479 699 539 adurit
722 478 818 560 idemq
860 530 861 533 ,

127 567 191 628 Una
215 566 363 629 celebrata
385 573 433 627 est
453 584 508 645 per
531 566 589 626 duo
614 565 673 626 liba
695 565 777 629 dies:

128 654 207 717 Haeo
231 662 277 717 est
299 655 456 716 armiferae
479 654 564 715 iestis
587 653 624 716 de
648 655 780 733 quinque
803 653 972 738 Minervae,

129 742 210 813 Quae
233 744 300 804 fieri
321 761 420 823 pugna
442 743 537 822 prima
560 750 684 804 eruenta
707 742 799 804 solet.

83 844 115 892 15
128 831 270 893 Protinus
293 831 457 912 ercolimur
479 832 598 911 teneri,
623 848 754 910 curaque
776 833 910 910 parentis

128 919 209 982 lmus
233 919 269 982 ad
292 921 424 998 insignes
448 917 537 979 Urbis
560 917 597 978 ab
621 926 684 980 arte
708 920 805 981 viros.

129 1007 234 1069 Frater
257 1007 292 1068 ad
307 1007 469 1086 eloquium
491 1006 578 1067 viridi
601 1005 743 1068 tendebat
766 1006 804 1069 ab
826 1025 917 1090 aevo,

128 1096 229 1157 Fortia
251 1093 372 1156 verbosi
394 1102 481 1156 natus
504 1094 539 1154 ad
564 1112 645 1155 arma
668 1095 744 1175 sori;

129 1184 167 1245 bt
189 1184 261 1245 mihi
283 1186 342 1245 iam
364 1200 458 1263 puero
482 1182 620 1244 caelestia
643 1200 727 1244 saera
750 1182 926 1265 placebant,

82 1285 115 1334 20
130 1271 222 1352 loque
246 1290 335 1333 suum
357 1271 462 1333 furtim
484 1269 568 1332 Musa
590 1270 727 1333 trahebat
749 1289 846 1352 opus.

132 1359 226 1439 Saepe
249 1367 334 1444 pater
357 1359 432 1420 dixit
456 1354 606 1421 ‘Studium
631 1359 702 1439 quid
725 1359 830 1422 inutile
853 1356 1007 1440 temptes?

132 1446 301 1508 Maeonides
324 1446 419 1508 nullas
441 1450 506 1527 ipse
529 1446 651 1526 reliquit
673 1443 766 1527 opes?

131 1535 230 1597 Motus
253 1553 334 1596 eram
357 1534 467 1616 dietis,
489 1543 613 1614 totoque
636 1534 778 1612 Helieone
801 1536 905 1598 relicto

134 1622 272 1686 Scribere
295 1623 475 1703 temptabam
496 1622 586 1685 verba
609 1622 706 1685 soluta
729 1623 841 1686 modis.

84 1724 118 1776 25
134 1711 245 1792 Sponte
269 1730 323 1773 sua
346 1730 466 1773 carmen
488 1730 631 1773 numeros
653 1711 790 1774 veniebat
812 1712 849 1774 ad
871 1720 974 1793 aptos,

132 1800 171 1862 Et
194 1800 272 1881 quod
296 1799 475 1880 temptabam
498 1799 653 1880 scribere,
676 1819 781 1863 versus
804 1809 885 1864 erat.

134 1889 251 1950 luterea
275 1891 364 1950 tacito
388 1906 478 1967 passu
501 1887 670 1951 labentibus
694 1892 779 1950 annis

132 1977 269 2039 Liberior
291 1977 376 2037 fratri
399 1984 517 2057 sumpta
539 1977 671 2057 mihique
694 1984 762 2057 toga
785 1986 850 2058 est,

133 2066 330 2146 luduiturque
354 2067 466 2126 umeris
490 2082 557 2127 oum
580 2066 640 2127 lato
662 2084 796 2145 purpura
819 2065 917 2148 olavo,

87 2167 122 2217 30
135 2155 174 2216 Et
196 2152 329 2216 studium
351 2152 460 2234 nobis,
484 2153 563 2234 quod
586 2154 644 2215 suit
666 2162 755 2235 aute,
778 2162 895 2215 manet.

134 2241 254 2322 lamque
278 2242 381 2304 deoem
404 2244 480 2304 vitae
504 2243 596 2304 irater
619 2244 818 2322 geminaverat
841 2260 952 2322 anuos,

137 2331 211 2392 Cum
233 2332 334 2411 perit,
358 2339 388 2392 et
411 2332 496 2411 coepi
518 2338 603 2410 parte
627 2348 729 2392 carere
752 2333 828 2394 mei.

136 2419 275 2498 Cepimus
298 2426 329 2480 et
351 2426 472 2480 tenerae
495 2421 607 2498 primos
631 2422 735 2481 aetatis
757 2419 904 2501 honores,

135 2507 219 2586 Eque
242 2509 315 2568 viris
338 2507 485 2586 quondam
507 2526 577 2587 pars
600 2506 698 2569 tribus
722 2525 780 2569 una
804 2507 864 2570 sut.

88 2608 122 2658 ao
137 2596 226 2657 Curia
248 2594 400 2657 restabat.
437 2595 511 2657 clavi
534 2614 674 2658 mensura
696 2603 799 2657 coacta
821 2604 885 2659 est:

135 2684 230 2746 Maius
253 2692 318 2746 erat
340 2687 452 2746 uostris
474 2685 588 2747 uiribus
611 2684 684 2746 illud
707 2703 801 2747 onus.

135 2773 197 2835 Ner
219 2775 335 2852 patiens
359 2791 468 2854 eorpus
480 2818 490 2855 ,
513 2792 569 2834 nee
591 2791 677 2836 mens
700 2775 757 2835 fuit
779 2781 846 2855 apta
869 2771 981 2854 labori,

137 2860 345 2942 Sollicitaeqne
368 2864 457 2942 fugax
480 2861 649 2924 ambitionis
672 2881 773 2944 eram,

137 2949 175 3010 Et
196 2957 299 3029 petere
322 2949 433 3012 Aoniae
457 2949 622 3011 suadebant
644 2958 708 3012 tuta
732 2967 852 3012 sorores

74 3047 123 3099 ·40
138 3036 226 3116 Otia,
249 3036 360 3099 iudicio
383 3055 501 3116 semper
524 3045 619 3098 amata
641 3055 726 3100 meo.

137 3125 294 3204 Temporis
316 3123 396 3186 iliius
419 3124 498 3186 nolui
521 3125 640 3203 fovique
662 3132 784 3206 poetas,

138 3212 277 3292 Quotque
299 3211 422 3274 aderant
444 3219 526 3275 rates
538 3257 547 3293 ,
571 3211 659 3273 rebar
682 3211 785 3274 adesse
809 3212 899 3273 deos.

140 3301 234 3381 Saepe
257 3318 327 3362 suas
349 3300 486 3363 volueres
509 3299 581 3380 legit
603 3300 677 3362 mibi
699 3299 840 3380 grandior
863 3317 953 3379 aero,

138 3390 280 3470 Quaeque
303 3397 393 3451 noret
415 3406 563 3470 serpens,
586 3405 662 3469 quae
686 3391 766 3451 iuvat
788 3385 903 3468 herba,
926 3387 1040 3448 Macer.

88 3489 124 3541 45
140 3478 234 3559 Saepe
260 3496 330 3540 suos
354 3477 460 3552 solitus
482 3480 609 3554 renitere
632 3478 807 3559 Propertius
830 3479 916 3558 ignes

138 3567 206 3630 lure
230 3561 381 3649 sodalitii,
405 3586 464 3648 quo
487 3566 560 3628 mihi
582 3569 703 3629 innotus
727 3575 806 3630 erat.
