2467 4042
216 215 281 281 273
624 215 816 267 resronnu

305 379 429 459 Saepius
451 380 574 442 instanti
596 373 751 440 ‘mandata
773 380 945 458 peregimus
958 374 986 461 ‚⁹
1013 382 1124 460 inquit

348 464 481 532 ‘Evictus
503 467 642 548 precibus
665 470 711 528 rix
735 466 818 528 dedit
838 467 888 529 illa
910 465 1062 531 manus.'

304 556 407 619 Credit
428 575 551 638 amaus,
573 556 776 636 thalamosque
798 565 903 635 parat.
946 557 1123 622 deducitur
1145 560 1200 622 illuc

238 658 291 709 690
349 646 432 707 llnrra
456 655 559 724 tegens
581 644 699 725 voltus,
723 654 756 706 ut
777 663 852 706 nora
876 653 994 728 nupta,
1017 666 1120 710 suos.

304 734 412 796 Oscula
436 743 609 812 sumpturus
633 732 731 794 subito
755 732 833 794 Mars
855 736 962 813 aspicit
985 735 1134 798 Annam.

347 823 434 885 Nune
455 821 552 902 pudor
574 822 713 901 elusum,
736 840 816 883 nune
838 821 919 883 subit
941 824 989 883 ira
1012 824 1134 888 deum:

304 910 391 973 Ridet
413 919 595 988 amatorem,
618 928 686 971 cara
710 918 756 971 est
777 928 851 971 nova
874 910 941 971 diva
963 910 1146 996 Minervae,

229 1064 234 1071 ,
346 999 409 1060 Neo
432 1017 482 1060 res
503 998 559 1059 hae
582 996 690 1059 Veneri
712 1001 823 1075 gratior
846 998 904 1059 nlla
927 999 1005 1060 suit.

238 1101 290 1151 ouo
304 1086 375 1148 lnde
398 1088 457 1148 iooi
479 1095 595 1148 veteres
618 1086 804 1166 obscenaque
828 1087 904 1149 dieta
927 1097 1110 1173 canuntur,

343 1174 386 1245 =Et
406 1177 487 1237 iuvat
508 1174 583 1236 hane
606 1192 712 1253 magno
736 1174 825 1237 verba
847 1174 965 1237 dedisse
990 1177 1071 1240 deo.

303 1264 524 1326 Praeteriturrrs
547 1282 627 1324 eram
651 1263 763 1342 gladios
785 1266 817 1324 in
839 1265 974 1344 principe
999 1266 1102 1348 fixos,

348 1352 422 1414 Cum
446 1354 488 1414 sie
511 1370 528 1412 a
552 1354 642 1413 eastis
664 1350 751 1412 Vesta
774 1351 871 1413 locuta
895 1352 987 1413 loeis:

304 1436 363 1502 ‘Ne
386 1439 488 1503 dubita
510 1438 702 1502 meminisse!
734 1458 819 1503 meus
841 1441 898 1501 luit
919 1439 968 1501 ille
994 1444 1160 1506 sacerdos.

239 1541 290 1593 τοο
349 1528 513 1608 Sacrilegae
536 1529 603 1590 telis
626 1546 674 1591 me
697 1530 810 1606 petiere
833 1546 954 1590 manus.

302 1618 370 1699 lpsa
392 1619 487 1679 virum
511 1620 618 1698 rapui,
642 1616 857 1696 simulacraque
879 1617 959 1678 nuda
981 1619 1120 1699 reliqui.

349 1706 430 1778 Quae
453 1706 560 1767 cecidit
582 1706 690 1784 ferro,
709 1703 843 1766 Caesaris
866 1704 971 1767 umbra
994 1705 1093 1771 luit.'

303 1794 355 1856 llle
380 1794 499 1874 quidem
521 1794 602 1855 eaelo
625 1796 742 1873 positus
764 1793 840 1855 loris
863 1796 937 1855 atria
960 1795 1054 1876 vidit,

347 1881 386 1945 Et
408 1891 491 1944 tenet
511 1885 543 1943 in
565 1900 671 1961 magno
694 1881 803 1961 templa
826 1880 921 1943 dicata
944 1882 1029 1945 loro.

238 1982 289 2034 ⁷05
303 1971 341 2033 At
363 1972 543 2051 quicumque
565 1970 649 2031 nelos
671 1973 758 2050 ausi,
780 1969 955 2050 prohibente
978 1970 1115 2035 deorum

347 2059 497 2138 Numine,
520 2058 688 2138 polluerant
709 2058 875 2138 pontificale
899 2067 1005 2140 eaput,

303 2147 398 2209 Morte
420 2150 517 2209 iacent
540 2149 668 2209 merita.
708 2155 801 2208 testes
823 2155 918 2209 estote
941 2147 1097 2233 Philippi,

347 2234 386 2298 Et
408 2246 536 2315 quorum
559 2237 671 2315 sparsis
693 2235 811 2297 ossibus
833 2235 913 2297 albet
934 2236 1067 2298 humus.

304 2323 366 2386 Hoe
389 2342 464 2404 opus
475 2372 484 2406 ,
507 2325 579 2385 haee
597 2327 693 2403 pietas
704 2371 713 2405 ,
730 2323 803 2385 haee
821 2324 1090 2403 primaelernenta
1110 2330 1211 2391 inerunt

238 2425 289 2476 ⁷10
347 2412 502 2498 Caesaris,
525 2412 629 2474 ulcisci
652 2414 730 2473 iusta
752 2429 807 2491 per
829 2430 910 2474 arma
932 2421 1069 2492 patrem.

651 2551 700 2616 16.
725 2547 790 2615 OF

303 2677 425 2741 Postera
448 2694 515 2738 oum
538 2686 658 2739 teneras
680 2694 786 2737 aurora
809 2676 948 2738 refecerit
969 2677 1105 2762 horim,

350 2764 490 2844 Scorpios
512 2767 648 2844 aprima
669 2773 753 2844 parte
778 2763 921 2827 ridendus
943 2767 1019 2828 erit.

557 2903 607 2968 17.
631 2902 661 2967 D
684 2900 834 2968 LIB·N³

304 3029 405 3091 Tertia
427 3037 495 3111 post
517 3028 587 3093 ldus
609 3029 661 3092 lux
684 3038 730 3091 est
753 3028 945 3091 celeberrima
967 3028 1111 3095 Booelro.

349 3117 486 3199 Bacche,
509 3119 572 3179 lave
595 3121 676 3198 vati,
698 3118 770 3179 dom
794 3126 845 3179 tua
867 3119 942 3179 leste
965 3136 1060 3181 cano.

241 3217 292 3269 tlt
306 3205 368 3267 Nee
389 3208 518 3269 reseram
541 3205 701 3287 Semelen,
723 3205 759 3267 ad
782 3225 871 3286 quam
893 3208 953 3268 nisi
975 3206 1106 3272 fulmina
1131 3229 1211 3276 secun

349 3294 482 3375 luppiter
505 3295 656 3375 adsemel,
680 3296 795 3356 sarcina
818 3296 920 3357 matris
944 3312 1030 3377 eras3

305 3382 388 3463 Nee,
410 3402 486 3462 puer
509 3394 543 3445 nt
565 3401 669 3463 posses
691 3392 807 3446 maturo
829 3395 963 3463 tempore
986 3389 1092 3468 nasei,

349 3468 507 3548 Expletum
530 3474 626 3549 patrio
649 3488 774 3550 corpore
796 3475 899 3533 matris
922 3490 1015 3551 opus.

307 3554 444 3617 Sithonas
466 3568 498 3618 et
521 3557 675 3637 Scythicos
698 3557 819 3637 longum
842 3570 888 3622 est
913 3577 1036 3647 narrare
1061 3540 1210 3633 triumuiro·
