2467 4042
439 256 487 308 111.
508 257 656 308 ate-686.
985 251 1049 317 277

176 417 325 480 Sustinuit
346 417 451 480 tacitas
474 419 612 480 conscius
636 419 730 479 amuis
753 436 861 500 aquas,

129 504 196 587 lpse
217 506 300 587 loqui
321 506 383 567 visa
407 514 453 568 est
476 501 600 585 ‘placidi
618 524 686 568 sum
708 507 835 587 nympha
857 505 992 570 Numici:

174 594 267 656 dmne
291 611 422 673 perenne
445 593 540 656 latens
562 594 646 656 duna
669 593 804 656 Perenna
826 590 948 656 rooor.'

63 694 115 745 666
129 683 271 744 Protinus
293 684 400 744 erratis
421 681 492 744 laeti
514 692 677 745 vescuntur
699 685 732 744 in
754 685 852 765 agris,

174 770 213 832 in
235 769 387 832 eelebrent
409 770 491 851 largo
513 789 638 852 remque
662 771 800 851 diemque
824 789 924 833 mero.

131 859 208 922 Sunt
231 857 340 940 quibus
362 858 436 921 haee
459 859 543 921 Luna
566 869 634 942 est,
664 862 733 941 quia
757 859 908 922 mensibus
931 859 1051 940 impleat

679 967 806 1029 annum3

173 1034 246 1098 Pars
269 1035 396 1098 Themin
408 1084 419 1121 ,
441 1036 589 1098 lnaohiam
611 1054 682 1116 pars
704 1043 790 1116 putat
812 1054 878 1098 esse
900 1034 1025 1099 berem.

127 1123 285 1208 invenies,
309 1127 360 1203 qui
383 1133 412 1187 te
435 1125 585 1205 nymphen
608 1124 755 1186 Atlantida
777 1124 896 1207 dicant,

62 1225 115 1276 666
172 1212 274 1293 'leque
298 1212 360 1275 lori
382 1215 517 1294 primos,
540 1213 646 1294 duna,
669 1213 786 1275 dedisse
810 1211 911 1275 eibos.

128 1298 208 1363 Haeo
232 1318 375 1383 quoque,
398 1319 485 1381 quem
509 1301 659 1383 reseram,
682 1310 799 1364 nostras
822 1304 958 1382 pervenit
981 1302 1016 1363 ad

678 1408 766 1451 aures

172 1475 283 1550 Fama,
306 1493 362 1537 neo
384 1494 402 1538 a
424 1478 488 1537 reri
509 1468 635 1537 dissidet
656 1476 705 1538 1116
727 1476 804 1539 dde.

130 1561 219 1625 Plebs
242 1572 328 1625 retus
351 1573 382 1626 et
404 1563 495 1625 nullis
517 1566 679 1625 etiamtunc
701 1572 766 1626 tuta
789 1564 918 1627 tribunis

172 1651 284 1732 Fugit,
306 1661 338 1714 et
359 1654 391 1713 in
415 1652 499 1715 Sacri
521 1654 633 1713 vertice
656 1655 766 1714 montis
789 1663 873 1733 eget.

62 1738 189 1803 6661616
214 1758 355 1821 quoque,
379 1758 469 1820 quem
491 1759 593 1802 seeum
617 1740 769 1823 tulerant,
790 1742 939 1804 deiecerat
961 1742 1027 1804 illos

173 1827 276 1889 Victus
298 1836 330 1890 et
351 1828 488 1890 humanis
511 1828 616 1891 usibus
639 1839 706 1910 apte
729 1829 837 1892 Ceres.

128 1915 200 1978 Orta
223 1915 402 1979 suburbanis
426 1917 569 1996 quaedam
592 1918 649 1979 luit
670 1918 753 1979 Anna
776 1917 918 2002 Bovillis,

172 2004 311 2087 Pauper,
334 2005 388 2067 sed
411 2005 537 2067 mundae
561 2005 726 2068 sedulitatis
749 2024 841 2068 anus.

129 2091 202 2175 llla,
225 2092 283 2155 levi
305 2095 394 2156 mitra
416 2111 505 2155 aenos
528 2095 666 2156 redimita
689 2094 828 2176 capillos,

61 2194 114 2244 ato
173 2180 317 2263 Fingebat
340 2182 465 2244 tremula
488 2185 600 2245 rustioa
624 2182 681 2244 liba
704 2200 812 2266 manu,

128 2271 225 2350 Atque
247 2273 289 2332 ita
311 2288 366 2349 per
387 2270 530 2350 populum
553 2272 697 2333 fumantia
719 2282 804 2333 mane
828 2271 941 2335 solebat

172 2357 331 2420 Dividere.
369 2358 441 2419 haee
464 2359 574 2439 populo
597 2361 681 2439 eopia
704 2367 787 2439 grata
809 2360 882 2422 luit.

127 2445 203 2507 Pace
227 2446 308 2507 domi
330 2446 406 2508 laeta
429 2448 547 2525 signum
569 2465 721 2529 posuere,
742 2466 905 2528 perennem

174 2533 259 2606 Quod
283 2533 341 2596 sibi
364 2533 489 2597 delectis
511 2534 559 2596 1116
582 2536 700 2598 tulisset
722 2554 827 2616 opem.

60 2621 215 2686 67611666
238 2622 310 2684 milti
322 2670 333 2704 ,
356 2640 410 2685 our
428 2632 568 2705 cantent,
591 2633 748 2706 superest,
768 2624 895 2687 obscene
917 2625 1047 2710 puellae,

172 2709 299 2772 llieere.
340 2729 409 2773 nam
432 2721 541 2773 coeunt
563 2720 704 2792 certaque
726 2713 835 2792 probra
858 2724 985 2777 666666.

128 2798 231 2878 Nuper
254 2808 317 2862 erat
340 2799 394 2862 dea
418 2802 516 2863 laeta:
538 2803 619 2862 venit
642 2800 786 2865 Gradivus
809 2802 845 2864 ad
868 2803 999 2885 Annam,

172 2887 301 2950 Etcum
324 2889 446 2951 seducta
470 2887 537 2950 talia
560 2888 649 2951 verba
672 2891 760 2954 lacit:

127 2972 244 3038 ‘Mense
267 2995 333 3038 meo
357 2977 487 3060 coleris,
510 2980 593 3039 iunxi
615 2996 681 3040 mee
704 2989 836 3059 tempora
860 2988 976 3042 tecum:

61 3075 114 3126 666
173 3063 286 3126 Pendet
309 3063 346 3125 ab
368 3066 466 3128 6111616
489 3083 558 3146 spes
581 3067 655 3127 mihi
676 3084 781 3147 magna
804 3077 872 3128 tuo.

128 3151 256 3213 drmiler
279 3153 434 3215 armiferae
456 3163 613 3235 correptus
637 3172 736 3215 amore
758 3154 906 3216 Minervae

173 3239 272 3321 Uror,
296 3250 326 3302 et
349 3240 405 3303 hoe
428 3242 516 3321 longo
540 3252 674 3321 tempore
697 3242 802 3303 volnus
825 3243 889 3305 alo.

127 3327 243 3409 Ellioe,
266 3328 297 3389 di
319 3329 418 3391 studio
440 3329 551 3392 similes
574 3348 713 3392 coeamus
735 3331 767 3391 in
789 3349 900 3393 unum.

172 3415 360 3479 Conveniunt
380 3428 481 3499 partes
504 3418 576 3482 haee
599 3417 676 3501 tibi,
699 3421 792 3481 comis
814 3414 922 3481 anus)

60 3517 113 3569 666
128 3505 269 3568 Dixerat.
310 3504 359 3567 1116
381 3505 470 3569 deum
494 3509 641 3589 promisso
664 3507 740 3569 ludit
762 3510 860 3589 inani,

171 3593 210 3657 Et
233 3594 353 3659 stultam
376 3595 465 3658 dubia
489 3613 573 3676 spem
596 3596 687 3658 trehit
709 3614 804 3678 usque
828 3615 925 3659 mora.
