2467 4042
423 245 470 296 VI.
486 246 635 296 tos-537:
968 237 1032 304 347

160 407 329 470 Vorticibus
351 406 437 468 densi
459 405 615 484 Thybridis
638 423 690 466 ora
712 412 835 467 tenent.

118 497 216 558 Lucus
238 503 303 557 erat
314 542 324 576 ,
347 493 470 556 dubium
493 493 648 573 Semelae,
672 492 852 554 Stimulaene
874 499 1015 553 vocetur:

161 583 315 646 Maenadas
337 582 483 644 Ausonias
505 580 664 642 incoluisse
688 581 805 642 ierunt,

57 684 108 735 ouo
121 672 242 744 Quaerit
264 670 301 732 ab
323 670 371 731 his
392 668 468 749 loo,
492 686 566 748 quae
585 685 658 748 gens
680 669 780 730 13131.Ι
815 667 944 729 Arcadas
967 683 1032 729 esse

162 759 272 840 dudit,
295 766 327 820 et
348 757 517 819 Evandrum
538 765 657 837 sceptra
677 765 782 818 tenero
804 756 879 817 loci.

119 846 305 910 Dissimulate
328 845 413 908 deam
435 845 533 907 Latias
556 844 693 908 Saturnia
715 842 842 906 bacchas

162 934 328 996 instimulat
349 935 427 996 fictis
449 932 590 995 insidiosa
613 934 712 993 sonis:

120 1019 160 1084 ε0
183 1025 307 1084 nimium
330 1020 453 1103 faciles,
476 1041 493 1082 o
516 1029 579 1082 toto
600 1029 724 1100 pectore
746 1015 866 1098 captaoi

53 1123 106 1173 olo
162 1110 227 1171 Non
250 1113 332 1173 venit
353 1111 427 1172 haec
448 1110 560 1170 nostris
582 1108 692 1188 hospes
715 1109 807 1169 amica
830 1106 945 1168 choris.

118 1197 234 1261 Fraude
256 1201 353 1279 petit,
376 1200 512 1278 sacrique
534 1204 619 1276 parat
641 1212 821 1276 cognoscere
844 1196 952 1255 ritum.

163 1285 228 1356 Quo
251 1288 347 1364 possit
368 1303 478 1364 poenas
499 1284 653 1365 pendere,
675 1286 783 1364 pignus
805 1276 927 1344 hahes!

119 1373 174 1433 Vix
197 1372 273 1433 bene
296 1372 446 1452 desierat,
469 1372 620 1451 complent
640 1370 801 1432 ululatibus
825 1386 912 1430 auras
990 1418 999 1431 .

163 1459 331 1540 Thyiades,
354 1460 456 1521 eiiusis
478 1476 532 1538 per
556 1476 609 1520 sua
632 1458 706 1519 oolla
728 1459 839 1537 comis,

52 1560 107 1612 olo
120 1548 308 1626 lniciuntque
331 1564 458 1624 manus,
479 1563 667 1625 puerumque
690 1545 833 1606 revenere
854 1552 1004 1625 pugnant.

164 1636 246 1708 Quos
267 1638 383 1714 ignorat
406 1634 524 1713 adhuc,
546 1636 664 1695 invocat
684 1632 735 1694 illa
757 1632 846 1694 deos:

120 1720 232 1802 ‘Dique
253 1725 369 1802 virique
391 1723 472 1804 ioci,
494 1723 620 1783 miserae
643 1722 809 1782 succurrite
831 1714 952 1781 matrii'

165 1811 281 1872 Clamor
303 1810 441 1871 Aventini
463 1828 532 1870 saxa
554 1812 721 1889 propinqua
740 1810 829 1869 ierit.

119 1898 280 1979 Appulerat
301 1900 383 1978 ripae
406 1915 508 1959 vaccas
530 1897 660 1959 Oetaeus
681 1895 826 1958 Hiberast

50 1999 106 2050 520
165 1987 254 2048 Audit
266 2033 275 2068 ,
298 1986 387 2048 etad
409 2003 512 2048 rocem
535 1988 671 2047 concitos
693 1993 781 2064 urget
801 1987 877 2045 iter.

121 2073 259 2139 Herculis
281 2072 409 2135 adventu
432 2091 507 2154 quae
530 2076 589 2134 rim
611 2072 699 2134 modo
722 2073 802 2133 ferre
826 2070 984 2152 parabant,

164 2162 276 2242 Turpis
298 2162 442 2222 femineae
464 2169 549 2241 terge
571 2160 682 2222 dedere
703 2160 807 2238 iugae.

120 2245 215 2321 ‘Quid
241 2252 320 2329 petis
343 2249 414 2310 hinc
428 2244 452 2329 ,⁹
476 2282 510 2294 -
533 2257 676 2329 cognorat
702 2250 781 2309 enim
803 2279 838 2291 ·-
862 2243 1035 2308 ‘matertera

666 2331 800 2396 Bacchi?

164 2424 209 2484 dn
232 2441 342 2485 numen
364 2422 445 2503 quod
467 2441 537 2498 me,
560 2431 590 2485 tc
613 2441 734 2502 qnoque
756 2417 887 2484 verat?'
911 2424 968 2482 ait.

49 2511 174 2577 1261113
196 2511 284 2572 docet
304 2513 435 2591 partim,
458 2514 565 2591 partim
586 2512 755 2590 praesentit
778 2511 840 2571 nati

166 2596 305 2660 Continet
317 2645 326 2679 ,
349 2605 380 2659 et
402 2597 488 2658 iuriis
509 2601 542 2659 in
564 2598 662 2659 scelus
685 2601 744 2658 isse
767 2597 879 2678 pudet.

120 2686 256 2767 Rumor,
279 2694 314 2747 ut
334 2693 383 2747 est
404 2684 509 2765 velox,
532 2687 649 2765 agitatis
670 2684 804 2764 pervolat
825 2684 897 2764 alis,

164 2772 278 2852 Estque
301 2774 466 2852 frequens,
488 2772 564 2854 lno,
586 2789 695 2833 nomen
717 2775 749 2834 in
771 2790 824 2835 ore
846 2782 948 2835 tuum.

119 2860 242 2941 Hospita
266 2860 432 2923 Carmentis
453 2860 528 2921 iidos
549 2863 677 2922 intrasse
698 2869 821 2941 penates

46 2964 105 3015 530
164 2948 279 3011 lliceris
303 2958 333 3011 et
354 2948 472 3029 longam
495 2950 669 3028 deposuisse
692 2949 816 3010 famem.

118 3036 192 3097 Liba
214 3055 268 3098 sua
289 3045 447 3119 properata
468 3054 558 3098 manu
580 3036 713 3115 Tegeaea
736 3035 875 3097 sacerdos

164 3123 304 3186 Traditur
327 3127 358 3186 in
381 3124 479 3187 subito
503 3132 587 3186 cocta
609 3123 727 3184 dedisse
749 3124 833 3185 ioco.

117 3212 206 3274 Nunc
228 3231 348 3292 quoqne
369 3212 429 3273 liba
450 3214 553 3274 iuvant
574 3213 659 3272 iestis
680 3209 853 3273 Matralibus
874 3208 941 3271 illa.

163 3299 286 3362 Rustica
309 3300 449 3362 sedulitas
471 3303 583 3379 gratior
605 3307 670 3361 arte
692 3300 765 3360 iuit.

44 3398 104 3453 oso
119 3382 223 3450 ‘Nunc
236 3383 260 3470 ,’
284 3389 326 3449 ait
348 3383 382 3448 ‘o
405 3396 487 3449 vates
499 3434 509 3469 ,
531 3389 680 3449 venientia
701 3388 760 3448 iata
782 3388 917 3465 resigna,

163 3473 228 3547 Qua
249 3474 342 3539 licet.
381 3474 518 3556 hospitiis
541 3476 598 3537 hoc
610 3523 620 3556 ,
643 3492 772 3554 precor,
795 3473 869 3535 adde
892 3467 1000 3534 meis.'

118 3563 213 3625 Parva
234 3581 319 3626 moro
342 3571 409 3646 est,
432 3562 547 3625 caelum
569 3572 651 3625 vates
674 3580 709 3624 ac
731 3564 853 3624 numina
876 3561 984 3641 sumit,
