2467 4042
437 254 486 307 111.
505 266 518 306 1
533 257 697 309 70-11124.
1033 250 1075 316 41

153 415 247 477 Roma
270 416 436 496 domusque
460 416 540 490 subit
563 416 804 495 desideriumque
828 415 980 497 locorum,

155 504 303 583 Quicquid
327 513 358 565 et
380 507 486 565 amissa
510 511 604 565 restat
627 507 659 565 in
682 504 756 565 urbe
779 507 855 565 mei.

154 592 190 653 Ei
213 593 308 673 mihi,
333 593 411 671 quod
435 594 544 653 totiens
568 595 664 653 nostri
687 592 802 671 pulsata
825 591 956 672 sepulcri
1029 626 1033 633 ι

73 717 75 721 -
155 680 267 762 lanua,
291 680 344 741 sed
367 680 448 742 nollo
472 689 606 759 tempore
630 688 731 759 aperta
755 678 828 742 luit!

106 778 140 828 25
156 768 217 829 Cur
241 786 295 847 ego
318 775 363 829 tot
386 767 497 848 gladios
520 768 583 847 lugi
606 771 776 848 totiensque
799 770 909 830 minata

154 855 262 918 Obruit
285 855 387 917 infelix
410 856 490 917 nulla
513 856 643 934 procella
666 852 785 935 caput?

154 943 212 1025 lli,
235 963 310 1024 quos
334 947 472 1024 experior
496 947 621 1006 nimium
645 952 817 1005 constanter
839 946 980 1028 iniquos,

152 1032 317 1111 Participes
340 1034 401 1093 irae
425 1050 500 1112 quos
524 1032 597 1093 deus
621 1050 700 1093 unus
723 1031 828 1114 habet,

153 1119 372 1204 Exstimulate‚
394 1138 524 1201 precor,
547 1123 695 1182 cessantia
718 1121 777 1181 lata
799 1122 917 1200 meique

105 1219 139 1270 to
154 1208 296 1270 lnteritus
319 1209 434 1270 clausas
458 1226 524 1270 esse
548 1217 644 1270 vetate
668 1207 765 1270 loresl

436 1461 438 1464 .
533 1401 598 1474 ΙΙΙ.

153 1557 233 1620 Haec
255 1577 342 1639 mea,
367 1561 393 1620 si
416 1577 487 1620 casu
511 1561 652 1640 miraris,
678 1559 802 1637 epistula
825 1578 917 1639 quare

153 1647 283 1708 Alterius
306 1647 405 1727 digitis
428 1650 540 1727 scripta
563 1649 618 1708 sit:
642 1661 729 1726 aeger
752 1665 852 1710 eram.

153 1736 248 1815 Aeger
271 1738 303 1796 in
327 1738 467 1797 extremis
490 1737 585 1814 ignoti
606 1735 742 1814 partibus
765 1736 864 1818 orbis,

154 1824 350 1902 lncertusque
374 1842 455 1884 meae
480 1841 573 1902 paene
598 1823 702 1884 salutis
725 1841 823 1885 eram.

123 1911 249 1982 oQuem
272 1912 346 1972 mihi
368 1929 449 1973 ntrnc
472 1914 603 1974 animum
627 1911 691 1972 dira
714 1914 835 1991 regione
858 1915 968 1976 iacenti

153 2000 234 2060 luter
258 1999 447 2060 Sauromatas
470 2017 536 2061 esse
561 1999 708 2079 Getasque
724 1993 849 2081 putes?

154 2087 225 2174 Nee·
238 2088 353 2149 caelum
375 2091 493 2169 patior,
517 2105 573 2148 nec
596 2091 681 2167 aquis
705 2088 893 2151 adsuevimus
916 2092 1000 2173 istis,

153 2175 306 2256 Terraque
330 2178 430 2237 nescio
455 2193 514 2255 quo
537 2193 596 2237 non
620 2176 717 2255 placet
740 2179 804 2257 ipsa
826 2178 931 2239 modo.

152 2264 218 2325 Non
241 2264 346 2326 domus
370 2272 436 2343 apta
460 2267 553 2345 satis,
577 2282 638 2325 non
661 2265 710 2326 hic
734 2266 819 2326 cibus
842 2266 924 2327 utilis
946 2284 1053 2350 aegro,

108 2365 141 2413 10
154 2350 282 2434 Nullus,
306 2351 457 2431 Apollinea
481 2354 534 2432 qui
556 2352 634 2413 leret
657 2360 720 2413 arte
743 2353 872 2434 malum,

152 2438 218 2501 Non
242 2443 294 2519 qui
317 2439 454 2519 soletur,
479 2457 540 2501 non
563 2444 615 2522 qui
637 2440 766 2502 labentia
789 2442 886 2525 tardo,

152 2527 299 2607 Tempora
321 2527 469 2589 narrando
492 2529 594 2609 sallat,
617 2531 731 2591 amicus
754 2529 855 2590 adest.

153 2614 263 2678 Lassus
286 2618 317 2678 in
341 2618 482 2677 extremis
505 2621 587 2679 iaceo
610 2618 788 2699 populisque
810 2617 961 2699 locisque,

153 2702 192 2766 Et
215 2705 296 2767 subit
318 2706 434 2767 adiecto
457 2723 538 2767 nunc
560 2707 655 2787 milri,
679 2706 821 2786 quicquid
845 2706 945 2767 abest.

105 2804 137 2854 15
152 2793 259 2856 Omnia
281 2813 349 2856 eum
372 2794 521 2874 subeant,
545 2797 639 2856 vincis
662 2803 761 2857 tamen
784 2797 904 2877 omnia,
927 2797 1056 2857 coniunx

153 2880 191 2942 Et
213 2882 281 2961 plus
304 2885 335 2943 in
358 2890 461 2944 nostro
484 2890 606 2962 pectore
630 2891 714 2962 parte
738 2892 839 2945 tenes.

151 2968 194 3029 Te
217 2969 323 3048 loquor
346 2970 521 3050 absentem,
544 2979 574 3031 te
597 2988 654 3031 vox
677 2989 742 3034 mea
765 2972 898 3032 nominat
920 2989 1029 3052 unam3

151 3054 237 3117 Nulla
259 3060 340 3118 venit
363 3060 427 3118 sine
450 3064 480 3117 te
504 3075 563 3117 nox
586 3057 681 3137 milri,
704 3058 785 3119 nulla
808 3058 890 3118 dies.

152 3142 232 3213 Quin
255 3146 344 3205 etiam
368 3147 410 3204 sic
433 3161 480 3205 me
503 3145 608 3205 dicunt
631 3144 725 3206 aliena
747 3145 896 3226 locutum,

102 3242 137 3292 20
153 3231 190 3292 Ut
213 3232 290 3293 soret
313 3234 424 3294 amenti
447 3249 554 3293 nomen
577 3234 609 3292 in
632 3250 683 3292 ore
707 3241 810 3294 tuum.

152 3320 184 3380 Si
206 3322 264 3381 iam
288 3320 423 3382 deficiam
434 3367 444 3400 ,
468 3320 689 3399 subpressaque
711 3320 812 3401 lingua
834 3319 931 3399 palato

151 3408 205 3470 Vix
227 3409 369 3471 instillato
392 3409 576 3470 restituenda
600 3426 701 3489 mero,

149 3496 273 3559 Nuntiet
296 3497 355 3560 huc
378 3497 485 3577 aliquis
508 3497 657 3558 dominam
681 3499 819 3578 venisse,
842 3512 1015 3578 resurgam,

151 3585 286 3667 Spesque
311 3589 355 3649 tui
378 3585 464 3648 nobis
487 3604 575 3648 causa
598 3588 709 3665 rigoris
732 3589 806 3647 erit.
