2467 4042
1063 23 1088 116 l.

179 193 223 256 34
346 210 471 247 osnnrsro
592 189 772 247 ΜΕΤΑΜΜ.

267 356 329 420 Neo
352 356 503 419 moderata
525 359 596 418 satis
619 375 675 418 neo
698 358 741 418 sio
764 376 781 418 a
803 358 916 437 virgine
934 358 1033 420 danda
1044 342 1065 420 ,⁸

269 447 333 518 Qua
355 453 460 507 venata
483 446 562 507 ioret
583 444 676 525 silva,
694 463 816 507 narrare
838 455 992 525 parantem

267 534 394 614 Impedit
416 533 573 612 amplexor
596 552 652 594 nee
675 552 708 594 se
730 537 795 595 sine
817 537 941 596 erimine
964 534 1094 614 prodit.

268 623 321 683 illa
344 623 464 702 quidem
487 630 611 702 eontra,
636 630 779 701 quantum
800 623 888 684 modo
906 624 1015 684 femina
1040 625 1158 702 possit
1175 656 1224 669 -

203 721 255 773 tet
269 712 426 791 Aspioeres
449 712 583 791 utinam,
602 709 766 792 Saturnia,
789 714 889 772 mitior
911 710 1012 774 essesi
1025 743 1080 755 —
1141 715 1148 722 '

269 799 321 861 iila
343 800 463 879 quidem
485 807 618 878 pugnat:
642 798 693 860 sed
718 817 791 878 quae
815 816 957 879 superare
979 797 1101 882 puelia,

271 888 381 959 Quisve
403 887 501 948 lovem
522 894 640 966 poterat
662 884 835 966 superum?
856 891 932 967 petit
953 887 1080 949 aethera
1103 890 1224 952 vietor

272 976 427 1057 iuppiter.
454 974 524 1037 hulo
547 975 615 1036 odio
638 993 743 1036 nemus
766 984 814 1036 est
835 984 867 1036 et
888 977 1007 1037 consola
1028 975 1132 1058 silva3

271 1063 356 1126 Unde
378 1064 485 1145 pedem
507 1064 643 1124 referens
666 1081 760 1143 paene
782 1071 829 1125 est
851 1062 941 1125 oblita
962 1063 1150 1145 pharetram

205 1164 257 1215 440
271 1151 390 1214 Tollere
413 1169 482 1214 oum
504 1152 571 1213 telis
594 1159 625 1213 et
647 1167 737 1230 quem
760 1152 977 1233 suspenderat,
999 1153 1129 1215 meum.

270 1240 348 1301 Eece
371 1258 426 1301 suo
449 1243 586 1302 comitata
609 1239 700 1301 ohoro
719 1239 861 1320 Dictynna
883 1258 939 1320 per
961 1240 1054 1303 altum

270 1327 423 1390 Maenalon
445 1329 616 1407 ingrediens
638 1336 670 1389 et
691 1328 780 1390 caede
799 1328 928 1408 superba
950 1329 1084 1391 ferarum

270 1417 384 1496 Aspicit
405 1415 481 1477 hane
502 1418 654 1495 visamque
676 1425 786 1478 vocat.
818 1415 941 1479 olamata
964 1417 1078 1496 refugit

270 1497 309 1566 lit
331 1505 430 1567 timuit
451 1507 571 1588 primo,
592 1523 632 1567 ne
655 1505 788 1584 iuppiter
810 1514 890 1566 esset
911 1507 943 1566 in
965 1505 1033 1568 illa.

205 1604 257 1655 445
271 1592 331 1655 Sed
352 1601 509 1674 postquam
531 1595 644 1674 pariter
666 1592 808 1673 nymphas
830 1593 970 1654 incedere
992 1593 1086 1674 vidit,

272 1681 373 1743 Sensit
395 1681 499 1743 abesse
521 1681 628 1763 dolos,
649 1699 867 1761 numerumque
880 1683 1007 1743 aoeessit
1019 1681 1056 1742 ad
1070 1681 1210 1745 inarum

271 1769 338 1832 Heu
361 1786 450 1850 quam
473 1769 592 1831 difficile
615 1777 662 1830 est
684 1771 798 1830 crimen
820 1786 880 1830 non
902 1768 1032 1849 predere
1053 1770 1167 1833 vultui

168 1884 175 1898 ·
270 1857 326 1919 Vix
349 1857 451 1920 oeerios
474 1857 582 1919 attollit
603 1845 717 1939 hoino,
740 1875 818 1939 neo,
840 1865 965 1918 utente
988 1856 1123 1941 solebat,

272 1947 376 2009 innota
398 1944 470 2008 deae
493 1938 579 2007 lateri
595 1963 657 2022 ‚neo
679 1953 742 2007 toto
767 1954 813 2006 est
830 1947 946 2025 agmine
968 1947 1084 2027 prima3

206 2045 258 2097 oto
273 2034 332 2097 Sed
356 2035 424 2096 silet
446 2042 476 2095 et
498 2033 570 2095 laesi
593 2034 644 2095 dat
666 2036 749 2114 sigua
771 2032 882 2095 rubore
905 2034 1047 2113 pudoris.

271 2122 331 2204 Et,
353 2124 412 2184 nisi
434 2122 513 2202 quod
535 2125 618 2202 virgo
643 2129 710 2204 est,
732 2129 850 2202 poterat
871 2124 982 2182 sentire
1004 2120 1099 2183 Diana

271 2210 349 2272 liiiio
373 2211 452 2272 notis
475 2210 613 2291 eulpam.
642 2210 788 2291 nymphae
810 2212 939 2270 sensisse
962 2209 1122 2271 feruntur.

273 2298 352 2360 Orbe
376 2297 573 2378 resurgebant
593 2298 708 2360 lunaria
731 2315 842 2360 eornua
864 2316 962 2379 nono,

272 2385 347 2449 Cum
369 2388 424 2449 dea
445 2395 576 2469 venatu,
598 2387 740 2448 fraternis
762 2385 899 2466 languida
921 2385 1065 2465 flammis,

206 2487 258 2537 tna
272 2475 364 2548 Nacta
387 2492 493 2537 nemus
515 2474 668 2557 gelidum,
690 2475 727 2535 de
750 2492 809 2555 qno
832 2492 902 2536 eum
915 2492 1069 2536 murmure
1092 2474 1203 2539 labens

272 2562 338 2625 iirat
359 2572 391 2626 et
412 2565 528 2625 attritas
550 2561 687 2624 versabat
707 2565 789 2624 rivus
812 2563 954 2644 harenas,

274 2651 314 2714 Ut
336 2652 401 2713 loca
422 2651 573 2733 laudavit,
596 2668 726 2713 summas
748 2650 823 2731 pede
846 2654 971 2730 contigit
992 2651 1106 2714 undas:

272 2740 326 2802 His
348 2758 467 2821 quoque
490 2739 615 2804 laudatis
639 2734 755 2819 ‘procui
784 2734 841 2801 est'
870 2741 913 2801 ait
935 2735 1058 2801 ‘arbiter
1081 2740 1200 2825 omnis;

272 2828 357 2891 Nuda
380 2828 547 2909 superfusis
564 2830 737 2908 urguemus
760 2844 886 2907 corpora
907 2827 1033 2908 lymphis
1042 2823 1063 2889 .’

207 2930 259 2980 too
273 2918 428 2980 Parrhasis
451 2913 594 2979 erubuit.
622 2923 747 2977 cunetae
769 2913 912 2977 velamina
933 2924 1066 2996 ponunt:

272 3006 337 3069 Una
359 3023 457 3067 mores
481 3006 617 3084 quaerit.
649 3002 796 3065 dubitanti
818 3005 909 3065 vestis
932 3004 1067 3084 adempta
1090 3013 1152 3082 est,
1192 3065 1199 3074 ,

151 3095 153 3099 ’
273 3095 337 3167 Qua
360 3089 463 3174 posita¹
478 3092 559 3154 nudo
580 3094 677 3173 patuit
699 3110 768 3153 oum
791 3109 916 3172 corpore
939 3093 1069 3154 crimen.

273 3183 423 3245 Attonitae
445 3181 642 3260 manibusque
664 3188 784 3242 uterum
807 3179 903 3242 celare
926 3179 1036 3241 volenti

276 3267 301 3333 ‘1
322 3270 428 3352 proonl
449 3270 520 3332 hine
533 3264 554 3351 ,⁹
573 3270 648 3331 dixit
671 3264 738 3331 ‘nee
761 3287 861 3331 saeros
883 3268 982 3348 pollue
1005 3263 1115 3330 iontes'

209 3370 259 3421 tot
275 3358 399 3439 Cynthia
411 3405 421 3441 ,
444 3359 541 3439 deque
561 3376 615 3420 suo
639 3360 726 3419 iussit
749 3358 889 3420 secedere
912 3364 1018 3419 eoetu.

158 3507 161 3517 Δ
319 3445 459 3509 Senserat
481 3446 538 3512 imo
560 3445 633 3508 oiim
655 3448 753 3526 magni
775 3454 910 3508 metrone
932 3444 1094 3524 Tonantis,

159 3615 163 3630 ι
274 3532 493 3614 distuleratque
515 3552 620 3614 graves
642 3537 674 3595 in
696 3533 802 3598 idonea
825 3543 958 3613 tempora
971 3551 1098 3615 poenas.
