2467 4042
145 234 184 289 IV

145 419 221 460 nem.
277 420 313 460 ea
345 401 392 461 est
423 400 631 459 fideiussorum
662 397 892 472 commendatio,
925 416 983 473 qua
1012 399 1158 460 maiorem

146 507 207 548 non
236 489 325 548 multi
358 489 517 563 scriptores
548 487 674 563 hcbent;
706 487 753 546 cui
782 503 836 544 nec
865 485 891 544 si
918 484 1057 547 adessent
1085 489 1158 547 libri

148 595 209 635 uno
232 579 285 635 aut
303 577 399 636 altero
418 576 535 636 saeculo
553 574 743 649 uetustiores,
766 573 909 633 momenti
926 576 1056 634 multum
1074 594 1156 636 acce·

147 665 217 723 dere
249 682 336 741 posse
366 665 528 740 putaveris.
582 682 671 738 quem
699 660 859 721 admodum
887 663 1038 720 saeculum
1065 676 1089 723 x
1117 665 1156 723 ab

147 753 259 811 effrena
277 753 462 812 saeculorum
476 765 513 811 xl
526 754 557 810 et
571 764 622 810 ΧΠ
644 750 874 825 interpolatione
891 750 996 811 abesse
1015 750 1155 827 creditur,

147 840 192 899 ita
215 840 378 899 scribarum
401 840 581 915 rusticitate,
609 841 755 914 quantum
772 836 905 914 memini,
933 839 1071 899 convenit
1088 858 1156 899 cum

147 929 272 987 saeculis
294 927 436 1003 proximis
461 926 677 1003 superioribus,
710 920 883 1001 ceteroquin
905 925 1041 1001 capitalis
1065 927 1155 1003 scrip·

147 1018 235 1074 turae
255 1016 436 1091 exemplaria
454 1034 542 1092 saepe
561 1014 679 1074 secutis.
726 1014 770 1072 ita
787 1013 851 1088 ipse
870 1011 1061 1073 Ponticorum
1078 1015 1156 1075 liber

147 1103 384 1181 Hamburgensis
416 1122 511 1178 neque
543 1102 679 1161 bonitate
711 1101 926 1177 scripturarum
957 1120 1053 1179 neque
1082 1103 1156 1179 ipsis

151 1192 315 1251 scribarum
333 1190 448 1250 mendis
466 1192 555 1268 longe
573 1190 667 1249 distat
686 1208 704 1249 a
721 1190 890 1265 fragmento
910 1187 1156 1268 Guelferbytuno‚

146 1280 257 1339 veteris
284 1279 410 1339 alicuius
437 1278 616 1339 recensionis
644 1277 796 1354 progenie.
852 1277 996 1353 scriptum
1018 1278 1074 1338 hoc
1095 1280 1156 1340 fuit

147 1368 266 1428 saeculo
303 1367 442 1443 septim03
478 1367 651 1426 litteratura
682 1366 779 1425 utitur
815 1365 933 1441 eadem,
969 1385 1028 1442 qua
1063 1367 1157 1427 codex

146 1455 310 1533 Augustini
346 1454 567 1515 Bellovacensis
603 1454 675 1512 anni
705 1451 842 1513 Dcxxv
874 1447 1044 1534 (Ribbeckii
1074 1454 1155 1515 Prol.

148 1543 238 1621 Verg.
261 1564 290 1619 p.
315 1546 402 1623 232).

236 1631 294 1691 Sed
316 1635 419 1692 tamen
440 1631 551 1693 veteris
575 1630 699 1708 originis
727 1631 821 1690 libros
843 1630 897 1689 illa
921 1632 1020 1691 aetate
1042 1632 1155 1691 multos

147 1721 331 1796 superfuisse
358 1723 412 1779 aut
438 1721 632 1780 intemeratos
660 1719 806 1778 mansisse
832 1736 892 1778 non
918 1719 1072 1793 probabile
1099 1723 1155 1795 est,

147 1813 306 1885 postquam
329 1808 456 1869 Romani
477 1807 596 1884 imperii
618 1807 705 1867 mina
726 1808 871 1867 bonarum
894 1808 1005 1866 artium
1026 1825 1155 1883 proven·

148 1900 214 1956 tum
227 1898 258 1954 in
272 1897 354 1956 Urbe
368 1897 501 1972 obtru'vit,
514 1896 546 1956 in
559 1896 718 1971 prouinciis
732 1895 883 1970 repressit.
934 1895 1087 1954 barbaries
1100 1896 1156 1954 illa

147 1985 173 2044 si
205 1985 282 2044 forte
309 1988 416 2061 poetae
444 1985 595 2061 exemplar
621 2003 714 2043 unum
743 1984 894 2043 residuum
920 1982 992 2042 fecit
1021 1985 1075 2042 aut
1106 1983 1156 2043 de-

147 2073 237 2133 scribi
265 2091 353 2149 passa
380 2077 439 2149 cst,
466 2073 497 2131 id
524 2073 603 2149 quod
629 2072 661 2130 in
688 2072 791 2153 multis
815 2071 1009 2147 scriptoribus
1031 2071 1153 2148 factum,

147 2179 224 2237 quae
250 2161 365 2236 pridem
392 2162 573 2237 interpolata
593 2161 626 2219 in
649 2178 684 2219 eo
705 2160 840 2235 fuerunt,
867 2161 935 2219 rata
957 2159 1154 2221 habebantur.

236 2249 351 2308 Novem
374 2256 444 2309 sunt
462 2249 588 2324 saecula,
611 2248 720 2325 quibus
739 2245 838 2307 Ovidii
855 2265 1000 2322 censores,
1025 2247 1155 2307 admira-

147 2341 242 2412 tores,
269 2337 450 2413 imitatores,
477 2355 586 2397 nomen
607 2335 739 2396 mutuati
761 2339 814 2396 aut
836 2335 972 2395 ementiti
993 2354 1156 2412 numquam

147 2425 315 2501 defuerunt,
334 2445 439 2485 versus
457 2425 537 2485 haud
555 2443 624 2484 raro
642 2423 721 2500 apud
740 2424 899 2500 scriptores
913 2443 931 2484 a
944 2423 1030 2483 libris
1043 2425 1155 2483 nostris

147 2513 349 2590 discrepantes
375 2514 581 2589 proferuntur,
609 2512 662 2572 sed
688 2513 724 2572 da
751 2511 981 2588 interpolatione
1002 2530 1063 2571 non
1084 2514 1153 2588 plns

147 2620 237 2677 quam
260 2602 341 2677 apud
360 2602 518 2661 Horatium
540 2601 713 2676 testimonii,
736 2600 999 2678 grammaticorum
1021 2604 1053 2660 et
1074 2601 1155 2661 litte-

147 2691 282 2748 ratorum
305 2707 394 2749 curae
416 2690 500 2748 nulla
522 2690 586 2749 eius
609 2688 698 2765 modi,
725 2689 771 2749 uti
794 2689 830 2748 de
853 2690 981 2763 Lucano,
1004 2688 1154 2764 Iuvenale,

147 2777 259 2837 mentio
282 2781 337 2837 est.
391 2778 422 2836 in
442 2778 525 2853 poesi
542 2778 616 2854 ipsa,
639 2777 824 2853 Halieuticis,
848 2777 1036 2852 Heroidibus,
1058 2777 1154 2837 Meta·

147 2866 355 2941 morphosibus
378 2867 617 2942 interpolationis
637 2866 803 2926 rhetoricae
821 2867 875 2925 aut
893 2865 1155 2944 grammaticorum

150 2954 223 3013 satis
245 2955 405 3014 manifesta
428 2958 497 3014 sunt
520 2954 637 3029 indicia,
662 2954 714 3015 sed
735 2955 767 3012 in
788 2954 861 3014 locis
879 2954 951 3030 ipsis
969 2953 1154 3030 gravissimis

147 3042 221 3101 adeo
240 3042 417 3103 indiscretae
436 3061 489 3102 eae
502 3044 711 3119 professiones,
729 3042 861 3103 incertae
874 3045 997 3118 aetates,
1015 3043 1154 3102 confusae

148 3130 322 3190 eruditionis
346 3136 378 3191 et
399 3132 534 3192 inscitiae
556 3134 655 3208 notae,
677 3131 753 3190 nihil
775 3134 810 3191 ut
828 3131 995 3207 generatim
1014 3131 1155 3191 constitui

147 3222 201 3279 aut
223 3220 255 3278 in
277 3220 364 3279 huius
383 3220 420 3279 de
439 3221 529 3281 tertio
547 3221 698 3281 volumine
716 3219 898 3296 quaestionis
916 3237 1003 3279 usum
1022 3219 1156 3280 converti

146 3307 251 3382 possit.
304 3326 363 3367 non
390 3309 507 3386 dubito,
535 3308 606 3384 quin
633 3308 670 3367 de
697 3327 732 3368 eo
755 3309 920 3385 cogitatum
943 3310 995 3384 sit,
1022 3306 1101 3384 quod
1123 3308 1156 3367 in

146 3395 243 3469 primo
265 3397 415 3456 volumine
437 3398 583 3456 librorum
601 3396 792 3474 egregiorum
810 3396 961 3472 beneficio,
984 3396 1010 3455 si
1027 3396 1085 3471 ipsi
1102 3396 1155 3455 ad·

147 3486 267 3559 eantur,
297 3484 426 3544 fortasse
453 3486 628 3544 facultatem
656 3486 780 3561 habeat,
809 3489 845 3544 ut
870 3485 948 3544 liber
975 3484 1156 3560 archetypus

146 3570 325 3631 informetur
363 3572 495 3633 eiusdem
526 3574 635 3634 aetatis
668 3592 703 3634 ac
735 3572 932 3634 Lucretianus
964 3572 1155 3649 Lachmanni,
