<?xml version="1.0" encoding="UTF-8"?>
<!DOCTYPE html PUBLIC "-//W3C//DTD XHTML 1.0 Transitional//EN"
    "http://www.w3.org/TR/xhtml1/DTD/xhtml1-transitional.dtd">
<html xmlns="http://www.w3.org/1999/xhtml" xml:lang="en" lang="en">
 <head>
  <title>
</title>
<meta http-equiv="Content-Type" content="text/html;charset=utf-8" />
  <meta name='ocr-system' content='tesseract 3.04.00' />
  <meta name='ocr-capabilities' content='ocr_page ocr_carea ocr_par ocr_line ocrx_word'/>
</head>
<body>
  <div class='ocr_page' id='page_1' title='image "./povidiusnaso00ehwagoog_0584.png"; bbox 0 0 2467 4042; ppageno 0'>
   <div class='ocr_carea' id='block_1_1' title="bbox 174 228 765 293">
    <p class='ocr_par' dir='ltr' id='par_1_1' title="bbox 174 228 765 293">
     <span class='ocr_line' id='line_1_1' title="bbox 174 228 765 293; baseline 0 -8"><span class='ocrx_word' id='word_1_1' title='bbox 174 229 236 293; x_wconf 89' lang='lat'><strong>168</strong></span> <span class='ocrx_word' id='word_1_2' title='bbox 317 248 395 286; x_wconf 78' lang='lat' dir='ltr'><strong>mo.</strong></span> <span class='ocrx_word' id='word_1_3' title='bbox 414 246 507 287; x_wconf 75' lang='lat' dir='ltr'><strong>unere</strong></span> <span class='ocrx_word' id='word_1_4' title='bbox 587 228 765 285; x_wconf 75' lang='lat' dir='ltr'><strong>uuum.</strong></span> 
     </span>
    </p>
   </div>
   <div class='ocr_carea' id='block_1_2' title="bbox 194 393 1170 3653">
    <p class='ocr_par' dir='ltr' id='par_1_2' title="bbox 260 393 1162 655">
     <span class='ocr_line' id='line_1_2' title="bbox 260 393 1162 476; baseline 0.007 -21"><span class='ocrx_word' id='word_1_5' title='bbox 260 393 348 456; x_wconf 81' lang='lat' dir='ltr'><strong>Testa</strong></span> <span class='ocrx_word' id='word_1_6' title='bbox 369 411 473 475; x_wconf 90' lang='lat' dir='ltr'><strong>parem</strong></span> <span class='ocrx_word' id='word_1_7' title='bbox 494 395 586 456; x_wconf 86' lang='lat' dir='ltr'><strong>iecit.</strong></span> <span class='ocrx_word' id='word_1_8' title='bbox 614 412 690 475; x_wconf 89' lang='lat' dir='ltr'><strong>quae</strong></span> <span class='ocrx_word' id='word_1_9' title='bbox 712 403 871 476; x_wconf 85' lang='lat' dir='ltr'><strong>postquam</strong></span> <span class='ocrx_word' id='word_1_10' title='bbox 893 395 1011 460; x_wconf 80' lang='lat' dir='ltr'><strong>sinbdita</strong></span> <span class='ocrx_word' id='word_1_11' title='bbox 1035 397 1162 461; x_wconf 81' lang='lat' dir='ltr'><strong>clivum</strong></span> 
     </span>
     <span class='ocr_line' id='line_1_3' title="bbox 261 481 1035 565; baseline 0.004 -21"><span class='ocrx_word' id='word_1_12' title='bbox 261 481 409 565; x_wconf 82' lang='lat' dir='ltr'><strong>Sustulit,</strong></span> <span class='ocrx_word' id='word_1_13' title='bbox 431 490 586 563; x_wconf 85' lang='lat' dir='ltr'><strong>aequatam</strong></span> <span class='ocrx_word' id='word_1_14' title='bbox 607 491 725 546; x_wconf 89' lang='lat' dir='ltr'><strong>mentae</strong></span> <span class='ocrx_word' id='word_1_15' title='bbox 748 491 863 546; x_wconf 88' lang='lat' dir='ltr'><strong>tersere</strong></span> <span class='ocrx_word' id='word_1_16' title='bbox 885 487 1035 547; x_wconf 81' lang='lat' dir='ltr'><strong>virentes.</strong></span> 
     </span>
     <span class='ocr_line' id='line_1_4' title="bbox 260 570 1031 655; baseline 0.003 -22"><span class='ocrx_word' id='word_1_17' title='bbox 260 570 385 633; x_wconf 85' lang='lat' dir='ltr'><strong>Ponitur</strong></span> <span class='ocrx_word' id='word_1_18' title='bbox 406 570 456 632; x_wconf 90' lang='lat' dir='ltr'><strong>hic</strong></span> <span class='ocrx_word' id='word_1_19' title='bbox 478 570 592 633; x_wconf 82' lang='lat' dir='ltr'><strong>bicolor</strong></span> <span class='ocrx_word' id='word_1_20' title='bbox 614 573 748 634; x_wconf 75' lang='lat' dir='ltr'><strong>sincerae</strong></span> <span class='ocrx_word' id='word_1_21' title='bbox 771 572 843 635; x_wconf 83' lang='lat' dir='ltr'><strong>baca</strong></span> <span class='ocrx_word' id='word_1_22' title='bbox 865 572 1031 655; x_wconf 80' lang='grc'><strong>1111111111,</strong></span> 
     </span>
    </p>

    <p class='ocr_par' dir='ltr' id='par_1_3' title="bbox 194 657 1073 1095">
     <span class='ocr_line' id='line_1_5' title="bbox 194 657 1073 743; baseline 0.002 -22"><span class='ocrx_word' id='word_1_23' title='bbox 194 671 247 721; x_wconf 78' lang='lat' dir='ltr'><strong>eos</strong></span> <span class='ocrx_word' id='word_1_24' title='bbox 261 657 444 739; x_wconf 84' lang='lat' dir='ltr'><strong>Conditaque</strong></span> <span class='ocrx_word' id='word_1_25' title='bbox 467 661 499 721; x_wconf 92' lang='lat' dir='ltr'><strong>in</strong></span> <span class='ocrx_word' id='word_1_26' title='bbox 521 659 633 740; x_wconf 83' lang='lat' dir='ltr'><strong>liquida</strong></span> <span class='ocrx_word' id='word_1_27' title='bbox 655 678 746 723; x_wconf 87' lang='lat' dir='ltr'><strong>corna</strong></span> <span class='ocrx_word' id='word_1_28' title='bbox 768 661 947 724; x_wconf 73' lang='lat' dir='ltr'><strong>autumnalia</strong></span> <span class='ocrx_word' id='word_1_29' title='bbox 969 663 1053 723; x_wconf 80' lang='lat' dir='ltr'><strong>faece</strong></span> <span class='ocrx_word' id='word_1_30' title='bbox 1060 711 1073 743; x_wconf 88' lang='lat'>‚</span> 
     </span>
     <span class='ocr_line' id='line_1_6' title="bbox 260 746 986 831; baseline 0.004 -22"><span class='ocrx_word' id='word_1_31' title='bbox 260 746 414 828; x_wconf 86' lang='lat' dir='ltr'><strong>intibaque</strong></span> <span class='ocrx_word' id='word_1_32' title='bbox 437 756 468 809; x_wconf 91' lang='lat' dir='ltr'><strong>et</strong></span> <span class='ocrx_word' id='word_1_33' title='bbox 489 747 573 810; x_wconf 84' lang='lat' dir='ltr'>radix</span> <span class='ocrx_word' id='word_1_34' title='bbox 595 747 733 810; x_wconf 85' lang='grc'><strong>11111111</strong></span> <span class='ocrx_word' id='word_1_35' title='bbox 755 766 852 811; x_wconf 87' lang='lat' dir='ltr'><strong>massa</strong></span> <span class='ocrx_word' id='word_1_36' title='bbox 874 753 986 831; x_wconf 84' lang='lat' dir='ltr'><strong>eoacti,</strong></span> 
     </span>
     <span class='ocr_line' id='line_1_7' title="bbox 261 834 947 919; baseline 0.006 -23"><span class='ocrx_word' id='word_1_37' title='bbox 261 834 382 916; x_wconf 83' lang='lat' dir='ltr'><strong>Ovaque</strong></span> <span class='ocrx_word' id='word_1_38' title='bbox 404 853 464 897; x_wconf 93' lang='lat' dir='ltr'><strong>non</strong></span> <span class='ocrx_word' id='word_1_39' title='bbox 487 838 549 898; x_wconf 87' lang='lat' dir='ltr'><strong>acri</strong></span> <span class='ocrx_word' id='word_1_40' title='bbox 570 835 676 898; x_wconf 82' lang='lat' dir='ltr'><strong>leviter</strong></span> <span class='ocrx_word' id='word_1_41' title='bbox 697 846 812 899; x_wconf 84' lang='lat' dir='ltr'><strong>versata</strong></span> <span class='ocrx_word' id='word_1_42' title='bbox 834 837 947 919; x_wconf 77' lang='grc'><strong>1111111,</strong></span> 
     </span>
     <span class='ocr_line' id='line_1_8' title="bbox 262 923 1022 1005; baseline 0.003 -20"><span class='ocrx_word' id='word_1_43' title='bbox 262 923 368 986; x_wconf 84' lang='lat' dir='ltr'><strong>Omnia</strong></span> <span class='ocrx_word' id='word_1_44' title='bbox 390 923 551 986; x_wconf 82' lang='lat' dir='ltr'><strong>fictilibus.</strong></span> <span class='ocrx_word' id='word_1_45' title='bbox 578 924 742 1005; x_wconf 87' lang='lat' dir='ltr'><strong>posthaec</strong></span> <span class='ocrx_word' id='word_1_46' title='bbox 765 924 895 988; x_wconf 86' lang='lat' dir='ltr'><strong>caelatus</strong></span> <span class='ocrx_word' id='word_1_47' title='bbox 917 926 1022 987; x_wconf 87' lang='lat' dir='ltr'><strong>eodem</strong></span> 
     </span>
     <span class='ocr_line' id='line_1_9' title="bbox 262 1012 965 1095; baseline 0.001 -20"><span class='ocrx_word' id='word_1_48' title='bbox 262 1012 385 1075; x_wconf 76' lang='lat' dir='ltr'><strong>sistitur</strong></span> <span class='ocrx_word' id='word_1_49' title='bbox 406 1021 529 1093; x_wconf 78' lang='lat' dir='ltr'><strong>argento</strong></span> <span class='ocrx_word' id='word_1_50' title='bbox 552 1020 651 1074; x_wconf 89' lang='lat' dir='ltr'><strong>crater</strong></span> <span class='ocrx_word' id='word_1_51' title='bbox 673 1012 874 1093; x_wconf 84' lang='lat' dir='ltr'><strong>fabricataque</strong></span> <span class='ocrx_word' id='word_1_52' title='bbox 899 1016 965 1095; x_wconf 79' lang='lat' dir='ltr'><strong>lage</strong></span> 
     </span>
    </p>

    <p class='ocr_par' dir='ltr' id='par_1_4' title="bbox 195 1100 1127 1536">
     <span class='ocr_line' id='line_1_10' title="bbox 195 1100 1090 1183; baseline 0.001 -20"><span class='ocrx_word' id='word_1_53' title='bbox 195 1113 247 1164; x_wconf 81' lang='lat' dir='ltr'><strong>tio</strong></span> <span class='ocrx_word' id='word_1_54' title='bbox 260 1100 393 1183; x_wconf 86' lang='lat' dir='ltr'><strong>Pocula,</strong></span> <span class='ocrx_word' id='word_1_55' title='bbox 415 1118 473 1180; x_wconf 88' lang='lat' dir='ltr'><strong>qua</strong></span> <span class='ocrx_word' id='word_1_56' title='bbox 496 1118 565 1162; x_wconf 80' lang='lat' dir='ltr'><strong>caea</strong></span> <span class='ocrx_word' id='word_1_57' title='bbox 587 1109 659 1162; x_wconf 89' lang='lat' dir='ltr'><strong>sunt</strong></span> <span class='ocrx_word' id='word_1_58' title='bbox 670 1149 679 1183; x_wconf 91' lang='lat'>,</span> <span class='ocrx_word' id='word_1_59' title='bbox 701 1101 877 1164; x_wconf 84' lang='lat' dir='ltr'><strong>flaventibus</strong></span> <span class='ocrx_word' id='word_1_60' title='bbox 898 1101 973 1164; x_wconf 85' lang='lat' dir='ltr'><strong>illita</strong></span> <span class='ocrx_word' id='word_1_61' title='bbox 994 1105 1090 1164; x_wconf 87' lang='lat' dir='ltr'><strong>ceris.</strong></span> 
     </span>
     <span class='ocr_line' id='line_1_11' title="bbox 260 1188 1124 1272; baseline 0.001 -21"><span class='ocrx_word' id='word_1_62' title='bbox 260 1188 353 1251; x_wconf 84' lang='lat' dir='ltr'><strong>Parra</strong></span> <span class='ocrx_word' id='word_1_63' title='bbox 374 1206 458 1251; x_wconf 89' lang='lat' dir='ltr'><strong>mora</strong></span> <span class='ocrx_word' id='word_1_64' title='bbox 480 1197 548 1272; x_wconf 84' lang='lat' dir='ltr'><strong>est,</strong></span> <span class='ocrx_word' id='word_1_65' title='bbox 570 1188 732 1270; x_wconf 76' lang='lat' dir='ltr'><strong>epulasque</strong></span> <span class='ocrx_word' id='word_1_66' title='bbox 754 1190 814 1252; x_wconf 88' lang='lat' dir='ltr'><strong>ioci</strong></span> <span class='ocrx_word' id='word_1_67' title='bbox 835 1193 944 1252; x_wconf 85' lang='lat' dir='ltr'><strong>misere</strong></span> <span class='ocrx_word' id='word_1_68' title='bbox 967 1190 1124 1272; x_wconf 89' lang='lat' dir='ltr'><strong>calentes,</strong></span> 
     </span>
     <span class='ocr_line' id='line_1_12' title="bbox 260 1277 1042 1360; baseline 0.003 -21"><span class='ocrx_word' id='word_1_69' title='bbox 260 1278 322 1340; x_wconf 87' lang='lat' dir='ltr'><strong>Nec</strong></span> <span class='ocrx_word' id='word_1_70' title='bbox 344 1277 448 1358; x_wconf 76' lang='lat' dir='ltr'><strong>longse</strong></span> <span class='ocrx_word' id='word_1_71' title='bbox 471 1295 578 1340; x_wconf 84' lang='lat' dir='ltr'><strong>rursus</strong></span> <span class='ocrx_word' id='word_1_72' title='bbox 600 1277 774 1339; x_wconf 83' lang='lat' dir='ltr'><strong>referuntur</strong></span> <span class='ocrx_word' id='word_1_73' title='bbox 795 1279 862 1340; x_wconf 82' lang='lat' dir='ltr'><strong>vina</strong></span> <span class='ocrx_word' id='word_1_74' title='bbox 885 1286 1042 1360; x_wconf 88' lang='lat' dir='ltr'><strong>senectae,</strong></span> 
     </span>
     <span class='ocr_line' id='line_1_13' title="bbox 261 1364 1127 1447; baseline 0 -18"><span class='ocrx_word' id='word_1_75' title='bbox 261 1365 396 1445; x_wconf 86' lang='lat' dir='ltr'><strong>llantque</strong></span> <span class='ocrx_word' id='word_1_76' title='bbox 418 1365 518 1428; x_wconf 87' lang='lat' dir='ltr'><strong>locum</strong></span> <span class='ocrx_word' id='word_1_77' title='bbox 540 1368 652 1427; x_wconf 89' lang='lat' dir='ltr'><strong>mensis</strong></span> <span class='ocrx_word' id='word_1_78' title='bbox 672 1364 794 1447; x_wconf 86' lang='lat' dir='ltr'><strong>paulum</strong></span> <span class='ocrx_word' id='word_1_79' title='bbox 816 1365 939 1428; x_wconf 83' lang='lat' dir='ltr'><strong>seducta</strong></span> <span class='ocrx_word' id='word_1_80' title='bbox 961 1367 1127 1429; x_wconf 79' lang='grc'><strong>11111111.</strong></span> 
     </span>
     <span class='ocr_line' id='line_1_14' title="bbox 260 1453 1065 1536; baseline 0 -20"><span class='ocrx_word' id='word_1_81' title='bbox 260 1453 316 1516; x_wconf 84' lang='grc'><strong>1111</strong></span> <span class='ocrx_word' id='word_1_82' title='bbox 338 1472 422 1536; x_wconf 88' lang='lat' dir='ltr'><strong>nux,</strong></span> <span class='ocrx_word' id='word_1_83' title='bbox 443 1454 494 1516; x_wconf 89' lang='lat' dir='ltr'><strong>hic</strong></span> <span class='ocrx_word' id='word_1_84' title='bbox 516 1456 607 1516; x_wconf 83' lang='lat' dir='ltr'><strong>mixta</strong></span> <span class='ocrx_word' id='word_1_85' title='bbox 629 1462 677 1516; x_wconf 91' lang='lat' dir='ltr'><strong>est</strong></span> <span class='ocrx_word' id='word_1_86' title='bbox 697 1456 815 1534; x_wconf 84' lang='lat' dir='ltr'><strong>rugosis</strong></span> <span class='ocrx_word' id='word_1_87' title='bbox 837 1457 935 1517; x_wconf 87' lang='lat' dir='ltr'><strong>cerlea</strong></span> <span class='ocrx_word' id='word_1_88' title='bbox 956 1455 1065 1535; x_wconf 88' lang='lat' dir='ltr'><strong>palmis</strong></span> 
     </span>
    </p>

    <p class='ocr_par' dir='ltr' id='par_1_5' title="bbox 195 1542 1150 1976">
     <span class='ocr_line' id='line_1_15' title="bbox 195 1542 1100 1623; baseline 0 -18"><span class='ocrx_word' id='word_1_89' title='bbox 195 1553 247 1605; x_wconf 77' lang='lat' dir='ltr'><strong>eii</strong></span> <span class='ocrx_word' id='word_1_90' title='bbox 260 1542 420 1622; x_wconf 85' lang='lat' dir='ltr'><strong>Prunsqne</strong></span> <span class='ocrx_word' id='word_1_91' title='bbox 443 1550 474 1604; x_wconf 91' lang='grc'><strong>11</strong></span> <span class='ocrx_word' id='word_1_92' title='bbox 495 1544 526 1604; x_wconf 91' lang='lat' dir='ltr'><strong>in</strong></span> <span class='ocrx_word' id='word_1_93' title='bbox 544 1542 653 1623; x_wconf 85' lang='lat' dir='ltr'><strong>patulis</strong></span> <span class='ocrx_word' id='word_1_94' title='bbox 675 1542 839 1604; x_wconf 71' lang='lat' dir='ltr'><strong>redolentia</strong></span> <span class='ocrx_word' id='word_1_95' title='bbox 860 1542 937 1605; x_wconf 88' lang='lat' dir='ltr'><strong>mala</strong></span> <span class='ocrx_word' id='word_1_96' title='bbox 959 1545 1100 1605; x_wconf 76' lang='lat' dir='ltr'><strong>canistris</strong></span> 
     </span>
     <span class='ocr_line' id='line_1_16' title="bbox 260 1630 947 1712; baseline 0.003 -20"><span class='ocrx_word' id='word_1_97' title='bbox 260 1630 300 1693; x_wconf 81' lang='lat' dir='ltr'><strong>lit</strong></span> <span class='ocrx_word' id='word_1_98' title='bbox 322 1630 359 1692; x_wconf 84' lang='lat' dir='ltr'><strong>de</strong></span> <span class='ocrx_word' id='word_1_99' title='bbox 381 1633 543 1712; x_wconf 84' lang='lat' dir='ltr'><strong>purpureis</strong></span> <span class='ocrx_word' id='word_1_100' title='bbox 566 1630 707 1693; x_wconf 88' lang='lat' dir='ltr'><strong>collectae</strong></span> <span class='ocrx_word' id='word_1_101' title='bbox 729 1630 839 1694; x_wconf 83' lang='lat' dir='ltr'><strong>vitibus</strong></span> <span class='ocrx_word' id='word_1_102' title='bbox 856 1649 947 1693; x_wconf 83' lang='lat' dir='ltr'><strong>uvae.</strong></span> 
     </span>
     <span class='ocr_line' id='line_1_17' title="bbox 262 1718 1150 1800; baseline 0.002 -19"><span class='ocrx_word' id='word_1_103' title='bbox 262 1718 411 1781; x_wconf 81' lang='lat' dir='ltr'><strong>Candidus</strong></span> <span class='ocrx_word' id='word_1_104' title='bbox 432 1722 465 1781; x_wconf 89' lang='lat' dir='ltr'><strong>in</strong></span> <span class='ocrx_word' id='word_1_105' title='bbox 487 1718 585 1781; x_wconf 84' lang='lat' dir='ltr'><strong>medlo</strong></span> <span class='ocrx_word' id='word_1_106' title='bbox 608 1719 692 1780; x_wconf 81' lang='lat' dir='ltr'><strong>favus</strong></span> <span class='ocrx_word' id='word_1_107' title='bbox 714 1726 782 1781; x_wconf 84' lang='lat' dir='ltr'><strong>esi.</strong></span> <span class='ocrx_word' id='word_1_108' title='bbox 810 1722 1020 1800; x_wconf 85' lang='lat' dir='ltr'><strong>superomnia</strong></span> <span class='ocrx_word' id='word_1_109' title='bbox 1045 1719 1150 1783; x_wconf 76' lang='lat' dir='ltr'><strong>vultus</strong></span> 
     </span>
     <span class='ocr_line' id='line_1_18' title="bbox 260 1805 1068 1888; baseline 0 -19"><span class='ocrx_word' id='word_1_110' title='bbox 260 1808 423 1870; x_wconf 80' lang='lat' dir='ltr'><strong>Accessere</strong></span> <span class='ocrx_word' id='word_1_111' title='bbox 445 1805 516 1869; x_wconf 89' lang='lat' dir='ltr'><strong>boni</strong></span> <span class='ocrx_word' id='word_1_112' title='bbox 539 1824 595 1869; x_wconf 91' lang='lat' dir='ltr'><strong>nec</strong></span> <span class='ocrx_word' id='word_1_113' title='bbox 618 1808 700 1868; x_wconf 90' lang='lat' dir='ltr'><strong>iners</strong></span> <span class='ocrx_word' id='word_1_114' title='bbox 718 1824 890 1888; x_wconf 86' lang='lat' dir='ltr'><strong>pauperque</strong></span> <span class='ocrx_word' id='word_1_115' title='bbox 913 1807 1068 1869; x_wconf 86' lang='lat' dir='ltr'><strong>voluntas.</strong></span> 
     </span>
     <span class='ocr_line' id='line_1_19' title="bbox 261 1894 945 1976; baseline 0.001 -20"><span class='ocrx_word' id='word_1_116' title='bbox 261 1895 377 1958; x_wconf 87' lang='lat' dir='ltr'><strong>interea</strong></span> <span class='ocrx_word' id='word_1_117' title='bbox 400 1898 511 1957; x_wconf 79' lang='grc'><strong>1111111</strong></span> <span class='ocrx_word' id='word_1_118' title='bbox 533 1894 674 1957; x_wconf 87' lang='lat' dir='ltr'><strong>haustum</strong></span> <span class='ocrx_word' id='word_1_119' title='bbox 697 1904 812 1957; x_wconf 88' lang='lat' dir='ltr'><strong>cratera</strong></span> <span class='ocrx_word' id='word_1_120' title='bbox 834 1894 945 1976; x_wconf 88' lang='lat' dir='ltr'><strong>repleri</strong></span> 
     </span>
    </p>

    <p class='ocr_par' dir='ltr' id='par_1_6' title="bbox 196 1983 1155 2418">
     <span class='ocr_line' id='line_1_20' title="bbox 196 1983 1115 2065; baseline -0.001 -18"><span class='ocrx_word' id='word_1_121' title='bbox 196 1994 249 2048; x_wconf 74' lang='lat' dir='ltr'><strong>ouo</strong></span> <span class='ocrx_word' id='word_1_122' title='bbox 263 1983 375 2065; x_wconf 87' lang='lat' dir='ltr'><strong>Sponte</strong></span> <span class='ocrx_word' id='word_1_123' title='bbox 399 2001 453 2046; x_wconf 89' lang='lat' dir='ltr'><strong>sua</strong></span> <span class='ocrx_word' id='word_1_124' title='bbox 465 2032 475 2064; x_wconf 89' lang='lat'>‚</span> <span class='ocrx_word' id='word_1_125' title='bbox 497 2001 552 2064; x_wconf 90' lang='lat' dir='ltr'><strong>per</strong></span> <span class='ocrx_word' id='word_1_126' title='bbox 574 2001 667 2063; x_wconf 89' lang='lat' dir='ltr'><strong>seque</strong></span> <span class='ocrx_word' id='word_1_127' title='bbox 691 1983 791 2045; x_wconf 85' lang='lat' dir='ltr'><strong>vident</strong></span> <span class='ocrx_word' id='word_1_128' title='bbox 813 2001 1005 2046; x_wconf 77' lang='lat' dir='ltr'><strong>succrescere</strong></span> <span class='ocrx_word' id='word_1_129' title='bbox 1026 1985 1115 2046; x_wconf 72' lang='lat' dir='ltr'><strong>vines</strong></span> 
     </span>
     <span class='ocr_line' id='line_1_21' title="bbox 262 2070 1046 2154; baseline -0.003 -19"><span class='ocrx_word' id='word_1_130' title='bbox 262 2073 387 2136; x_wconf 75' lang='lat' dir='ltr'><strong>Attoniti</strong></span> <span class='ocrx_word' id='word_1_131' title='bbox 409 2075 538 2134; x_wconf 81' lang='lat' dir='ltr'><strong>novitate</strong></span> <span class='ocrx_word' id='word_1_132' title='bbox 560 2080 690 2154; x_wconf 83' lang='lat' dir='ltr'><strong>parent,</strong></span> <span class='ocrx_word' id='word_1_133' title='bbox 712 2070 908 2151; x_wconf 83' lang='lat' dir='ltr'><strong>manibusque</strong></span> <span class='ocrx_word' id='word_1_134' title='bbox 931 2074 1046 2152; x_wconf 87' lang='lat' dir='ltr'><strong>supinis</strong></span> 
     </span>
     <span class='ocr_line' id='line_1_22' title="bbox 262 2159 1155 2241; baseline -0.002 -17"><span class='ocrx_word' id='word_1_135' title='bbox 262 2161 440 2241; x_wconf 84' lang='lat' dir='ltr'><strong>Concipiunt</strong></span> <span class='ocrx_word' id='word_1_136' title='bbox 462 2159 628 2239; x_wconf 87' lang='lat' dir='ltr'><strong>Baucisque</strong></span> <span class='ocrx_word' id='word_1_137' title='bbox 651 2177 756 2240; x_wconf 85' lang='lat' dir='ltr'><strong>preces</strong></span> <span class='ocrx_word' id='word_1_138' title='bbox 778 2159 959 2240; x_wconf 86' lang='lat' dir='ltr'><strong>timidusque</strong></span> <span class='ocrx_word' id='word_1_139' title='bbox 983 2159 1155 2241; x_wconf 84' lang='lat' dir='ltr'><strong>Philemon,</strong></span> 
     </span>
     <span class='ocr_line' id='line_1_23' title="bbox 261 2247 1057 2329; baseline -0.004 -17"><span class='ocrx_word' id='word_1_140' title='bbox 261 2247 301 2312; x_wconf 72' lang='lat' dir='ltr'><strong>Et</strong></span> <span class='ocrx_word' id='word_1_141' title='bbox 321 2252 437 2312; x_wconf 83' lang='lat' dir='ltr'><strong>reniam</strong></span> <span class='ocrx_word' id='word_1_142' title='bbox 461 2248 585 2329; x_wconf 86' lang='lat' dir='ltr'><strong>dapibus</strong></span> <span class='ocrx_word' id='word_1_143' title='bbox 607 2247 758 2327; x_wconf 83' lang='lat' dir='ltr'><strong>nulleque</strong></span> <span class='ocrx_word' id='word_1_144' title='bbox 779 2248 932 2329; x_wconf 85' lang='lat' dir='ltr'><strong>paratibus</strong></span> <span class='ocrx_word' id='word_1_145' title='bbox 955 2257 1057 2309; x_wconf 87' lang='lat' dir='ltr'><strong>orant.</strong></span> 
     </span>
     <span class='ocr_line' id='line_1_24' title="bbox 261 2335 1037 2418; baseline -0.004 -17"><span class='ocrx_word' id='word_1_146' title='bbox 261 2337 374 2401; x_wconf 88' lang='lat' dir='ltr'><strong>Unicus</strong></span> <span class='ocrx_word' id='word_1_147' title='bbox 397 2355 485 2399; x_wconf 88' lang='lat' dir='ltr'><strong>anser</strong></span> <span class='ocrx_word' id='word_1_148' title='bbox 507 2344 572 2398; x_wconf 87' lang='lat' dir='ltr'><strong>erat</strong></span> <span class='ocrx_word' id='word_1_149' title='bbox 583 2384 593 2417; x_wconf 88' lang='lat'><em>,</em></span> <span class='ocrx_word' id='word_1_150' title='bbox 615 2338 755 2397; x_wconf 91' lang='lat' dir='ltr'><strong>minimae</strong></span> <span class='ocrx_word' id='word_1_151' title='bbox 778 2336 912 2398; x_wconf 86' lang='lat' dir='ltr'><strong>custodia</strong></span> <span class='ocrx_word' id='word_1_152' title='bbox 934 2335 1037 2418; x_wconf 86' lang='lat' dir='ltr'><strong>villae,</strong></span> 
     </span>
    </p>

    <p class='ocr_par' dir='ltr' id='par_1_7' title="bbox 196 2423 1122 2860">
     <span class='ocr_line' id='line_1_25' title="bbox 196 2423 1083 2506; baseline 0 -22"><span class='ocrx_word' id='word_1_153' title='bbox 196 2438 248 2488; x_wconf 76' lang='lat' dir='ltr'><strong>css</strong></span> <span class='ocrx_word' id='word_1_154' title='bbox 261 2426 359 2498; x_wconf 84' lang='lat' dir='ltr'><strong>Quem</strong></span> <span class='ocrx_word' id='word_1_155' title='bbox 381 2425 427 2489; x_wconf 83' lang='lat' dir='ltr'><strong>dis</strong></span> <span class='ocrx_word' id='word_1_156' title='bbox 449 2424 617 2506; x_wconf 87' lang='lat' dir='ltr'><strong>hospitibus</strong></span> <span class='ocrx_word' id='word_1_157' title='bbox 640 2423 753 2486; x_wconf 89' lang='lat' dir='ltr'><strong>domini</strong></span> <span class='ocrx_word' id='word_1_158' title='bbox 774 2432 903 2487; x_wconf 89' lang='lat' dir='ltr'><strong>mactare</strong></span> <span class='ocrx_word' id='word_1_159' title='bbox 925 2423 1083 2504; x_wconf 70' lang='grc'><strong>11111111.</strong></span> 
     </span>
     <span class='ocr_line' id='line_1_26' title="bbox 261 2512 920 2594; baseline -0.005 -18"><span class='ocrx_word' id='word_1_160' title='bbox 261 2514 314 2577; x_wconf 87' lang='lat' dir='ltr'><strong>llio</strong></span> <span class='ocrx_word' id='word_1_161' title='bbox 337 2513 417 2576; x_wconf 86' lang='lat' dir='ltr'><strong>celer</strong></span> <span class='ocrx_word' id='word_1_162' title='bbox 438 2531 537 2594; x_wconf 88' lang='lat' dir='ltr'><strong>penna</strong></span> <span class='ocrx_word' id='word_1_163' title='bbox 558 2512 660 2574; x_wconf 75' lang='grc'><strong>1111111</strong></span> <span class='ocrx_word' id='word_1_164' title='bbox 682 2520 778 2574; x_wconf 83' lang='lat' dir='ltr'><strong>aetate</strong></span> <span class='ocrx_word' id='word_1_165' title='bbox 801 2514 920 2593; x_wconf 74' lang='lat' dir='ltr'><strong>fatigat,</strong></span> 
     </span>
     <span class='ocr_line' id='line_1_27' title="bbox 261 2600 1056 2684; baseline -0.005 -19"><span class='ocrx_word' id='word_1_166' title='bbox 261 2601 421 2682; x_wconf 85' lang='lat' dir='ltr'><strong>Eluditque</strong></span> <span class='ocrx_word' id='word_1_167' title='bbox 445 2601 519 2684; x_wconf 85' lang='lat' dir='ltr'><strong>diu,</strong></span> <span class='ocrx_word' id='word_1_168' title='bbox 540 2601 720 2680; x_wconf 84' lang='lat' dir='ltr'><strong>tandemque</strong></span> <span class='ocrx_word' id='word_1_169' title='bbox 743 2608 789 2663; x_wconf 85' lang='lat' dir='ltr'><strong>est</strong></span> <span class='ocrx_word' id='word_1_170' title='bbox 811 2602 892 2663; x_wconf 86' lang='lat' dir='ltr'><strong>risus</strong></span> <span class='ocrx_word' id='word_1_171' title='bbox 916 2600 951 2661; x_wconf 86' lang='lat' dir='ltr'><strong>ad</strong></span> <span class='ocrx_word' id='word_1_172' title='bbox 974 2603 1056 2681; x_wconf 92' lang='lat' dir='ltr'><strong>ipsos</strong></span> 
     </span>
     <span class='ocr_line' id='line_1_28' title="bbox 262 2690 971 2771; baseline -0.003 -18"><span class='ocrx_word' id='word_1_173' title='bbox 262 2690 438 2771; x_wconf 79' lang='lat' dir='ltr'><strong>Coniugisse</strong></span> <span class='ocrx_word' id='word_1_174' title='bbox 461 2690 555 2752; x_wconf 83' lang='lat' dir='ltr'><strong>deos.</strong></span> <span class='ocrx_word' id='word_1_175' title='bbox 582 2692 684 2769; x_wconf 88' lang='lat' dir='ltr'><strong>superi</strong></span> <span class='ocrx_word' id='word_1_176' title='bbox 707 2697 829 2751; x_wconf 84' lang='lat' dir='ltr'><strong>vetuere</strong></span> <span class='ocrx_word' id='word_1_177' title='bbox 852 2690 971 2751; x_wconf 87' lang='lat' dir='ltr'><strong>necari:</strong></span> 
     </span>
     <span class='ocr_line' id='line_1_29' title="bbox 263 2774 1122 2860; baseline -0.003 -18"><span class='ocrx_word' id='word_1_178' title='bbox 263 2774 334 2842; x_wconf 80' lang='lat' dir='ltr'><strong>“lii&#39;</strong></span> <span class='ocrx_word' id='word_1_179' title='bbox 357 2797 416 2860; x_wconf 90' lang='lat' dir='ltr'><strong>que</strong></span> <span class='ocrx_word' id='word_1_180' title='bbox 440 2775 578 2860; x_wconf 80' lang='lat' dir='ltr'><strong>‘sumus,</strong></span> <span class='ocrx_word' id='word_1_181' title='bbox 600 2780 780 2858; x_wconf 87' lang='lat' dir='ltr'><strong>meritasque</strong></span> <span class='ocrx_word' id='word_1_182' title='bbox 803 2776 866 2839; x_wconf 89' lang='lat' dir='ltr'><strong>luet</strong></span> <span class='ocrx_word' id='word_1_183' title='bbox 887 2779 994 2839; x_wconf 79' lang='lat' dir='ltr'><strong>viculis</strong></span> <span class='ocrx_word' id='word_1_184' title='bbox 1016 2794 1122 2858; x_wconf 87' lang='lat' dir='ltr'><strong>poenas</strong></span> 
     </span>
    </p>

    <p class='ocr_par' dir='ltr' id='par_1_8' title="bbox 198 2861 1107 3301">
     <span class='ocr_line' id='line_1_30' title="bbox 198 2861 973 2949; baseline 0.003 -25"><span class='ocrx_word' id='word_1_185' title='bbox 198 2885 248 2929; x_wconf 66' lang='lat' dir='ltr'><strong>coo</strong></span> <span class='ocrx_word' id='word_1_186' title='bbox 263 2869 354 2949; x_wconf 84' lang='lat' dir='ltr'><strong>impla</strong></span> <span class='ocrx_word' id='word_1_187' title='bbox 367 2863 387 2949; x_wconf 85' lang='lat'><strong>3’</strong></span> <span class='ocrx_word' id='word_1_188' title='bbox 410 2866 551 2928; x_wconf 88' lang='lat' dir='ltr'><strong>dixerunt</strong></span> <span class='ocrx_word' id='word_1_189' title='bbox 573 2861 668 2927; x_wconf 80' lang='lat' dir='ltr'><strong>‘robis</strong></span> <span class='ocrx_word' id='word_1_190' title='bbox 689 2865 862 2928; x_wconf 84' lang='lat' dir='ltr'><strong>inmunibus</strong></span> <span class='ocrx_word' id='word_1_191' title='bbox 884 2866 973 2927; x_wconf 76' lang='lat' dir='ltr'><strong>lituus</strong></span> 
     </span>
     <span class='ocr_line' id='line_1_31' title="bbox 263 2954 1107 3033; baseline -0.004 -14"><span class='ocrx_word' id='word_1_192' title='bbox 263 2957 337 3020; x_wconf 77' lang='lat' dir='ltr'><strong>Esse</strong></span> <span class='ocrx_word' id='word_1_193' title='bbox 359 2954 430 3017; x_wconf 85' lang='lat' dir='ltr'><strong>mali</strong></span> <span class='ocrx_word' id='word_1_194' title='bbox 452 2955 591 3018; x_wconf 85' lang='lat' dir='ltr'><strong>dabitur.</strong></span> <span class='ocrx_word' id='word_1_195' title='bbox 618 2954 707 3016; x_wconf 84' lang='lat' dir='ltr'><strong>modo</strong></span> <span class='ocrx_word' id='word_1_196' title='bbox 729 2962 828 3016; x_wconf 82' lang='lat' dir='ltr'><strong>restra</strong></span> <span class='ocrx_word' id='word_1_197' title='bbox 851 2954 1011 3033; x_wconf 88' lang='lat' dir='ltr'><strong>relinquite</strong></span> <span class='ocrx_word' id='word_1_198' title='bbox 1032 2962 1107 3016; x_wconf 89' lang='lat' dir='ltr'><strong>tecta</strong></span> 
     </span>
     <span class='ocr_line' id='line_1_32' title="bbox 264 3041 1088 3123; baseline -0.005 -16"><span class='ocrx_word' id='word_1_199' title='bbox 264 3048 304 3108; x_wconf 80' lang='grc'><strong>,11</strong></span> <span class='ocrx_word' id='word_1_200' title='bbox 326 3052 446 3106; x_wconf 89' lang='lat' dir='ltr'><strong>nostros</strong></span> <span class='ocrx_word' id='word_1_201' title='bbox 468 3046 606 3106; x_wconf 86' lang='lat' dir='ltr'><strong>comitate</strong></span> <span class='ocrx_word' id='word_1_202' title='bbox 629 3041 738 3123; x_wconf 65' lang='lat' dir='ltr'><strong>prins</strong></span> <span class='ocrx_word' id='word_1_203' title='bbox 761 3044 844 3104; x_wconf 85' lang='lat' dir='ltr'><strong>etin</strong></span> <span class='ocrx_word' id='word_1_204' title='bbox 867 3041 958 3104; x_wconf 85' lang='lat' dir='ltr'><strong>ardua</strong></span> <span class='ocrx_word' id='word_1_205' title='bbox 981 3045 1088 3104; x_wconf 88' lang='lat' dir='ltr'><strong>montis</strong></span> 
     </span>
     <span class='ocr_line' id='line_1_33' title="bbox 265 3127 1031 3213; baseline -0.003 -19"><span class='ocrx_word' id='word_1_206' title='bbox 265 3137 306 3196; x_wconf 85' lang='lat' dir='ltr'><strong>lte</strong></span> <span class='ocrx_word' id='word_1_207' title='bbox 330 3132 418 3194; x_wconf 88' lang='lat' dir='ltr'><strong>simul</strong></span> <span class='ocrx_word' id='word_1_208' title='bbox 431 3127 463 3194; x_wconf 90' lang='lat'><strong>.”</strong></span> <span class='ocrx_word' id='word_1_209' title='bbox 490 3139 598 3213; x_wconf 87' lang='lat' dir='ltr'><strong>parent</strong></span> <span class='ocrx_word' id='word_1_210' title='bbox 618 3131 727 3213; x_wconf 83' lang='lat' dir='ltr'><strong>ambo,</strong></span> <span class='ocrx_word' id='word_1_211' title='bbox 749 3128 921 3210; x_wconf 85' lang='lat' dir='ltr'><strong>baculisque</strong></span> <span class='ocrx_word' id='word_1_212' title='bbox 943 3130 1031 3192; x_wconf 85' lang='lat' dir='ltr'><strong>levati</strong></span> 
     </span>
     <span class='ocr_line' id='line_1_34' title="bbox 264 3218 913 3301; baseline -0.002 -21"><span class='ocrx_word' id='word_1_213' title='bbox 264 3223 406 3284; x_wconf 77' lang='lat' dir='ltr'><strong>Nitentur</strong></span> <span class='ocrx_word' id='word_1_214' title='bbox 428 3219 516 3301; x_wconf 75' lang='lat' dir='ltr'><strong>longo</strong></span> <span class='ocrx_word' id='word_1_215' title='bbox 539 3222 663 3300; x_wconf 78' lang='lat' dir='ltr'><strong>vestigia</strong></span> <span class='ocrx_word' id='word_1_216' title='bbox 684 3236 797 3300; x_wconf 89' lang='lat' dir='ltr'><strong>ponere</strong></span> <span class='ocrx_word' id='word_1_217' title='bbox 820 3218 913 3280; x_wconf 87' lang='lat' dir='ltr'><strong>ellve.</strong></span> 
     </span>
    </p>

    <p class='ocr_par' dir='ltr' id='par_1_9' title="bbox 198 3306 1170 3653">
     <span class='ocr_line' id='line_1_35' title="bbox 198 3306 1170 3389; baseline 0.003 -24"><span class='ocrx_word' id='word_1_218' title='bbox 198 3323 247 3371; x_wconf 77' lang='lat' dir='ltr'><strong>cos</strong></span> <span class='ocrx_word' id='word_1_219' title='bbox 263 3312 391 3372; x_wconf 79' lang='lat' dir='ltr'><strong>Tantum</strong></span> <span class='ocrx_word' id='word_1_220' title='bbox 413 3306 537 3370; x_wconf 77' lang='lat' dir='ltr'><strong>abemm</strong></span> <span class='ocrx_word' id='word_1_221' title='bbox 559 3325 698 3389; x_wconf 85' lang='lat' dir='ltr'><strong>summo,</strong></span> <span class='ocrx_word' id='word_1_222' title='bbox 720 3315 864 3386; x_wconf 86' lang='lat' dir='ltr'><strong>quantum</strong></span> <span class='ocrx_word' id='word_1_223' title='bbox 892 3306 985 3368; x_wconf 89' lang='lat' dir='ltr'><strong>semel</strong></span> <span class='ocrx_word' id='word_1_224' title='bbox 1010 3309 1056 3368; x_wconf 87' lang='lat' dir='ltr'><strong>ire</strong></span> <span class='ocrx_word' id='word_1_225' title='bbox 1078 3309 1170 3387; x_wconf 75' lang='lat' dir='ltr'><strong>sagitta</strong></span> 
     </span>
     <span class='ocr_line' id='line_1_36' title="bbox 264 3394 1082 3478; baseline -0.001 -21"><span class='ocrx_word' id='word_1_226' title='bbox 264 3399 352 3459; x_wconf 88' lang='lat' dir='ltr'><strong>llissa</strong></span> <span class='ocrx_word' id='word_1_227' title='bbox 374 3404 496 3478; x_wconf 86' lang='lat' dir='ltr'><strong>potest:</strong></span> <span class='ocrx_word' id='word_1_228' title='bbox 517 3395 628 3457; x_wconf 82' lang='lat' dir='ltr'><strong>llorere</strong></span> <span class='ocrx_word' id='word_1_229' title='bbox 652 3395 755 3457; x_wconf 86' lang='lat' dir='ltr'><strong>oculos</strong></span> <span class='ocrx_word' id='word_1_230' title='bbox 767 3443 777 3478; x_wconf 85' lang='lat'><strong><em>,</em></strong></span> <span class='ocrx_word' id='word_1_231' title='bbox 802 3403 833 3457; x_wconf 91' lang='lat' dir='ltr'><strong>et</strong></span> <span class='ocrx_word' id='word_1_232' title='bbox 855 3413 953 3457; x_wconf 90' lang='lat' dir='ltr'><strong>mersa</strong></span> <span class='ocrx_word' id='word_1_233' title='bbox 974 3394 1082 3475; x_wconf 87' lang='lat' dir='ltr'><strong>palude</strong></span> 
     </span>
     <span class='ocr_line' id='line_1_37' title="bbox 264 3485 1078 3565; baseline 0.001 -21"><span class='ocrx_word' id='word_1_234' title='bbox 264 3485 369 3546; x_wconf 81' lang='lat' dir='ltr'><strong>Cetera</strong></span> <span class='ocrx_word' id='word_1_235' title='bbox 390 3486 599 3565; x_wconf 82' lang='lat' dir='ltr'><strong>prospiciunt,</strong></span> <span class='ocrx_word' id='word_1_236' title='bbox 623 3491 739 3546; x_wconf 87' lang='lat' dir='ltr'><strong>tantum</strong></span> <span class='ocrx_word' id='word_1_237' title='bbox 762 3502 815 3546; x_wconf 88' lang='lat' dir='ltr'><strong>sua</strong></span> <span class='ocrx_word' id='word_1_238' title='bbox 838 3492 917 3546; x_wconf 88' lang='lat' dir='ltr'><strong>tecta</strong></span> <span class='ocrx_word' id='word_1_239' title='bbox 939 3499 1078 3545; x_wconf 87' lang='lat' dir='ltr'><strong>manere.</strong></span> 
     </span>
     <span class='ocr_line' id='line_1_38' title="bbox 265 3571 1114 3653; baseline 0.005 -23"><span class='ocrx_word' id='word_1_240' title='bbox 265 3571 398 3651; x_wconf 84' lang='lat' dir='ltr'><strong>Dumque</strong></span> <span class='ocrx_word' id='word_1_241' title='bbox 421 3589 456 3633; x_wconf 91' lang='lat' dir='ltr'><strong>ea</strong></span> <span class='ocrx_word' id='word_1_242' title='bbox 479 3573 626 3634; x_wconf 87' lang='lat' dir='ltr'><strong>mirantur</strong></span> <span class='ocrx_word' id='word_1_243' title='bbox 638 3619 648 3652; x_wconf 84' lang='lat'><strong>,</strong></span> <span class='ocrx_word' id='word_1_244' title='bbox 671 3572 741 3634; x_wconf 88' lang='lat' dir='ltr'><strong>dum</strong></span> <span class='ocrx_word' id='word_1_245' title='bbox 765 3571 875 3634; x_wconf 85' lang='lat' dir='ltr'><strong>delleni</strong></span> <span class='ocrx_word' id='word_1_246' title='bbox 897 3572 955 3634; x_wconf 81' lang='lat' dir='ltr'><strong>iata</strong></span> <span class='ocrx_word' id='word_1_247' title='bbox 977 3589 1114 3653; x_wconf 83' lang='lat' dir='ltr'><strong>suorum,</strong></span> 
     </span>
    </p>
   </div>
   <div class='ocr_carea' id='block_1_3' title="bbox 0 0 1244 4042">
    <p class='ocr_par' dir='ltr' id='par_1_10' title="bbox 0 0 1244 4042">
     <span class='ocr_line' id='line_1_39' title="bbox 0 0 1244 4042; baseline 0 0"><span class='ocrx_word' id='word_1_248' title='bbox 0 0 1244 4042; x_wconf 95' lang='lat' dir='ltr'><strong> </strong></span> 
     </span>
    </p>
   </div>
  </div>
 </body>
</html>
