2467 4042
171 194 211 259 18
324 212 367 260 10,-
387 212 472 249 nunus
583 192 762 251 ΜΕΤΔΜΜ.

258 360 329 423 Diva
351 368 486 442 metum,
510 361 668 439 timuitque
690 359 789 421 lovem
811 368 843 421 et
865 361 922 422 iuit
944 362 1031 422 anxia
1057 362 1178 444 torti,

258 449 359 511 Donec
381 447 570 510 Arestoridae
588 448 762 510 servandam
784 448 906 510 tradidit
926 450 1024 528 drgo.

191 537 241 591 025
259 538 385 600 Centum
408 537 570 602 luminibus
593 538 724 598 cinctum
746 545 837 617 caput
857 538 954 616 Argus
975 536 1148 600 babebat:

256 626 328 688 lude
352 628 415 688 suis
437 625 552 687 vicibus
574 624 730 705 capiebant
751 624 821 686 bina
844 628 992 707 quietem,

257 714 363 776 Cetera
386 713 541 776 servabant
563 721 652 792 atque
674 715 707 774 in
729 716 856 775 statione
879 713 1059 776 manebant.

259 802 440 865 Constiterat
462 820 651 882 quocumque
674 801 784 883 modo,
806 802 958 881 spectabat
979 802 1015 863 ad
1043 802 1102 865 lo:

257 893 333 953 Ante
355 891 458 952 oculos
480 890 512 951 lo
535 891 668 970 quamvis
692 908 813 951 aversus
835 889 978 952 babebat.

193 992 245 1044 tto
259 979 339 1041 Luce
363 981 433 1041 sinit
456 980 559 1059 pasci.
586 997 657 1040 oum
678 978 724 1039 sol
746 977 853 1039 tellure
876 978 1012 1040 subalta
1036 988 1114 1064 est,

260 1067 377 1129 Clandit
398 1075 430 1129 et
451 1067 572 1146 indigno
595 1066 760 1128 circumdat
782 1065 899 1128 vincula
921 1066 1013 1128 collo.

256 1154 424 1217 Frondibus
446 1155 580 1216 arboreis
603 1163 634 1215 et
656 1172 754 1216 amara
775 1157 908 1235 pascitur
929 1154 1043 1236 herba,

256 1244 375 1324 Proque
398 1252 465 1305 toro
488 1252 586 1305 terrac
610 1261 670 1303 non
693 1261 812 1322 semper
834 1261 955 1323 gramen
977 1241 1112 1306 habenti

257 1332 381 1395 lnoubat
404 1331 506 1394 infelix
518 1379 528 1413 ,
550 1330 714 1410 limosaque
736 1331 859 1392 llumina
880 1339 978 1412 potat.

190 1432 242 1483 tto
256 1421 308 1482 1113
331 1423 420 1482 etiam
443 1419 568 1500 supplex
589 1421 668 1499 Argo
692 1438 760 1481 cum
778 1418 915 1480 bracchia
937 1418 1024 1480 vellet

256 1509 414 1590 Tendere,
437 1527 497 1569 nou
519 1506 624 1568 babuit
645 1526 720 1588 quae
743 1507 880 1569 bracchia
902 1507 1039 1570 tenderet
1066 1509 1183 1592 Arg03

257 1597 429 1677 Conatoque
448 1597 535 1677 queri
556 1598 688 1677 mugitus
711 1595 804 1657 edidit
826 1614 897 1677 ore,

256 1686 473 1765 Pertimuitque
497 1703 587 1747 sonos
609 1686 789 1764 propriaque
812 1687 953 1746 exterrita
974 1702 1049 1746 voce
1076 1696 1151 1748 est.

256 1773 344 1836 Venit
362 1783 393 1835 et
415 1774 451 1835 ad
474 1775 577 1855 ripas,
598 1772 652 1834 ubi
674 1772 778 1834 ludere
800 1790 889 1852 saepe
912 1772 1046 1853 solebat,

192 1874 244 1925 640
257 1861 435 1925 Inachidas:
458 1864 553 1923 rictus
575 1879 710 1940 novaque
733 1869 769 1922 ut
790 1864 945 1941 conspexit
965 1862 997 1921 in
1020 1862 1110 1925 unda

258 1951 398 2033 Cornua,
419 1952 575 2030 pertimuit
597 1967 689 2029 seque
713 1957 881 2011 exsternata
903 1950 1030 2028 refugit.

255 2039 364 2101 Naides
386 2041 546 2121 ignorant,
568 2040 686 2117 ignorat
708 2046 739 2099 et
760 2037 887 2099 Inachus
909 2040 991 2119 ipse,

258 2128 341 2199 Quae
363 2130 424 2190 sit.
446 2136 477 2188 at
490 2126 540 2190 illa
552 2135 668 2206 patrem
683 2128 819 2206 sequitur
833 2128 1028 2205 sequiturque
1042 2144 1198 2210 sorores,

255 2215 293 2277 Et
316 2218 428 2296 patitur
450 2218 532 2294 tangi
554 2233 646 2294 seque
668 2214 881 2277 admirantibus
904 2216 1011 2277 offert.

191 2313 242 2365 ott
257 2304 418 2385 Decerptas
441 2306 543 2392 senior
563 2311 738 2383 porrexerat
760 2302 887 2364 inachus
908 2302 1034 2365 herbas:

257 2392 310 2454 llla
332 2411 437 2454 manus
459 2391 562 2453 lambit
583 2394 747 2472 patriisque
771 2392 821 2452 dat
839 2390 939 2453 oscula
961 2391 1089 2474 palmis,

257 2480 320 2542 Nec
342 2484 453 2542 retinet
475 2480 612 2541 lacrimas
635 2488 687 2559 et,
710 2481 735 2541 si
758 2479 846 2541 modo
869 2479 958 2541 rerba
981 2489 1177 2564 sequantur,

258 2568 332 2630 Oret
353 2587 440 2648 opem
463 2586 631 2648 nomenque
656 2586 743 2629 suum
766 2586 912 2647 casusque
935 2567 1096 2647 loquatur.

257 2656 369 2720 Littera
391 2675 446 2737 pro
470 2656 590 2739 verbis,
614 2675 702 2735 quarn
724 2674 778 2736 pes
800 2659 832 2718 in
854 2656 976 2737 pulvere
998 2656 1106 2738 duxit,

191 2758 243 2808 ooo
258 2745 398 2826 Corporis
420 2745 563 2807 indicium
585 2746 691 2806 mutati
714 2747 800 2806 triste
822 2747 955 2824 peregit.

259 2831 316 2895 ‘lle
331 2836 474 2895 miserum
483 2829 503 2895 1’
518 2833 660 2895 exclamat
674 2841 758 2913 pater
771 2831 899 2894 Inachus
907 2880 917 2915 ,
930 2835 1020 2913 inque
1034 2836 1191 2912 gementis

259 2922 406 2985 Cornibus
429 2934 459 2983 et
481 2925 583 2983 niveae
606 2922 741 3003 pendens
763 2923 880 2983 cervice
902 2923 1043 2982 iuvencae

259 3008 317 3072 ‘lle
331 3013 473 3072 miserum
484 3006 503 3072 l'
518 3012 697 3092 ingeminat,
712 3005 795 3072 ‘tunc
810 3028 843 3071 es
853 3010 984 3089 quaesita
998 3027 1052 3089 per
1061 3027 1189 3092 omnes,

258 3099 354 3181 Nata,
376 3099 449 3160 mibi
471 3095 598 3161 terras?
620 3106 653 3160 tu
677 3117 737 3160 non
759 3102 879 3160 inventa
902 3107 1020 3178 reperta

194 3198 244 3249 111
259 3187 371 3249 Luctus
394 3205 461 3249 eras
484 3186 598 3249 levior.
626 3189 757 3268 retices,
780 3206 836 3249 nec
858 3196 961 3248 mutua
981 3188 1095 3247 uostris

259 3276 343 3337 Dicta
366 3277 485 3358 refers,
508 3274 567 3336 alto
590 3282 708 3347 tantum¹
730 3277 858 3355 suspiria
881 3275 966 3336 ducis

258 3363 384 3425 Pectore
398 3363 560 3446 ,quodque
575 3382 669 3424 unum
682 3371 769 3443 potes
781 3412 791 3445 ,
805 3363 841 3425 ad
855 3381 921 3424 mea
935 3362 1185 3444 verberemugis.

261 3451 374 3515 Attibi
397 3470 452 3531 ego
476 3454 596 3532 ignarus
620 3451 764 3513 thalamos
786 3451 946 3531 taedasque
968 3450 1129 3534 parabam,

261 3538 395 3618 Spesque
420 3540 476 3601 luit
498 3542 602 3620 generi
629 3539 702 3601 mihi
728 3542 825 3620 prima
837 3587 847 3623 ,
869 3540 999 3603 secunda
1022 3549 1183 3620 nepotum.
