2467 4042
215 217 281 282 330
621 216 814 268 uterorum

303 381 445 460 Displicet
466 379 571 441 heredi
594 379 723 440 mandati
745 396 818 440 cura
840 380 1018 458 sepulchri:

347 469 482 529 Mortuus
505 469 634 528 Ausonia
657 467 795 528 conditur
818 468 928 546 hospes
950 467 1073 549 humo,

304 556 425 635 Scirpea
448 573 502 634 pro
526 556 645 615 domino
667 554 769 615 Tiberi
791 556 917 615 iactatur
939 557 1068 636 imago,
1171 573 1182 608 i

239 658 289 707 666
348 643 386 704 Ut
408 651 524 722 repetat
545 643 648 704 Graias
671 660 725 720 per
747 642 823 702 freta
845 643 931 721 longa
954 640 1110 705 domos.’

304 731 476 811 Hactenus,
501 739 531 792 et
553 730 645 792 subiit
667 732 732 790 vivo
755 732 885 791 rorantia
908 748 982 790 saxo

348 821 439 880 Antra
451 866 461 900 ‚
484 819 563 880 leves
586 836 708 879 cursum
732 820 915 879 sustinuistis
937 836 1062 899 aquae.

491 953 765 1021 memb-ir
813 957 862 1021 16.
885 954 949 1019 HF

474 1041 603 1109 17.Αο
653 1045 702 1109 18.
725 1041 784 1108 BC
835 1043 883 1108 19.
907 1040 966 1108 OG

305 1171 389 1231 Clare
412 1189 505 1250 nepos
527 1170 674 1251 Atlantis,
697 1169 784 1231 ades!
817 1188 906 1248 quem
928 1171 1095 1233 mentibus
1118 1173 1170 1234 etia

349 1258 448 1320 Edidit
470 1258 603 1319 Arcadiis
625 1257 721 1319 Pleias
744 1257 800 1319 uda
824 1258 902 1318 lovi:

241 1360 291 1409 666
307 1347 391 1409 Pacis
414 1357 445 1407 et
467 1365 617 1407 armerum
640 1349 757 1426 superis
779 1348 905 1425 imisque
929 1346 1065 1409 deorum

348 1434 488 1516 Arbiter,
511 1435 587 1495 alato
610 1438 661 1513 qui
685 1434 759 1514 pede
784 1437 880 1514 carpis
902 1436 980 1496 iter:

305 1523 393 1584 Lacte
415 1523 494 1603 lyrae
518 1522 628 1602 pulsu,
652 1523 743 1583 nitida
767 1540 884 1601 quoque
907 1521 985 1583 laete
1010 1524 1166 1603 palaestra.

349 1612 414 1682 Quo
438 1611 540 1671 didicit
563 1610 642 1671 culte
665 1611 763 1689 lingua
786 1610 911 1670 docente
934 1609 1042 1690 loqui:

306 1699 427 1778 Templa
450 1699 504 1760 tibi
526 1716 654 1779 posuere
676 1708 776 1779 patres
799 1700 961 1777 spectantia
988 1699 1116 1762 Circum

241 1802 292 1849 676
351 1786 474 1868 idibus3
498 1806 534 1848 ex
555 1787 606 1847 itio
630 1796 676 1848 est
698 1787 770 1847 haec
793 1786 848 1847 tibi
871 1786 944 1846 festa
968 1787 1059 1849 dies.

305 1877 369 1955 Te,
393 1878 571 1955 quicumque
595 1893 664 1936 suas
687 1875 844 1955 profitetur
866 1874 998 1935 vendere
1021 1895 1153 1953 merces,

350 1964 429 2024 Ture
453 1963 521 2024 dato
534 2010 543 2043 ,
567 1963 681 2025 tribuas
705 1972 738 2024 ut
761 1963 818 2024 sibi
840 1963 942 2042 lucra,
967 1976 1100 2044 rogant.

306 2051 359 2113 Est
381 2070 456 2132 aqua
479 2051 618 2113 Mercurii
641 2062 743 2131 portae
766 2053 860 2112 vicina
883 2050 1043 2133 Capenae3

350 2140 381 2200 Si
405 2143 484 2201 iuvat
507 2143 637 2218 expertis
661 2140 805 2220 credere,
828 2156 936 2199 numen
961 2139 1077 2203 babet.

240 2228 371 2290 sibilus
394 2230 475 2290 venit
496 2230 645 2290 incinctus
668 2230 798 2289 tunicam
821 2235 992 2308 mereator,
1015 2238 1052 2289 et
1078 2248 1145 2290 urm

349 2318 449 2377 Purus
471 2317 591 2395 suffita,
614 2334 702 2397 quam
726 2317 822 2396 ierat,
844 2315 943 2375 haurit
966 2334 1098 2395 aquam.

306 2404 368 2465 Uda
391 2405 423 2465 iit
446 2403 514 2465 binc
537 2404 660 2484 laurus,
684 2403 767 2465 lauro
789 2411 980 2482 sparguntur·
996 2403 1035 2464 ab
1063 2407 1119 2467 uda

349 2492 453 2553 Omnia
466 2539 475 2572 ,
498 2510 574 2572 quae
597 2493 732 2553 domines
755 2502 825 2552 sunt
847 2489 985 2552 habitura
1008 2511 1123 2555 novos.

306 2580 424 2659 Spargit
447 2590 477 2641 et
498 2584 562 2660 ipse
586 2599 656 2642 suos
679 2580 762 2641 lauro
785 2589 903 2640 rorante
927 2580 1075 2660 capillos,

241 2680 292 2729 666
351 2667 389 2728 Et
410 2671 524 2748 peragit
548 2669 632 2729 solita
656 2669 755 2729 saliere
778 2686 848 2728 voce
872 2686 998 2746 preces:

305 2751 409 2817 ‘Ablue
433 2760 585 2835 praeteriti
608 2759 738 2837 periuria
762 2758 903 2835 temporis
916 2751 941 2835 ,⁹
965 2758 1071 2836 inquit

349 2840 453 2905 ‘Ablue
476 2849 636 2924 praeterita
659 2844 769 2924 perfida
792 2843 880 2904 verba
903 2843 969 2906 diet

305 2934 372 2994 Sive
396 2951 451 3012 ege
474 2941 504 2993 te
527 2934 584 2994 ieci
607 2942 736 3015 testem,
759 2932 867 2992 falsove
890 2934 979 2992 citavi

349 3020 414 3081 Non
439 3020 568 3082 audituri
591 3024 712 3083 numina
736 3038 838 3100 magna
861 3019 955 3100 lovis3
1170 3086 1171 3141 1

240 3121 291 3171 666
306 3109 374 3170 Sive
397 3109 486 3170 deum
510 3110 642 3189 prudens
665 3108 754 3169 alium
777 3110 907 3168 divamve
931 3107 1044 3190 ieiedi,

349 3197 533 3259 Abstulera'nt
555 3197 668 3258 ceieres
691 3195 824 3276 improba
848 3194 924 3256 dicta
948 3198 1027 3257 ceti.

304 3285 342 3347 Et
365 3295 483 3365 pateant
505 3289 641 3347 veniente
665 3286 712 3346 die
736 3286 866 3364 periuria
889 3283 992 3364 nobis,

241 3420 244 3425 «
349 3374 411 3434 Nec
433 3383 539 3435 curent
562 3376 663 3453 superi
686 3375 770 3452 siqua
792 3371 909 3432 locutus
933 3389 1003 3432 erc.

306 3461 346 3520 Da
369 3462 456 3522 mcdc
479 3463 561 3522 lucra
585 3462 677 3540 mibi,
701 3460 738 3520 da
761 3461 837 3521 iacto
860 3459 963 3537 gatidia
987 3458 1094 3543 lucro,

240 3555 291 3605 666
346 3546 383 3607 Et
406 3548 473 3627 iac,
497 3557 531 3609 ut
553 3552 679 3628 emptori
703 3547 792 3608 verba
813 3547 931 3608 dedisse
954 3543 1075 3608 iuret.’
