2467 4042
196 226 260 292 276
604 231 798 283 russonum

329 393 423 474 Saepe
446 412 527 456 meas
549 393 615 456 illos
638 396 823 475 increpuisse
846 412 962 457 moras.

244 492 247 497 '
283 482 345 545 Nec
367 484 454 544 timui
476 483 513 545 de
536 491 634 544 morte
657 490 777 546 minen.
819 491 916 544 metus
939 484 1017 545 aiuit
1040 487 1126 548 iste.

327 570 365 631 Ei
388 569 482 633 mihil
514 569 651 633 credibili
672 570 778 633 fortior
800 571 849 632 illa
871 572 945 633 iuit.

283 657 327 718 Ne
350 659 453 720 refer.
493 662 594 738 aspexi
617 677 677 721 non
700 659 749 721 illo
773 667 893 739 pectore
916 659 1007 737 digna

218 759 269 808 620
329 745 477 829 Volnera,
499 747 655 809 Tartareas
678 765 769 809 ausus
792 747 873 808 adire
895 747 1019 810 domos.

283 835 322 896 tit
343 848 378 897 tu
390 881 400 916 ,
423 853 476 897 sen
500 837 576 897 ratio
598 844 629 897 te
652 838 763 897 nostris
786 835 899 916 appulit
920 838 1002 916 oris,

329 922 396 984 Sive
420 923 494 984 deus
506 971 516 1005 ,
538 926 624 1003 regni
646 923 798 985 commoda
821 941 910 1003 carpe
932 926 1026 1003 mei.-

283 1010 374 1072 llulta
397 1011 451 1071 tihi
474 1029 643 1093 memores,
666 1012 708 1073 nil
730 1030 791 1073 non
813 1010 957 1074 dehemus
980 1010 1125 1075 Elissae.

327 1098 452 1160 Nomine
475 1108 559 1178 grata
580 1108 656 1182 tuo,
679 1109 761 1179 grata
784 1102 896 1162 sororis
908 1146 918 1180 ,
940 1095 1039 1161 eris?

219 1198 270 1248 eno
285 1187 366 1249 Talia
388 1188 500 1250 dicenti
520 1221 558 1233 -
579 1206 677 1268 neque
701 1191 780 1250 enim
803 1206 872 1268 spes
894 1187 988 1250 altera
1010 1196 1116 1251 restat
1138 1223 1173 1234 -

329 1274 483 1357 Credidit,
506 1294 626 1338 errores
649 1278 844 1356 exposuitque
868 1295 956 1338 suos.

284 1363 381 1443 thue
404 1364 524 1425 domum
547 1367 669 1426 intrarit
690 1364 795 1445 Tyrios
817 1364 921 1426 induta
943 1373 1094 1448 paratus,

328 1452 436 1533 lnoipit
458 1454 593 1515 deneas:
617 1486 652 1498 -
675 1461 776 1514 cetera
798 1451 885 1513 turba
907 1453 976 1514 silet
998 1485 1035 1495 —

285 1536 384 1602 ‘lianc
407 1540 462 1602 tibi
485 1558 539 1602 cur
562 1540 699 1622 undam,
721 1542 771 1621 pia
789 1558 900 1622 cansa,
922 1540 1046 1602 Lavinia
1066 1545 1204 1623 eonium,

219 1641 271 1692 630
330 1628 384 1691 Est
405 1628 500 1690 mihi.
541 1632 713 1709 consumpsi
735 1629 896 1708 nauiragus
917 1629 1008 1690 huius
1032 1649 1131 1710 opes.

286 1717 357 1780 Oria
380 1717 458 1797 'lyra
483 1724 528 1778 est
540 1765 550 1800 ,
572 1736 700 1798 regnum
721 1716 830 1797 Libyca
852 1717 985 1797 possedit
1007 1720 1042 1778 in
1068 1737 1143 1782 ora:

329 1805 423 1878 Quam
446 1823 554 1885 precor
576 1814 611 1867 ut
633 1823 718 1866 carae
741 1822 824 1866 more
847 1807 960 1866 sororis
983 1803 1106 1869 ames.’

286 1894 390 1955 Omnia
413 1896 561 1973 promittit
573 1939 582 1975 ,
610 1893 776 1971 salsumque
799 1892 919 1954 Lavinia
941 1893 1050 1954 volnus

328 1981 427 2044 Mente
449 1985 559 2062 premit
581 1984 692 2063 tacita,
715 1979 940 2061 dissimulatque
962 1981 1121 2047 fremens.

221 2082 272 2132 oto
287 2070 428 2149 Donaque
451 2089 519 2131 eum
543 2069 641 2131 videat
659 2078 781 2150 praeter
804 2088 858 2131 sua
879 2069 991 2131 lumina
1013 2068 1093 2131 ferri

330 2159 420 2221 llnlta
443 2158 561 2239 palam,
584 2160 663 2220 mitti
686 2157 761 2220 clam
784 2176 903 2237 puroque
926 2156 1020 2243 multa
1042 2166 1155 2237 putat.

284 2248 350 2309 Non
373 2245 462 2308 habet
484 2256 642 2329 exactum,
665 2246 735 2326 quid
759 2254 847 2325 agat.
888 2245 1035 2308 furialiter
1061 2247 1150 2331 odit,

331 2335 370 2397 Et
392 2343 477 2415 parat
498 2335 622 2396 insidias
634 2382 645 2416 ,
666 2343 698 2396 et
720 2336 803 2413 cupit
825 2334 886 2396 ulta
909 2336 1002 2395 mori.

285 2424 350 2485 Nor
372 2432 458 2485 erat.
499 2432 566 2485 aute
589 2428 689 2484 torum
712 2424 774 2484 visa
797 2430 844 2484 est
865 2423 981 2484 adstare
1004 2427 1129 2487 sororis

221 2524 273 2575 640
333 2510 486 2592 Squalenti
508 2511 583 2573 Dido
607 2510 835 2591 sanguinulenta
857 2528 942 2572 coma

286 2600 324 2662 Et
347 2596 454 2682 ‘iuge,
477 2619 515 2662 ne
538 2598 663 2681 dubita,
686 2608 831 2661 maestum
854 2593 937 2678 fuge'
962 2597 1067 2661 dicere

835 2681 997 2748 ‘tectuml'

332 2775 393 2838 Sub
417 2776 542 2838 verbum
565 2776 705 2856 querulas
727 2774 837 2855 inpulit
858 2793 929 2836 aura
951 2775 1051 2836 iores.

287 2863 400 2947 Erilit,
423 2875 454 2926 et
475 2865 560 2926 velox
582 2864 687 2926 humili
711 2881 893 2944 superarra
918 2864 1050 2924 ienestra

333 2953 371 3015 Se
394 2956 485 3015 iacit.
525 2950 668 3014 audacem
690 2953 801 3014 iecerat
823 2954 887 3032 ipse
910 2953 1016 3018 timor.

222 3055 273 3105 oto
288 3041 411 3121 Quaque
434 3049 516 3105 metu
539 3044 677 3122 rapitur,
701 3043 801 3102 tunica
823 3038 917 3101 velata
938 3041 1073 3100 recincta

332 3130 455 3213 Currit,
477 3137 512 3192 ut
534 3129 643 3191 auditis
666 3131 770 3191 territa
792 3127 907 3188 damma
930 3126 1026 3206 lupis.

289 3218 432 3298 Corniger
455 3218 531 3280 hano
553 3218 676 3279 tumidis
693 3219 832 3296 'rapuisse
855 3215 1011 3277 Numicius
1032 3215 1131 3280 undis

332 3306 493 3387 Creditur,
516 3314 548 3367 ct
569 3309 681 3387 stagnis
704 3304 871 3367 occuluisse
895 3305 975 3365 suis.

291 3394 409 3455 Sidonis
431 3396 546 3456 interea
568 3412 674 3473 magno
698 3393 826 3455 clamore
848 3411 903 3472 per
925 3409 1012 3471 agros

223 3493 275 3543 eoo
335 3481 516 3552 Quaeritur:
548 3489 692 3562 apparent
714 3484 798 3560 signa
821 3488 967 3560 notaeque
990 3479 1128 3559 pedum:

289 3566 417 3628 Ventum
440 3575 503 3629 erat
525 3568 562 3630 ad
583 3572 682 3649 ripas:
713 3571 831 3631 inerant
854 3569 977 3648 vestigia
999 3570 1094 3648 ripis.
