2467 4042
1062 251 1128 306 XIII

206 417 242 478 V.
273 419 335 478 396
370 416 533 476 rectissime
561 415 685 475 Efficias
714 416 846 490 notavit3
879 409 980 475 ‘unde'
1009 417 1127 494 scripsIt

117 499 179 564 ‘hic
197 505 395 564 Lemniades?
432 507 533 563 cetera
551 503 631 563 enim
650 503 727 562 serie
745 524 846 563 rerum
864 505 1031 581 cohaerent,
1051 506 1127 566 sicut

119 592 199 668 apud
221 586 447 668 Apollodorum'
471 592 535 650 rell.

209 680 244 740 V.
269 682 332 740 418
361 680 450 756 plane
473 679 671 739 balbutientis
695 679 808 739 scribae
831 681 1061 740 deliramentum
1083 681 1126 740 vi-

118 768 219 843 detur,
244 769 329 826 'unde
361 767 435 826 nihil
468 767 534 826 sani
561 767 742 829 extunditur.
793 768 863 827 libri
895 769 974 827 enim
1006 786 1126 828 consen-

118 857 209 924 tiunt,
231 857 290 915 nisi
313 856 393 932 quod
415 874 498 914 meus
522 854 549 913 A
569 854 701 931 Hauptio
725 859 803 916 teste
827 859 858 914 et
880 857 959 915 alter
980 874 1040 915 non
1061 858 1126 916 uul-

117 945 200 1021 garis
224 944 371 1004 distichon
394 946 457 1002 417
483 945 546 1002 418
571 946 640 1002 1111
665 944 941 1018 415416111111,
964 962 1151 1021 1111111-χ

118 1033 220 1091 mento
252 1032 343 1108 siquis
375 1033 474 1090 totum
506 1030 665 1106 distichon,
696 1050 756 1090 non
787 1031 875 1092 modo
906 1036 1127 1108 pentametrum

120 1121 256 1196 spurium
284 1120 454 1180 existimare
482 1119 568 1193 velit,
600 1119 676 1178 nihil
702 1120 818 1180 decedit
850 1120 1051 1180 observationi
1076 1140 1128 1180 no-

118 1212 208 1268 strae.
258 1206 440 1269 Schraderus
460 1206 539 1284 quod
557 1225 666 1266 nexum
679 1207 758 1267 inter
771 1211 835 1268 413
851 1210 916 1268 414
936 1211 1045 1268 11415
1061 1211 1124 1268 416

120 1297 317 1372 desiderabat,
344 1296 439 1372 possit
461 1295 493 1357 id
515 1295 635 1370 elevari,
665 1296 690 1355 si
711 1315 832 1355 versum
856 1299 930 1372 418,
953 1298 1005 1374 qui
1026 1297 1128 1374 genui·

117 1403 175 1443 nus
197 1385 269 1459 fuis,
293 1384 436 1459 apodosin
458 1383 597 1442 habuisse
621 1386 769 1460 putemus.

208 1472 244 1530 V.
270 1474 332 1533 508
355 1475 555 1547 pentameter,
579 1490 618 1529 an
640 1472 801 1548 distichon,
826 1473 905 1548 quod
927 1475 1026 1531 totum
1048 1473 1128 1544 locu-

120 1561 233 1620 tionem
253 1560 461 1619 scholasticam
478 1560 579 1635 habet,
601 1560 834 1635 interpolatoris,
852 1561 932 1619 certe
950 1579 1023 1618 num
1041 1560 1128 1619 unius

120 1649 250 1707 auctoris
283 1648 334 1726 sit,
371 1647 503 1706 dubitari
537 1649 646 1722 potest.
700 1665 769 1724 pars
805 1647 940 1706 inscitior
978 1650 1025 1707 111
1056 1667 1127 1723 pen·

120 1739 256 1796 tameter.

208 1823 245 1883 V.
270 1825 332 1883 556
361 1824 528 1899 exemplum
556 1822 662 1882 Glauci
684 1822 867 1882 Anthedonii
893 1842 983 1899 quam
1011 1824 1051 1883 sit
1078 1824 1130 1881 ab·

120 1913 257 1987 surdum,
281 1929 371 1987 supra
394 1915 439 1970 est
461 1911 632 1971 indicatum.

210 1999 325 2058 Horum
343 2000 476 2059 locorum
494 2002 556 2058 tres
575 1999 689 2075 priores
707 1999 786 2058 inter
803 2017 835 2058 se
853 1999 1030 2075 viganorum
1043 1999 1128 2057 bino·

121 2107 188 2146 rum
215 2107 356 2148 versuum
382 2088 541 2147 intervallo
570 2086 696 2146 distant:
725 2087 804 2162 quod
832 2088 962 2162 spatium
990 2088 1016 2147 si
1041 2090 1130 2162 putes

121 2176 299 2253 paginarum
322 2176 431 2235 codicis
455 2175 580 2234 alicuius
599 2175 755 2251 archetypi
772 2174 873 2251 fuisse,
897 2176 999 2250 quales
1017 2175 1049 2233 in
1068 2174 1128 2233 edi·

120 2264 211 2323 tionis
229 2267 351 2323 nostrae
369 2263 553 2339 marginibus
572 2263 731 2322 adnotatas
749 2263 849 2338 habes,
869 2262 1020 2321 desierunt
1037 2262 1131 2338 igitur

122 2352 249 2429 paginae
275 2355 338 2411 tres
365 2351 397 2409 In
424 2368 475 2411 eos
501 2353 596 2428 locos,
630 2351 718 2410 desiit
749 2351 858 2428 pagina
886 2343 936 2430 (6)
963 2351 995 2408 in
1022 2350 1129 2425 locum,

123 2459 211 2516 quem
233 2439 448 2514 interpolatum
472 2457 562 2516 supra
583 2439 796 2498 intelleximus:
824 2438 909 2497 nulla
937 2456 1065 2514 usquam
1086 2439 1130 2498 in·

123 2527 289 2603 aequalitas
311 2526 489 2604 paginarum
513 2531 603 2602 extat,
627 2530 836 2603 praeterquam
859 2527 890 2585 in
912 2527 1023 2602 pagina
1046 2519 1129 2606 (23),

4 2613 6 2617 ’
123 2633 199 2691 quae
220 2635 280 2675 uno
304 2616 444 2691 disticho,
467 2618 498 2674 et
522 2608 607 2697 (25),
632 2635 708 2691 quae
731 2616 845 2675 duobus
869 2614 1022 2674 modulum
1044 2615 1130 2677 illum

122 2708 257 2780 superat3
281 2705 317 2763 de
341 2722 400 2780 qua
422 2724 454 2763 re
477 2705 602 2780 posthac
626 2704 747 2764 dicetur.

211 2794 353 2853 Aetatem
371 2793 460 2851 huius
478 2793 635 2869 archetypi
652 2812 712 2852 non
730 2791 926 2866 definiverim3
946 2792 1130 2868 corruptelas

121 2883 267 2955 quasdam
303 2881 367 2940 cius
403 2880 525 2940 memini
562 2899 578 2938 1
610 2882 757 2956 scriptura
793 2881 915 2956 unciali,
952 2881 1049 2957 qualis
1085 2883 1131 2938 est

86 3014 90 3023 ,
122 2968 286 3044 fragmenti
309 2967 546 3044 GuelferbytanI,
569 2970 650 3026 ortas
673 2967 777 3041 videri,
805 2969 889 3027 cuius
911 2968 1038 3044 paginae
1062 2969 1132 3026 sunt

122 3072 263 3112 versuum
278 3055 455 3130 vigenarum
468 3054 634 3129 quinarum,
649 3053 817 3114 altitudinis
831 3073 920 3129 quam
933 3056 1026 3114 habet
1040 3054 1131 3112 editio

123 3160 190 3200 mea
217 3137 413 3201 Reimeriaha.
468 3141 558 3199 Plinii
585 3160 659 3217 quos
681 3141 804 3199 Moneus
832 3141 990 3216 descripsit
1017 3142 1131 3200 codices

122 3230 218 3289 multo
242 3229 424 3305 antiquiores
446 3249 496 3305 pp.
510 3240 572 3287 xvl
590 3242 687 3289 xxxv
706 3240 825 3294 XXXIX,
849 3228 952 3287 eodem
974 3229 1038 3287 fere
1061 3232 1131 3287 sunt

122 3336 263 3377 versuum
290 3336 344 3393 per
370 3317 495 3394 paginas
522 3334 654 3377 numero.
708 3316 739 3374 id
766 3316 906 3388 volumen
927 3333 994 3375 cum
1017 3317 1131 3375 senium

122 3407 183 3464 iam
206 3406 347 3481 duxisset,
371 3406 432 3465 situ
455 3407 508 3464 aut
525 3404 647 3464 madore
667 3405 706 3464 ab
724 3403 858 3470 inferiori
876 3407 962 3479 parte
981 3406 1130 3480 affectum,
1183 3436 1185 3441 <

126 3525 163 3537 -
189 3514 279 3571 quem
301 3494 399 3569 ipsum
422 3494 454 3554 in
476 3492 596 3553 modum
614 3492 758 3570 Aeschyli
776 3493 973 3567 archetypum
991 3493 1130 3553 vitiatum

122 3582 215 3643 fuisse
230 3583 440 3659 demonstravi,
454 3582 585 3644 codicem
597 3580 784 3642 Bessarionis
793 3576 1004 3657 bombycinum
1018 3583 1131 3659 aparte
