2467 4042
161 234 207 299 30
578 234 754 285 numus

250 396 309 459 llic
329 395 417 458 sedet
436 399 539 475 ign-ts
559 399 664 457 heta
683 396 784 476 μεΙι
803 397 887 459 viru.

185 499 238 550 2⁸⁵
253 486 328 548 Cu
351 485 496 565 μὴ
518 487 686 565 spatium·
704 487 737 545 in
757 484 815 546 lsoc
826 533 838 565 ,
857 491 895 545 ut
915 491 1029 545 mor
1050 483 1169 546 endem

251 575 416 637 &smus
426 622 438 654 ,
458 591 553 652 qm
574 576 711 652 perum
730 573 793 634 dla
812 569 923 652 piet?

252 663 328 735 Quis
345 663 431 723 meu
448 671 496 722 est
511 661 632 740 ΠΒ
648 658 835 740 argutior?
855 661 930 721 hsce
945 677 1069 739 qnoque
1084 662 1186 743 riser,

252 751 288 812 ln
309 750 429 831 eulpa
450 753 536 829 siqu
558 759 606 810 est
626 748 904 829 ingeniosam!

253 837 1141 919 emmenumaete‚lsrsneenrrerinsele‚

186 940 240 989 esu
254 928 351 998 uuam
373 926 482 987 multas
503 935 616 987 utres
637 926 745 987 locam
765 925 816 986 iffi
837 925 930 986 deus.

250 1015 391 1076 Proxim
412 1015 547 1075 donnfi
568 1013 693 1075 imo-'a
713 1014 823 1094 tuph
844 1012 979 1094 subibit,

251 1103 421 1164 Paelicibus
442 1103 546 1163 nutris
567 1102 646 1163 lianc
667 1101 798 1163 doluisse
819 1101 923 1162 leam.

252 1191 371 1252 Pallade
394 1199 575 1270 conspecta,
597 1198 702 1251 natum
722 1190 762 1250 de
783 1191 909 1250 erimine
930 1190 1014 1268 virgo

252 1279 415 1340 Sosiclem
436 1297 552 1359 quare,
578 1289 704 1358 qnaret
715 1326 726 1360 ,
747 1276 991 1339 lineamentum.

187 1379 240 1428 295
253 1366 375 1428 Venerit
397 1370 429 1428 in
451 1371 551 1444 magni
573 1366 739 1446 templum,
760 1375 813 1428 tua
834 1383 981 1446 munera,
1001 1364 1128 1448 Martis,

254 1455 321 1516 Stat
342 1454 442 1516 Venus
464 1451 561 1520 Ultori
582 1458 706 1534 iuncta,
727 1456 774 1515 rir
795 1463 865 1515 ante
887 1455 986 1514 iores.

252 1543 340 1604 Isidis
362 1543 436 1604 wile
459 1543 589 1624 sedens,
612 1561 669 1604 cnr
690 1543 767 1604 lianc
789 1542 951 1624 Saturnia,
973 1551 1119 1624 quaeret,

252 1630 357 1711 Egerit
378 1630 460 1692 lunio
483 1630 710 1711 Bosphorioque
732 1627 834 1694 rusti?

251 1718 286 1780 ln
309 1718 455 1780 Venerem
477 1719 644 1800 Anchises,
666 1721 699 1781 in
720 1718 836 1780 lunam
857 1718 990 1779 Laturins
1010 1717 1124 1801 heros,

186 1819 238 1869 sou
252 1806 286 1868 ln
309 1806 450 1868 Cererem
472 1806 569 1868 lasion
580 1854 590 1888 ,
614 1810 667 1886 qni
688 1808 859 1889 releratur,
881 1809 956 1868 erit.

252 1894 358 1956 Omnia
380 1913 536 1975 perversas
558 1902 686 1975 possunt
707 1913 900 1975 corrumpere
922 1901 1056 1977 mentes3

253 1982 340 2044 Stant
362 1991 461 2044 tamen
483 1983 532 2044 illa
555 1986 619 2045 suis
641 1986 739 2044 omnia
762 1992 826 2045 tuta
848 1984 942 2044 locis.

252 2069 291 2132 Et
312 2071 418 2151 procul
440 2090 458 2132 a
479 2074 590 2151 scripta
613 2072 685 2132 solis
706 2071 916 2133 meretricibus
937 2069 1008 2132 lrte

254 2158 427 2221 Summoret
448 2161 591 2240 ingenuas
613 2162 720 2239 pagina
741 2162 837 2239 prima
859 2177 981 2221 manus.

186 2258 238 2308 eoo
254 2247 466 2327 Quaecumque
488 2250 610 2327 erupit,
633 2265 692 2327 qua
714 2266 775 2308 uon
797 2249 870 2310 sinit
890 2251 935 2309 ire
958 2245 1119 2330 sacerdos,

251 2334 393 2396 Protinus
415 2336 485 2397 huic
509 2335 621 2416 dempti
643 2338 776 2396 criminis
797 2338 862 2416 ipsa
884 2353 935 2396 rea
958 2343 1020 2396 est.

251 2421 314 2484 Nec
337 2431 437 2484 tamen
459 2432 506 2485 est
528 2423 643 2484 lacinus
655 2471 665 2505 ,
687 2440 792 2484 versus
815 2423 950 2485 evolvere
973 2423 1089 2505 mollis,

252 2510 344 2572 Multa
366 2510 437 2572 licet
459 2520 557 2572 castae
580 2512 796 2572 nonfacienda
818 2510 937 2590 legant.

253 2598 347 2678 Saepe
371 2599 524 2679 supercilii
546 2597 641 2661 nudas
663 2608 798 2660 matrona
820 2601 918 2662 severi

187 2685 432 2749 ³10Etveueris
455 2687 561 2749 stantis
583 2687 620 2747 ad
643 2704 737 2767 genus
760 2705 847 2749 omne
870 2687 970 2750 videt.

253 2774 385 2856 Corpora
407 2773 539 2836 Vestales
562 2774 642 2836 oculi
663 2778 832 2837 meretricia
855 2782 1000 2857 cernunt,

252 2862 314 2925 Nec
337 2862 456 2924 domino
479 2880 592 2943 poenae
614 2881 664 2924 res
687 2882 721 2925 ea
744 2882 833 2926 causa
855 2864 928 2925 luit.

253 2951 290 3013 lt
313 2968 367 3013 cur
389 2952 420 3012 ln
444 2960 546 3012 nostra
568 2953 658 3013 nimia
682 2959 728 3012 est
749 2951 868 3014 lascivia
890 2950 992 3031 llusa,

252 3039 349 3100 Curre
372 3057 456 3100 meus
480 3040 618 3119 culquam
642 3039 747 3101 suadet
769 3057 866 3101 amare
889 3034 992 3101 liber?

186 3139 238 3190 eto
252 3126 300 3188 Nll
323 3127 381 3188 nlsl
404 3137 559 3207 peceatum
582 3128 797 3208 manilestaquo
820 3126 907 3207 culpa
929 3125 1045 3189 tamuda
1069 3135 1136 3190 est:

252 3214 387 3276 Paenitet
409 3216 521 3294 ingenii
543 3215 705 3295 iudiciique
728 3219 804 3279 mei.

253 3302 314 3364 Cur
337 3321 397 3364 non
421 3303 566 3382 Argolicis
588 3305 688 3382 potius
712 3322 788 3384 quae
811 3302 941 3365 concidit
963 3303 1052 3363 armis

253 3390 361 3452 Vexata
385 3400 431 3453 est
453 3394 563 3454 iterum
587 3394 717 3453 carmine
740 3393 829 3454 Troia
850 3387 944 3453 men?

253 3476 314 3540 Cur
337 3481 417 3541 tacui
439 3479 556 3540 Thebas
579 3487 610 3541 et
633 3479 756 3541 vulnera
778 3488 880 3541 mutua
904 3480 1048 3558 fratrum,

187 3575 240 3628 tto
253 3563 293 3628 Et
315 3572 430 3645 septem
453 3576 554 3647 portas
566 3613 577 3649 ‚
599 3566 656 3628 sub
679 3567 755 3629 duce
780 3585 927 3648 quamque
950 3562 1032 3630 suo?
