2467 4042
433 234 680 301 v11‚119-1o1.
796 255 885 292 mn
998 239 1057 306 131

132 400 236 463 lleros
258 401 405 464 Aesonius
427 404 564 483 potitur.
595 401 750 483 apolloque
772 404 922 484 superbus

133 489 272 552 Muneris
296 500 450 553 auctorem
472 509 597 572 secum,
620 491 714 572 spolia
736 490 828 554 altera
840 540 850 576 ,
872 500 995 573 portans

133 578 240 641 Victor
261 578 405 641 Iolciacos
427 581 526 660 tetigit
548 597 617 642 oum
640 582 766 660 coniuge
788 588 911 662 portus.

183 666 362 730 Haemoniae
385 675 495 730 matres
517 686 573 749 pro
596 669 693 747 gnatis
715 668 793 731 iona
815 671 945 750 receptis

57 767 118 819 loo
133 755 363 836 Grandacriquc
386 756 489 819 ierunt
509 764 634 837 patres,
657 765 856 838 congestaque
879 758 996 820 llamma

133 844 219 906 Tura
241 844 436 924 liquefaciunt
448 892 457 928 ,
480 846 661 926 inductaque
684 845 826 908 cornibus
849 863 956 908 aurum

134 931 263 995 Victima
286 943 356 995 rota
378 933 464 995 litat.
492 933 544 995 sed
567 932 652 995 abest
673 933 860 1013 gratantibus
882 935 999 1016 Aeson,

137 1021 202 1083 lam
223 1023 347 1102 propior
369 1021 429 1084 icto
453 1022 610 1100 lassusque
633 1021 778 1084 senilibus
800 1024 902 1084 annis.

137 1110 215 1170 Cum
238 1105 282 1172 sib
303 1109 490 1172 Ausonides:
512 1106 542 1170 ‘o
565 1111 615 1170 cul
637 1109 747 1173 debora
771 1110 896 1173 salutem

63 1209 118 1259 iao
135 1197 313 1279 Confiteor,
335 1200 488 1279 conium,
509 1215 688 1279 quamquam
709 1198 784 1260 milri
806 1207 914 1261 cuncta
935 1198 1061 1283 dodoci,

135 1285 333 1365 Excessitqua
356 1287 445 1349 fldem
466 1288 643 1348 meritorum
666 1295 942 1354 summatnorum:

137 1373 172 1436 Si
195 1382 293 1435 tamen
311 1373 369 1435 boc
390 1385 540 1455 possunt,
567 1406 610 1419 —
639 1375 711 1453 quid
738 1376 818 1437 enim
847 1394 907 1438 non
930 1379 1060 1439 cumina

847 1461 1000 1544 possunt?
1016 1498 1060 1510 -

136 1549 230 1612 [ieme
252 1552 435 1613 meisannis
447 1599 457 1632 ,
480 1560 512 1614 et
533 1551 672 1633 demptos
694 1552 768 1616 adde
791 1548 938 1633 parenti?

136 1638 201 1700 Nec
223 1640 320 1701 tenuit
342 1637 500 1701 lacrimas.
527 1648 607 1702 mota
630 1649 677 1703 est
698 1642 810 1721 pietate
832 1643 981 1723 rogantis,

68 1740 122 1790 tro
135 1725 377 1807 Dissimilemquo
398 1729 529 1790 animum
552 1728 645 1791 subiit
666 1727 758 1792 laeta
779 1728 919 1791 relictus.

136 1815 201 1877 Nec
225 1825 323 1878 tamen
345 1816 470 1879 allectus
492 1815 566 1878 tales
589 1817 726 1879 confessa
749 1813 854 1896 ‘quod’
876 1819 974 1898 inquit

141 1899 271 1965 ‘Excidit
284 1921 338 1965 ore
355 1912 408 1966 tuo
421 1951 431 1986 ,
449 1907 580 1967 coniunx
592 1953 602 1987 ,
620 1902 750 1968 melus?
768 1924 840 1987 crgo
853 1924 909 1987 ego
922 1908 1060 1987 cuiquam

136 1991 229 2054 Posse
252 2000 321 2054 tuae
344 1990 446 2054 videor
468 1995 597 2074 spatium
620 1992 820 2057 transcribere
842 1992 946 2057 vitae?

137 2079 200 2141 Nec
223 2082 301 2142 sinat
322 2079 379 2142 boc
393 2079 526 2163 Hecate,
548 2100 604 2145 nec
626 2091 661 2145 tu
683 2085 763 2163 petis
776 2100 892 2163 aequa.
919 2082 972 2145 setl
985 2086 1059 2165 isto,

73 2179 123 2229 iro
139 2167 226 2239 Quod
243 2170 344 2252 petis,
367 2171 505 2249 experiar
527 2171 623 2232 maius
646 2170 717 2233 dare
739 2189 872 2254 munus,
894 2168 997 2234 lason.

138 2259 212 2319 Arte
234 2274 300 2318 mea
322 2259 420 2319 soceri
442 2257 564 2339 longum
586 2258 797 2339 temptabimus
819 2278 941 2341 aerum,

137 2342 205 2406 Non
228 2347 313 2407 annis
334 2362 479 2408 renovare
500 2347 584 2428 tuis3
605 2346 694 2409 morlo
718 2347 783 2409 allva
805 2348 950 2410 triformis

137 2432 265 2495 Adiuret
286 2441 318 2495 ot
338 2451 481 2514 praesens
503 2434 676 2515 ingentibus
698 2444 810 2498 annuat
832 2432 943 2498 ausis!

137 2520 215 2584 Tres
236 2520 360 2584 aberant
381 2530 485 2585 noctes
497 2570 508 2605 ,
521 2532 565 2586 ut
586 2542 699 2586 cornua
721 2532 783 2587 tota
807 2526 923 2586 cobent

75 2621 123 2672 rso
137 2608 360 2690 liliioerentquc
383 2610 509 2673 orbem.
535 2620 694 2692 postquam
715 2613 888 2693 plenissima
911 2612 994 2675 lulsit

138 2699 182 2760 Ac
204 2697 297 2760 solida
321 2707 416 2760 terras
439 2702 583 2779 spectarit
604 2701 733 2780 imagine
755 2701 844 2784 luna,

136 2785 299 2867 Egreditur
316 2789 403 2849 tactis
425 2795 523 2849 vestes
545 2787 649 2850 induta
671 2790 836 2870 recinctas,

137 2874 223 2937 Nuda
245 2874 374 2958 pedem,
396 2875 484 2937 nudis
506 2893 628 2937 umeros
649 2878 749 2939 inlusa
771 2876 902 2960 capillis,

136 2962 268 3043 Fertque
291 2981 379 3043 vagos
401 2963 514 3025 mediae
536 2982 592 3045 per
614 2973 697 3032 muta
718 2965 835 3028 aientia
858 2967 953 3027 noctis

75 3062 122 3113 ito
136 3052 312 3113 incomitata
333 3050 465 3132 gradus.
492 3052 629 3114 homines
651 3052 846 3134 volucresque
869 3054 1008 3133 ierasque

137 3138 273 3201 Solverat
294 3138 352 3202 alta
374 3141 482 3220 quies:
503 3140 586 3203 nullo
609 3159 678 3203 cum
700 3160 853 3204 murmure
876 3160 998 3224 saepes,

136 3228 329 3309 lnmotaequc
352 3227 442 3290 silent
463 3228 607 3310 irondes3
631 3228 699 3293 silet
719 3229 839 3292 umidus
861 3235 931 3293 aar:

137 3315 242 3379 Sidera
265 3316 327 3379 sola
348 3319 460 3379 micant
473 3364 481 3379 .
494 3316 531 3379 ad
554 3335 630 3396 quae
653 3336 707 3380 sua
729 3317 866 3381 bracchia
888 3319 1015 3381 tendens

136 3404 197 3466 Ter
219 3422 253 3467 so
275 3407 444 3487 convertit,
466 3410 515 3467 ier
536 3407 664 3486 sumptis
686 3407 807 3469 linmlne
831 3408 944 3470 crinem

77 3506 123 3557 teo
136 3493 283 3565 lnroravit
304 3496 412 3575 aquis,
435 3495 589 3574 ternisque
611 3494 773 3558 ululatibus
795 3513 847 3557 ora

137 3579 254 3664 Solvit,
276 3584 360 3644 etin
382 3582 456 3645 dura
479 3584 637 3645 summisso
659 3583 771 3666 poplite
793 3592 873 3646 terra

809 3690 825 3738 a
