2467 4042
146 273 190 340 86
563 274 734 326 rnmmuu

235 438 332 519 Vitis,
354 445 385 500 et
406 436 522 499 incluso
543 436 631 517 plena
653 438 693 498 sit
714 454 771 498 uva
793 455 894 519 mero3

237 527 287 588 Sic
309 524 364 587 tihi
386 543 456 587 cum
477 524 597 586 bacchis
620 532 785 605 satyrorum
808 543 900 604 gnava
921 526 1057 587 iuventus

234 615 315 676 Assit
326 660 336 695 ‚
359 622 390 676 et
412 616 536 674 attonito
559 631 620 674 non
642 621 759 674 taceare
780 629 873 695 sono;

236 702 309 764 Ossa
332 701 511 781 bipenniferi
533 703 576 762 sic
599 703 660 762 sint
682 700 757 762 male
779 718 883 781 pressa
904 698 1048 784 Lycurgi,

187 802 222 851 40
236 790 328 870 lmpia
350 807 406 851 nec
428 807 524 869 poena
545 788 695 851 Pentheos
717 788 823 850 umbra
844 798 949 869 vacet3

237 878 287 939 Sic
309 881 399 939 micet
421 884 576 939 aeternum
597 879 753 956 vicinaque
775 875 873 939 sidem
895 879 993 938 vincat

237 966 377 1045 Coniugis
399 966 431 1026 ln
454 963 535 1026 caelo
558 965 637 1026 clara
659 983 769 1026 corona
790 963 877 1026 tuael

237 1053 303 1114 lluc
326 1053 396 1113 ades
419 1060 449 1113 et
472 1070 559 1114 casus
580 1053 717 1133 releves,
738 1053 961 1135 pulcherrime,
983 1061 1118 1137 nostros,
1231 1097 1232 1108 a

235 1141 333 1203 Unum
356 1140 393 1201 de
415 1157 539 1201 numero
561 1158 610 1201 me
633 1158 747 1202 memor
769 1159 835 1202 esse
858 1140 929 1202 tuol

188 1240 222 1291 45
237 1229 313 1290 Sunt
336 1229 382 1289 dis
403 1230 483 1289 inter
505 1246 538 1289 se
560 1231 759 1291 commercia.
794 1229 915 1290 flectere
938 1236 1048 1309 tempta

236 1315 412 1378 Caesareum
434 1334 546 1378 numen
567 1320 690 1378 numine
701 1363 711 1398 ‚
734 1315 871 1398 Bacche,
893 1315 963 1379 tuol

236 1404 295 1466 Vos
317 1422 458 1484 quoque,
482 1413 637 1467 consortes
660 1404 844 1486 studii‚-pia
866 1404 975 1486 turha,
996 1413 1120 1490 poetae,

235 1489 314 1554 llaec
337 1492 440 1553 eadem
463 1501 581 1572 sumpto
604 1496 731 1573 quisque
754 1501 855 1573 rogato
879 1492 979 1555 merol

235 1582 332 1661 Atque
354 1579 462 1660 aliquis
483 1589 638 1662 vestrum,
661 1580 786 1642 Nasonis
808 1583 928 1643 nomine
951 1579 1047 1663 dicto,

188 1664 260 1748 oo†
281 1670 416 1749 Apponat
437 1668 566 1729 lacrimis
588 1669 693 1749 pocula
716 1671 807 1730 mixta
829 1671 909 1752 suls,

235 1756 470 1836 admonitusque
493 1757 552 1817 mei
564 1804 573 1839 ,
596 1773 666 1819 cum
688 1759 933 1837 circumspexerit
955 1773 1078 1840 omnes,

236 1844 319 1905 Dicat
342 1840 412 1904 ‘Ubi
433 1853 480 1905 est
501 1846 597 1905 nostri
620 1863 688 1925 pars
709 1845 798 1906 modo
820 1844 898 1905 Naso
921 1840 1041 1906 choril'

236 1931 328 2011 ldque
350 1934 413 2013 ita,
437 1935 463 1992 si
484 1940 616 1993 vestrum
640 1934 736 1994 merui
758 1933 886 1994 candore
908 1932 1059 2016 favorem,

235 2018 380 2098 Nullaque
402 2019 511 2081 iudicio
534 2018 634 2081 littera
656 2019 734 2082 laesa
756 2039 822 2081 meo
846 2028 908 2104 est,

188 2120 220 2168 cs
236 2107 290 2188 Si,
313 2114 446 2168 veterum
469 2107 557 2187 digne
579 2125 706 2170 veneror
729 2126 797 2169 cum
820 2110 930 2188 scripta
952 2110 1091 2171 virorum
1098 2154 1110 2192 ,

234 2194 371 2256 Proxima
394 2213 454 2256 non
476 2195 534 2256 illis
558 2213 624 2257 esse
646 2199 760 2257 minora
782 2214 868 2256 reor.

236 2281 286 2343 Sic
309 2285 400 2362 igitur
423 2284 526 2344 dextro
550 2283 663 2345 faciatis
685 2283 819 2363 Apolline
842 2281 978 2345 carmenl

235 2369 320 2442 Quod
343 2370 413 2433 licet
424 2417 434 2453 ‚
456 2374 610 2434 intervos
634 2390 742 2433 nomen
764 2371 870 2433 habete
892 2368 1007 2434 meuml

616 2563 677 2640 IV.

236 2720 336 2783 Litore
360 2722 396 2783 ab
418 2721 534 2783 Euxino
558 2721 684 2784 Nasonis
706 2721 936 2803 epistularem,

235 2808 384 2889 Lassaque
407 2811 483 2871 lacta
506 2812 581 2871 mari
602 2810 738 2889 lassaque
760 2812 837 2872 lacta
859 2811 923 2891 ria,

237 2897 296 2970 Qui
318 2896 391 2958 milri
413 2897 489 2958 llens
507 2897 581 2960 dixit
604 2894 684 2980 Ἥ,
707 2900 757 2961 cui
779 2898 849 2959 licet
861 2945 870 2980 ,
893 2898 991 2978 aspice
1014 2896 1186 2963 Romami

237 2983 303 3046 Heu
326 2994 436 3064 quanto
460 2985 564 3047 melior
587 3003 653 3047 sors
675 2994 726 3048 tua
749 2993 830 3048 sorte
853 3002 918 3046 mea
940 2979 1016 3047 estl'

202 3071 327 3136 aFlons
354 3090 473 3153 quoque
500 3091 547 3135 me
577 3076 718 3155 scripsit.
760 3091 816 3135 nec
848 3089 905 3153 qaus
936 3071 1114 3158 signabar,
1149 3075 1192 3139 ad

784 3178 818 3223 os
840 3170 887 3222 est

235 3249 334 3330 Ante,
358 3249 410 3311 sed
433 3249 469 3310 ad
493 3249 624 3312 madidas
647 3267 761 3330 gemma
784 3250 875 3311 relata
897 3265 1004 3329 genas.

236 3335 388 3398 Tristitiae
412 3355 529 3399 causam
554 3340 647 3417 siquis
671 3354 852 3418 cognoscere
875 3338 1010 3419 quaerit,

238 3421 363 3491 Ostendi
386 3425 478 3487 solent
500 3426 630 3506 postulat
651 3426 701 3487 ille
725 3425 799 3507 sibi,

237 3508 299 3571 Nec
322 3512 457 3574 frondem
479 3515 510 3575 in
534 3514 637 3595 silvis,
660 3531 715 3575 uec
738 3523 841 3595 aperto
862 3513 960 3575 mollio
982 3522 1088 3594 prato

180 3606 225 3669 xtu
240 3594 399 3680 Gramina,
422 3619 478 3662 nec
500 3602 588 3681 pleno
610 3601 732 3664 llttntino
755 3604 852 3666 cernit
874 3618 997 3683 aquam3
