2467 4042
165 310 215 351 vm

167 448 210 503 Ex
221 447 284 503 cod.
299 445 456 519 Sipsisque
474 447 535 503 eius
553 447 815 519 interpolationibus
833 465 938 522 magna
953 467 1020 523 pars
1034 452 1213 523 vulgarium

168 532 300 591 ibrorum
316 530 458 603 profluxit.
477 531 554 588 Duos
569 537 676 589 tantmn
692 532 778 588 libros
796 534 863 590 novi
880 536 916 590 ab
928 534 1041 591 Heinsio
1058 536 1132 591 olim
1153 536 1212 592 ad-

166 615 283 685 hibitos,
299 617 346 686 qui
359 622 473 688 praeter
483 615 527 673 PS
544 616 572 672 in
590 633 707 673 censum
719 617 816 673 venire
831 620 957 690 possint,
973 620 997 676 si
1013 620 1120 691 reperti
1141 622 1212 676 fue·

166 701 230 758 rint.
251 700 462 757 Arundelianus
478 702 606 773 proxime
622 700 659 757 ad
675 702 817 758 Paccedit
827 703 851 757 ll
867 706 894 772 6,
909 706 999 772 3438,
1018 707 1066 770 193
1080 709 1129 773 10,
1150 708 1211 772 333

167 791 272 856 11,1o,
289 786 429 841 Palatinus
440 785 512 854 1118,
528 793 556 845 1=
573 792 691 857 uterque
706 786 778 857 1118,
789 790 832 845 58.
855 788 972 843 alterum
983 787 1134 860 sequimur
1154 790 1211 859 16,

168 872 214 939 17,
230 869 253 925 ll
270 873 358 939 1,15,
374 872 492 925 alterum
502 870 538 925 Ill
548 874 574 939 t,
584 874 630 930 19.

251 954 438 1025 Epistolarum
456 972 527 1012 vero
546 954 675 1010 recensio
692 960 749 1010 tota
765 954 872 1027 pendet
889 972 925 1011 ex
942 955 997 1011 PG.
1019 955 1078 1012 Nec
1090 956 1113 1011 G
1127 973 1171 1013 ex
1187 959 1209 1013 P

167 1038 380 1110 transierimus,
395 1037 448 1094 sed
466 1055 502 1095 ex
519 1038 675 1111 archetypo
692 1037 762 1094 locis
782 1040 922 1095 nonnullis
933 1040 1015 1112 peius
1030 1040 1087 1096 iam
1098 1040 1209 1098 habito

167 1127 195 1178 et
213 1122 382 1191 oblitterato,
396 1122 459 1178 aliis
476 1123 668 1180 emendatiore
684 1127 731 1179 aut
742 1139 819 1180 verr.
834 1124 978 1196 scripturis
991 1125 1141 1180 instructo.
1168 1126 1209 1181 de

167 1205 369 1279 orthographia
383 1207 455 1263 inha
472 1207 587 1264 dicetur.
610 1208 788 1280 Interpclatio
806 1208 892 1279 paulo
910 1224 994 1279 quam
1010 1209 1039 1263 in
1057 1205 1077 1263 S
1095 1210 1207 1266 mode-

167 1291 261 1345 ratior.
283 1291 309 1344 V
320 1293 354 1348 96
366 1290 625 1365 Consukdumquh
634 1307 713 1359 erus,
727 1292 766 1345 Vl
781 1295 833 1349 103
840 1292 1130 1364 dimissionem,
1150 1299 1209 1353 146

167 1374 279 1444 Perfide
289 1391 341 1447 quo
350 1378 450 1448 pretio,
463 1376 513 1430 Vll
524 1381 556 1435 17
558 1380 575 1435 9
585 1377 650 1432 dum
659 1375 735 1448 sorte
744 1380 872 1447 tepescat,
884 1376 947 1431 Vlll
958 1378 993 1435 77
1003 1394 1049 1432 au.
1057 1376 1209 1451 flebatque

166 1473 260 1522 soror,
277 1458 336 1526 Xll,
347 1462 382 1517 19
388 1464 474 1531 poter
483 1466 560 1529 oeta,
576 1460 915 1529 84arhiherundedem,
929 1460 1054 1520 11111187
1067 1460 1209 1518 Troadas

166 1544 289 1613 mrsideo,
311 1543 376 1609 XVI
392 1546 444 1601 181
461 1561 517 1601 non
536 1550 598 1600 erat
612 1547 675 1617 ipsso
690 1560 745 1601 ma
763 1560 805 1616 pr.
820 1546 899 1617 ipseo
918 1562 972 1600 me
991 1560 1050 1600 sec.
1078 1545 1207 1602 Praelu-

167 1627 236 1682 dunt
251 1625 324 1684 haec
336 1628 458 1698 quodam
473 1630 558 1685 modo
571 1644 604 1684 ac
614 1628 743 1701 proxime
754 1628 894 1684 accedunt
905 1629 944 1685 ad
955 1629 1030 1683 illam
1042 1628 1207 1701 interpola·

165 1711 285 1781 tionem,
308 1727 381 1783 quae
399 1729 474 1769 saec.
491 1712 541 1768 Xll
564 1729 600 1768 ex
620 1712 847 1784 interpretatione
869 1712 1037 1768 scholastica
1058 1715 1208 1786 prolecta,

165 1801 315 1868 postquam
332 1798 418 1854 libros
435 1797 558 1869 reliquos
575 1814 675 1853 omnes
692 1796 809 1865 insedit,
826 1797 996 1854 redundavit
1006 1796 1034 1852 in
1044 1797 1065 1851 P
1076 1798 1208 1855 meliore

167 1882 312 1953 exsculpta
328 1881 481 1954 scriptura,
500 1887 528 1938 et
538 1881 567 1937 in
578 1881 600 1936 G
611 1881 731 1953 margini
742 1880 886 1954 adscripta
902 1882 1013 1954 legitur.
1036 1878 1096 1936 Sed
1107 1898 1147 1938 ea
1160 1884 1206 1939 in·

166 1966 312 2037 terpolatio
335 1971 419 2038 atque
443 1982 478 2023 ea
500 1967 635 2023 librorum
653 1965 749 2031 lectio,
775 1965 889 2022 sibene
905 1966 1034 2036 memini,
1054 1981 1206 2037 nusquam

166 2051 315 2121 quicquam
330 2051 443 2123 protulit
460 2057 507 2107 aut
523 2052 656 2107 intactum
673 2049 796 2121 reliquit,
814 2050 955 2122 quodnisi
971 2050 1131 2122 imperitum
1145 2054 1207 2108 cri·

165 2134 250 2189 ticum
259 2139 396 2206 temptare
407 2136 505 2207 possit.
521 2134 572 2191 Est
579 2138 728 2206 praeterea
739 2135 855 2190 alterum
868 2151 958 2207 genus
968 2136 1103 2190 librorum
1114 2136 1207 2192 adul·

165 2222 332 2290 tenatorum,
356 2219 433 2290 quod
449 2218 527 2275 haud
549 2220 635 2291 longe
654 2220 735 2275 abest
753 2235 770 2274 a
788 2219 933 2275 conatibus
952 2219 1098 2276 doctorum
1116 2235 1206 2278 saec.

164 2301 238 2371 XVl,
251 2303 298 2374 qui
310 2304 444 2375 epistolas
455 2320 547 2376 paene
553 2308 631 2369 ,tous
642 2302 846 2360 confinxerunt
865 2303 894 2359 in
904 2304 938 2359 iis
950 2304 1042 2373 libris,
1057 2302 1106 2374 qui
1116 2319 1205 2362 saec.

165 2386 227 2441 Xlll
247 2403 311 2443 esse
329 2390 468 2459 teruntur,
484 2393 649 2445 retractatur
667 2389 728 2444 tere
744 2388 823 2460 prior
839 2393 956 2459 utraque
973 2387 1154 2459 interpolatio
1176 2398 1206 2447 et

166 2487 268 2528 versus
282 2471 392 2528 insiticii
411 2478 558 2544 augentur,
574 2472 708 2541 thtlaa,
720 2472 791 2543 11111,
802 2475 852 2533 76ι
869 2473 907 2529 ita
924 2471 1063 2528 distichon
1075 2470 1139 2526 VllI
1155 2479 1205 2543 19,

166 2561 200 2614 11
211 2555 258 2611 ubi
270 2558 380 2614 correxi
391 2555 425 2614 Si
431 2572 484 2630 pro
496 2557 551 2624 Sit,
569 2559 696 2630 exemplo
706 2557 830 2614 intellexi
840 2563 871 2613 ut
880 2556 963 2617 Trist.
974 2557 1012 2612 Ill
1023 2556 1040 2611 7
1041 2598 1049 2625 ,
1060 2559 1105 2624 17,
1119 2556 1207 2628 foret

165 2645 195 2694 ut
210 2639 275 2695 Am.
292 2640 376 2713 1111,
394 2646 444 2712 18,
459 2643 548 2714 potuit
564 2642 731 2715 iampridem
747 2642 874 2714 spurium
893 2658 967 2698 esse.
989 2640 1034 2697 Ab
1051 2639 1204 2699 istisvero

165 2723 243 2779 libris
262 2725 361 2781 sedulo
378 2733 422 2782 est
437 2726 607 2784 cavendnm.
631 2725 768 2794 Quodnisi
785 2726 878 2782 codex
888 2725 995 2798 Regius
1006 2724 1205 2783 lleinsiilocis

166 2808 271 2880 aliquot
281 2816 395 2882 praeter
405 2811 490 2867 modo
503 2810 608 2881 dictos,
627 2811 687 2882 Vll,
699 2814 750 2870 147
756 2853 765 2881 ,
777 2810 852 2867 VlllI
861 2811 930 2880 init,
944 2814 978 2868 55
990 2816 1018 2866 el
1027 2810 1205 2868 Erfurtanus

165 2892 304 2954 Vlll1141
316 2895 422 2951 fraudis
433 2895 572 2952 manifesti
590 2901 700 2964 essent,
712 2901 823 2968 poterat
838 2895 877 2950 illi
896 2894 969 2951 fides
985 2893 1084 2950 haberi
1099 2893 1135 2949 de
1155 2896 1203 2952 la-

166 2993 239 3033 cuna
249 2979 277 3033 in
288 2977 346 3034 fine
355 2995 457 3037 versus
468 2979 518 3035 VH
528 2983 576 3047 97,
588 2979 654 3036 huic
665 2981 843 3053 inscriptura
854 2994 901 3036 rea
914 2981 977 3036 talu
986 2979 1025 3033 Vl
1037 2981 1097 3047 118,
1109 2993 1203 3050 quam

166 3078 252 3118 ausus
268 3080 332 3119 sum
348 3064 491 3137 recipere,
512 3064 541 3121 in
557 3065 672 3136 reliquis
689 3066 776 3121 multo
792 3064 939 3122 severiore
956 3079 1055 3119 norma
1071 3078 1153 3118 usus.

229 3147 370 3204 Hactenus
389 3150 426 3207 de
443 3149 539 3206 indole
557 3150 707 3221 librorum,
723 3149 785 3222 qui,
806 3150 896 3221 qualis
913 3149 996 3205 merit
1011 3148 1125 3205 saeculo
1143 3149 1202 3207 de-

166 3231 237 3287 cimo
258 3239 306 3288 aut
320 3250 395 3290 nono
412 3233 496 3290 huius
509 3238 611 3307 poetae
629 3234 757 3291 condicio
770 3239 798 3290 et
808 3234 950 3304 tractatio,
965 3236 1202 3291 commonstrant.

163 3314 214 3371 Est
224 3316 253 3372 id
266 3317 411 3374 dimidium
422 3319 486 3377 aevi
498 3318 574 3390 quod
587 3317 795 3389 intercucurrit,
810 3319 918 3389 eritque
929 3317 1044 3374 dimidia
1056 3318 1114 3373 iere
1125 3333 1202 3389 pars

164 3414 258 3456 rerum
276 3401 370 3458 adhuc
386 3404 665 3475 praetermissarum,
688 3419 761 3475 quae
784 3402 846 3459 sine
863 3402 1059 3460 controversia
1081 3416 1117 3457 ex
1138 3402 1202 3462 illis

163 3484 240 3541 hhris
252 3487 439 3560 redintegrari
449 3493 591 3561 poterunt.

227 3570 349 3627 Primum
361 3578 412 3643 est,
427 3588 462 3629 ne
473 3572 593 3646 posthac
604 3573 758 3644 ignoretur,
770 3572 817 3643 qui
828 3587 930 3629 versus
940 3570 1090 3642 ‘antiquitus
1100 3569 1200 3631 traditi
