2467 4042
474 205 510 257 11.
529 207 680 257 oen-toa.
731 235 736 243 ·
1014 201 1080 267 253

4 412 5 447 3
162 367 342 446 Terminus,
364 377 399 430 ut
421 376 538 433 veteres
560 376 726 431 memorant
738 413 747 446 ,
775 369 915 431 inventus
936 369 968 429 in
992 367 1080 449 aede,

94 468 147 517 oro
205 455 325 518 Restitit
348 465 378 517 et
400 474 598 536 magnorum
619 455 688 520 love
711 456 819 534 templa
843 465 942 519 tenet.

161 543 247 606 Nunc
271 563 389 624 quoque
402 593 411 626 ,
434 563 467 607 se
490 563 579 625 supra
603 563 641 605 ne
665 544 736 625 quid
760 547 818 607 nisi
841 545 938 607 sidera
961 554 1080 626 cernat,

205 631 352 712 Exiguum
375 633 477 712 templi
499 641 576 695 tecta
600 632 732 695 torarneu
755 632 881 695 babent.

162 720 323 801 Termine,
346 729 414 800 post
435 720 507 783 illud
531 721 635 787 levitas
657 721 711 783 tibi
733 720 827 783 libera
849 738 909 785 nou
933 730 992 783 est:

207 809 271 882 Qua
295 813 409 889 positus
433 812 528 872 tueris
547 811 579 875 iu
601 812 751 889 statione,
774 827 879 889 mase3

95 909 148 959 oto
163 894 224 959 Neo
248 906 280 959 tu
303 900 399 959 vicino
422 900 584 978 quicquam
604 897 739 963 concede
757 900 892 978 roganti,

206 984 249 1046 Ne
272 986 390 1048 videare
412 987 565 1049 tanmem
585 988 794 1067 praeposuisse
817 985 896 1047 lovi:

161 1073 200 1135 Et
222 1093 275 1135 seu
299 1074 489 1156 volueribus,
513 1093 568 1137 seu
591 1085 622 1139 tu
646 1075 804 1154 pulsabere
827 1076 949 1156 rastris,

201 1162 335 1225 blameto
359 1159 448 1229 ‘suus
471 1172 518 1225 est
540 1163 588 1241 bie
611 1181 706 1244 ager,
727 1163 777 1227 ille
799 1157 916 1227 tuusl''

162 1249 219 1311 Est
238 1254 306 1329 via,
329 1270 404 1331 quae
428 1252 570 1332 populum
592 1251 758 1315 Laurentes
781 1252 864 1317 dormi
886 1255 917 1317 io
941 1269 1045 1333 agros,

95 1350 148 1400 oso
208 1338 362 1410 Quondam
385 1339 533 1403 bermone
554 1358 648 1419 regna
667 1344 759 1419 petita
782 1340 868 1405 daei.

162 1425 213 1487 llla
236 1425 360 1505 lanigeri
382 1430 500 1506 pecoris
523 1426 598 1506 tibi,
621 1427 782 1508 Termine,
806 1428 889 1491 fibris

209 1513 299 1577 Sacra
321 1514 402 1577 videt
423 1515 489 1577 fieri
513 1522 616 1579 sextus
636 1515 673 1577 ab
698 1515 777 1577 Urbe
800 1516 892 1594 lapis.

165 1601 322 1680 [Gentibus
345 1612 392 1665 est
413 1604 478 1664 aliis
500 1602 592 1667 tellus
612 1602 678 1667 data
701 1603 794 1665 limite
817 1612 918 1665 certo:

207 1690 355 1755 Romanae
378 1694 507 1772 spatium
528 1700 576 1757 est
597 1690 686 1755 Urbis
709 1702 741 1755 et
761 1691 844 1755 orbis
865 1690 975 1769 idem]

409 1829 462 1893 24.
485 1827 514 1895 o
536 1827 746 1917 nuere-u

97 1967 148 2019 685
162 1957 247 2018 Nunc
271 1957 342 2018 mihi
363 1956 489 2021 dicenda
512 1965 558 2021 est
580 1960 661 2036 rogis
683 1959 773 2036 luga.
810 1960 899 2021 traxit
922 1956 958 2018 ab
981 1956 1030 2018 illa

208 2045 317 2108 Sextus
339 2045 376 2108 ab
398 2054 530 2109 extremm
554 2048 674 2109 numera
696 2064 798 2109 mense
822 2046 903 2107 dies.
979 2061 982 2066 ·

163 2131 270 2196 Ultima
293 2134 475 2214 Tarquinius
494 2134 645 2197 Romanae
667 2137 764 2213 gentis
788 2133 914 2197 babebat

204 2222 329 2305 Regna,
352 2226 396 2284 rir
419 2225 574 2305 iniustus,
593 2223 681 2287 fortis
703 2223 738 2285 ad
762 2240 844 2285 arma
866 2230 982 2285 tanen.
1048 2250 1050 2253 ·

162 2309 287 2391 Ceperat
309 2311 359 2372 bie
381 2311 475 2392 alias,
497 2312 568 2374 alias
591 2320 738 2373 everterat
761 2311 869 2392 urbes,
1038 2324 1081 2375 (⁰⁵)

98 2411 149 2461 oto
208 2399 245 2460 Et
268 2398 380 2462 Galtios
399 2403 479 2479 turpi
503 2401 614 2465 iecerat
637 2410 702 2463 arte
723 2417 811 2463 suos.

162 2487 294 2571 Namque
317 2490 408 2551 bium
431 2490 592 2569 muitum,
616 2488 715 2568 proles
738 2488 895 2551 manifesta
918 2485 1063 2568 Superbi,

207 2575 242 2639 ln
263 2576 378 2641 medios
400 2576 502 2641 bottas
526 2586 612 2641 noete
636 2577 742 2641 sitente
764 2580 861 2641 uenit.

161 2664 315 2729 Nudarant
336 2665 471 2746 gbdios:
504 2660 662 2731 ‘ooeidit‘e'
686 2665 760 2729 disit
783 2660 960 2746 ‘intormem

205 2753 271 2817 lloo
292 2758 415 2837 cupiant
435 2757 547 2819 tratres
566 2755 806 2834 Tarquiniusque
828 2765 932 2835 pater,

97 2854 147 2905 oto
161 2842 219 2915 Qui
241 2861 307 2909 ntea
330 2844 446 2907 erudeli
466 2845 609 2907 lacerarit.
628 2843 752 2906 verbere
775 2838 892 2923 terga.'

205 2932 310 2995 llieere
333 2942 368 2995 ut
390 2933 447 2997 boa
470 2944 597 3014 posset,
616 2932 741 2995 verbera
764 2950 870 3013 passus
893 2939 977 2993 erat.

162 3017 244 3081 Luna
267 3022 341 3082 tuit:
373 3029 509 3100 spectem
530 3025 691 3102 irruerem,
708 3021 881 3099 gladiosque
900 3019 1081 3100 recondunt,

206 3106 382 3187 Tergaque,
406 3107 532 3171 demetr
554 3117 659 3187 veste,
682 3116 785 3170 notata
805 3107 923 3169 uident:

161 3192 248 3256 Flent
266 3213 404 3275 quoque,
424 3204 454 3255 et
472 3203 506 3256 ut
525 3214 627 3256 secum
649 3203 769 3256 tueatur
787 3194 884 3274 bella,
903 3204 1080 3275 precantur.

97 3294 148 3345 '100
206 3282 335 3345 Callidus
358 3286 469 3361 ignaris
493 3283 596 3345 adnuit
618 3283 667 3345 ille
690 3285 779 3345 viris.

160 3370 282 3451 lamque
303 3380 431 3451 potens,
455 3374 545 3435 misso
569 3375 734 3451 genitorem
758 3371 885 3451 appellat
907 3375 1019 3455 amico,

204 3459 353 3523 Perdendi
377 3460 484 3523 Gabios
508 3461 586 3540 quod
610 3459 668 3523 sibi
691 3470 837 3523 monstret
859 3464 934 3523 iter.

159 3548 271 3611 Hortus
293 3550 425 3612 odoratis
448 3548 571 3612 suberat
592 3549 774 3612 oultissimus
798 3549 917 3630 herbis,
