2467 4042
459 212 517 279 vl,
535 218 693 268 ecs—etl.
776 231 925 269 rmum
1016 213 1078 280 123

147 375 250 438 Nocte
274 388 359 440 sonat
381 377 525 459 Rhodope
547 377 705 441 tinnitibus
727 380 804 441 aeris
827 380 925 442 acutia

60 476 132 526 ⁶90
147 464 250 526 Nocte
274 485 327 528 sua
349 475 398 528 est
419 485 538 547 egressa
560 466 648 528 domo
671 469 773 548 regina
784 515 794 550 ,
817 468 924 547 deique

148 553 276 616 Ritlbus
297 557 481 638 instruitur,
503 555 678 635 furialiaque
702 558 809 636 accipit
831 573 929 618 arma:

150 641 222 702 Vite
245 651 337 723 caput
358 646 492 726 tegitur,
514 643 600 705 lateri
623 645 741 706 cervina
764 646 910 725 sinistro,

150 729 272 793 Vellera
294 730 484 812 dependent,
507 749 611 794 umero
634 731 708 794 levis
728 731 851 794 incubat
871 730 972 794 hasta.

151 817 280 880 Concita
301 837 357 900 per
379 819 468 881 silvas
490 818 577 882 turba
600 823 761 882 comitante
784 838 906 883 suarum

72 918 136 968 ⁶95
151 906 314 969 Terribilis
335 907 454 988 Progne
477 908 624 988 furiisque
647 910 754 988 agitata
777 908 905 989 doloris,

150 995 294 1078 Bacche,
316 1004 383 1058 tuas
405 996 545 1059 simulat.
573 999 655 1058 venit
677 996 713 1058 ad
727 996 842 1059 stabula
860 998 922 1060 arla
942 997 1078 1079 tandem,

149 1082 377 1165 Exululatque,
399 1085 555 1165 euhoeque
578 1093 686 1167 sonat,
707 1092 870 1165 portasque
892 1085 1030 1166 refringit

151 1171 392 1253 Germanamquc
414 1176 513 1256 rapit,
535 1181 697 1254 raptaeque
719 1175 846 1253 insignia
867 1173 976 1236 Bacchi

152 1260 279 1342 lndnit,
301 1269 332 1322 et
354 1261 453 1324 vultus
475 1261 654 1323 hederarum
677 1261 833 1324 frondibus
855 1261 953 1345 abdit,

76 1361 136 1410 eoo
151 1349 377 1428 attonitamque
400 1350 521 1412 trahens
543 1352 623 1412 intra
645 1368 699 1412 sua
720 1352 837 1412 moenie
860 1351 960 1412 ducit.

155 1436 196 1498 Ut
218 1439 313 1499 sensit
334 1441 467 1517 tetigisse
490 1439 610 1500 domum
632 1438 794 1500 Philomela
816 1438 990 1520 nefandam,

152 1525 281 1587 Horruit
302 1526 405 1588 infelix
426 1535 550 1607 totoque
574 1526 715 1606 expalluit
737 1544 807 1588 ore.

154 1614 248 1677 Nacta
269 1613 369 1676 locum
390 1615 508 1695 Progne
531 1634 686 1677 sacrorum
707 1617 832 1696 pignera
854 1616 963 1697 demit,

154 1701 275 1783 Oraque
299 1703 414 1765 develat
435 1706 562 1766 miserae
584 1703 757 1784 pudibunda
780 1707 911 1786 sororis,

83 1804 138 1853 eos
155 1791 361 1872 Amplexuquc
383 1794 480 1872 petit.
507 1793 560 1854 sed
582 1811 644 1854 non
667 1792 801 1854 attollere
824 1801 928 1854 contm

155 1880 293 1943 Sustinet
313 1880 387 1942 haec
410 1880 534 1963 oculos,
556 1881 661 1961 paelex
683 1881 741 1942 sibi
762 1883 825 1944 visa
846 1882 977 1944 sororina

155 1968 336 2047 Deiectoque
358 1971 390 2030 in
412 1968 536 2031 humum
559 1969 643 2032 vultu
665 1970 765 2033 iurare
787 1969 898 2032 uolenti

155 2056 332 2136 Testarique
355 2057 450 2139 deos,
471 2076 526 2138 per
548 2060 608 2119 vim
631 2057 689 2119 sibi
711 2057 841 2120 dedecus
863 2057 936 2120 illud

157 2145 296 2226 illatum,
318 2163 373 2225 pro
396 2163 469 2208 voce
492 2164 597 2208 manus
620 2147 698 2208 fuit.
726 2146 832 2229 ardet,
855 2148 982 2208 stiram

88 2247 142 2296 etc
156 2233 223 2295 Non
245 2237 325 2314 oapit
346 2236 410 2313 ipsa
433 2252 516 2296 sumu
538 2234 681 2315 Progne,
701 2234 865 2313 fletumque
887 2236 999 2295 sororis

157 2322 329 2402 corripiens
352 2318 424 2383 ‘non
447 2331 494 2384 est
515 2323 645 2385 lacrimis
667 2318 736 2385 boc'
759 2324 857 2402 inquit
879 2317 1053 2402 ‘agendum,

157 2409 217 2472 Sed
238 2411 343 2491 ferro,
365 2411 417 2471 sed
439 2411 537 2490 siquid
559 2411 652 2473 habas
664 2459 674 2494 ,
697 2411 776 2491 quod
798 2413 917 2472 uincere
939 2411 1053 2472 ferrum

156 2498 278 2561 Possit.
304 2500 337 2560 lu
359 2516 447 2560 omne
470 2500 554 2561 nefas
576 2519 632 2580 ego
655 2516 703 2561 me
715 2547 726 2582 ,
748 2516 887 2579 germana
898 2546 909 2581 ,
931 2501 1047 2579 paravi.

154 2589 215 2649 Aut
237 2605 316 2668 ego,
338 2605 407 2648 cum
429 2587 543 2651 facibus
565 2589 675 2668 regalia
697 2595 776 2649 tecta
798 2605 951 2668 cremare,

90 2689 140 2738 erc
155 2675 308 2737 Artificem
330 2675 436 2737 mediis
457 2678 605 2738 inmittam
627 2676 722 2738 Perea
744 2675 886 2758 flammis,

155 2765 215 2825 Aut
236 2764 367 2843 linguam
389 2773 442 2826 aut
463 2764 566 2826 oculos
585 2774 616 2826 et
630 2783 705 2844 quae
719 2764 774 2826 tibi
788 2764 921 2826 membra
933 2764 1079 2845 pudorem

155 2851 373 2933 Abstulerunt,
395 2852 475 2914 ferro
498 2856 633 2937 rapiam,
656 2860 708 2915 aut
728 2871 783 2933 per
805 2853 928 2915 vulnera
950 2853 1029 2915 mille

156 2939 281 3003 Sontem
303 2942 430 3002 animam
452 2941 618 3021 expellam.
647 2958 786 3020 magnum
809 2942 1017 3021 quodcumque

961 3048 1079 3110 paren:

155 3117 235 3189 Quid
257 3120 319 3201 sit,
341 3118 438 3180 adhuc
460 3117 564 3181 dubito
579 3113 599 3180 .'
626 3122 742 3199 peragit
764 3118 835 3182 dum
853 3117 921 3180 talia
943 3117 1078 3200 Progne,

91 3219 141 3269 esc
155 3207 200 3267 nd
222 3215 349 3268 matrem
371 3205 509 3269 ueniebat
530 3206 613 3286 llys.
641 3208 713 3286 quid
730 3209 848 3288 possit,
870 3206 908 3267 ab
929 3205 980 3267 illo

154 3295 312 3356 Admonita
335 3303 402 3357 est.
430 3295 584 3375 cordisque
606 3304 695 3358 tuens
717 3295 871 3358 inmitibus
895 3290 923 3355 ‘a
935 3341 945 3376 ,
968 3312 1056 3376 mam

153 3383 195 3444 Es
218 3383 324 3444 similis
345 3379 452 3464 patril'
475 3384 571 3445 dixit.
598 3402 654 3445 nec
676 3384 762 3465 plura
785 3382 883 3446 locuta

85 3492 88 3499 ·
154 3472 254 3532 Triste
277 3480 363 3551 paret
384 3473 501 3533 facinus
523 3473 672 3552 tacitaque
695 3479 848 3534 exaestuat
869 3475 930 3534 ira.

154 3559 193 3622 lJt
216 3570 315 3623 umen
338 3562 465 3622 accemit
486 3568 595 3635 natus,
614 3563 761 3642 matrique
784 3560 910 3624 salutem
