2467 4042
160 226 225 292 124
322 244 471 282 remonte
572 223 752 282 ΜΕΤΑΜΜ.

182 403 233 455 ete
248 391 355 455 Attulit
367 439 377 474 ,
399 399 431 453 ct
451 392 549 472 parvis
573 391 695 453 adduxit
717 390 791 453 colia
813 392 950 475 lacertis,

247 481 395 561 Mixtaque
417 478 567 542 blanditiis
590 479 754 559 puerilibus
777 481 878 544 oscula
900 484 1013 564 iunxit,

247 569 326 631 licta
348 568 469 648 quidem
492 575 538 630 est
556 570 713 651 genetrix,
734 571 918 650 infractaque
947 574 1090 633 constitit
1119 573 1197 635 int

247 657 392 736 invitique
415 655 493 718 oculi
514 656 644 718 lacrimis
667 656 807 719 maduere
829 661 955 722 coactis.

249 745 308 807 Sed
331 745 419 806 simul
443 763 480 806 ex
502 747 593 806 nimia
615 753 744 807 mentem
767 748 877 827 pictate
899 745 999 809 lallare

182 846 234 896 aec
249 834 370 916 Sensit,
392 833 429 894 ah
451 833 509 895 hoc
531 835 640 896 iterum
667 842 714 896 est
740 833 776 896 ad
803 834 903 897 vultus
930 854 1017 897 versa
1041 840 1196 901 sororis:

249 922 343 1002 inque
365 925 461 983 vicem
483 929 632 1001 spectans·
644 921 746 984 amhos
769 918 836 984 ‘cnr
858 920 1005 986 admovet’
1028 927 1142 1006 lnquit

250 1007 343 1073 ‘diter
365 1009 543 1093 blanditias,
565 1019 649 1090 rapta
672 1011 741 1073 silet
761 1010 853 1073 altera
875 1009 1003 1092 lingua?

249 1100 345 1172 Quam
366 1108 452 1160 vocat
464 1098 513 1160 hic
526 1106 674 1181 matrem,
697 1117 752 1161 cur
774 1118 834 1161 non
848 1109 934 1162 vocat
946 1101 997 1162 illa
1010 1099 1194 1164 sororem?

250 1188 305 1250 Cui
328 1190 370 1249 sis
392 1194 506 1269 nupta,
528 1188 617 1269 vide,
640 1187 791 1249 Pandione
815 1186 904 1250 natal
926 1192 1033 1250 marito

184 1288 234 1339 oet
250 1272 447 1356 Degeneras?
470 1274 568 1338 scelus
590 1284 638 1337 est
659 1277 753 1356 pietas
776 1279 807 1337 in
830 1278 955 1358 coniuge
976 1275 1111 1339 Tereo?

249 1364 311 1426 Nec
333 1382 438 1445 mora,
460 1366 551 1425 traxit
571 1362 660 1447 ityn,
682 1364 775 1427 veluti
796 1364 955 1445 Gangetica
978 1384 1087 1428 cervae

249 1453 422 1515 lactentem
444 1452 538 1515 letum
559 1470 615 1532 per
638 1451 725 1514 siivas
748 1454 834 1532 tigris
856 1471 980 1534 opacas.

249 1541 347 1621 thue
370 1541 476 1602 domus
499 1540 573 1602 altae
596 1550 712 1620 partem
734 1549 858 1603 tenuere
881 1551 1042 1625 remotam,

250 1629 493 1710 Tendentemque
516 1646 622 1690 manus
644 1637 675 1690 ct
696 1631 754 1691 iam
777 1647 831 1691 sua
853 1630 911 1692 iata
933 1631 1086 1693 videntem

184 1729 236 1781 eto
250 1719 288 1779 Et
311 1714 440 1800 mater,
462 1713 569 1778 mater'
592 1717 767 1780 clamantem
790 1726 821 1779 et
843 1718 918 1780 colla
938 1728 1095 1800 petentem

249 1806 330 1869 Ense
353 1806 423 1868 ierit
444 1805 584 1887 Progne,
606 1804 693 1868 lateri
716 1824 774 1885 qua
796 1815 902 1886 pectus
925 1807 1086 1890 adhaeret,

251 1895 313 1957 Nec
334 1895 450 1957 vultum
472 1896 583 1956 vertit.
611 1896 683 1956 satis
705 1893 748 1956 illi
770 1894 807 1955 ad
830 1896 888 1956 iata
910 1895 956 1956 rel
979 1915 1076 1959 unum

250 1983 363 2045 Vulnus
386 1991 471 2044 erat:
494 1981 629 2062 iugulum
652 1983 732 2043 lerro
755 1982 916 2045 Philomela
938 1983 1080 2046 resolvit.

250 2072 380 2152 Vivaque
403 2070 499 2133 adhuc
522 2073 697 2151 animaeque
719 2070 829 2150 aliquid
857 2074 1016 2134 retinentia
1039 2073 1182 2136 membra

184 2171 237 2222 etc
250 2160 420 2241 ililaniant3
441 2177 511 2241 pars
533 2159 602 2221 inde
625 2161 704 2221 cavis
727 2159 839 2221 exultat
860 2162 958 2243 aenis,

250 2251 325 2312 Pars
346 2247 467 2310 veribus
490 2247 643 2309 stridunt:
665 2255 786 2309 manant
806 2249 969 2328 penetralia
992 2249 1080 2311 taho,

251 2337 304 2399 llis
327 2336 446 2398 adhibet
467 2338 596 2398 coniunx
618 2336 754 2415 ignarum
772 2335 866 2398 Terea
888 2340 1016 2418 mensis,

251 2426 289 2487 lit
311 2427 400 2506 patrii
421 2426 515 2486 moris
537 2442 656 2486 sacrum
678 2427 801 2486 mentita
813 2473 823 2505 ,
845 2426 924 2505 qnod
947 2428 1000 2487 uni

251 2514 307 2576 Fas
330 2515 370 2575 sit
391 2513 473 2575 adire
495 2514 581 2593 viro,
604 2513 729 2575 comites
751 2512 936 2593 famulosque
958 2517 1102 2577 removit.

185 2612 237 2665 eto
251 2603 318 2683 ipse
341 2601 449 2663 sedens
466 2600 540 2662 sollo
564 2600 679 2663 Tereus
702 2599 837 2663 sublimis
860 2604 937 2664 avito

252 2690 410 2773 Vescitur,
432 2692 523 2769 inque
547 2707 630 2751 suern
653 2707 707 2751 sua
729 2691 843 2751 viscera
866 2693 1001 2771 congerit
1021 2691 1137 2753 alvum.

252 2779 405 2858 Tantaque
428 2796 486 2840 nox
509 2780 599 2839 animi
622 2786 668 2840 cst
680 2825 689 2860 ,
713 2773 789 2858 ‘ityn
816 2778 876 2839 huc
903 2775 1059 2841 accersite'
1082 2776 1174 2843 dixit.

251 2866 443 2930 Dissimulare
466 2869 571 2946 nequit
592 2866 724 2928 crudelia
746 2865 851 2945 gaudia
873 2866 1008 2948 Progne:

254 2955 388 3036 [iamque
411 2973 483 3016 suae
506 2957 630 3035 cupiens
652 2956 780 3016 existere
803 2957 907 3016 nuntia
925 2955 1048 3037 cladis,]

186 3056 238 3106 aaa
253 3041 348 3106 ‘intus
370 3042 483 3125 habes,
509 3060 598 3123 wem
615 3038 727 3123 poscis'
750 3044 811 3104 ait.
839 3045 1041 3124 circumspicit
1064 3045 1132 3127 ille,

252 3135 349 3212 Atque
363 3130 415 3194 uhi
437 3134 498 3214 sit,
521 3132 659 3210 quaerit.
688 3133 843 3211 quaerenti
856 3133 1026 3212 iterumque
1039 3137 1175 3216 vocmtl,

254 3221 339 3283 Sicut
361 3229 425 3282 erat
447 3222 558 3300 sparsis
581 3218 680 3281 luriali
703 3218 793 3280 caede
816 3219 947 3300 capillis,

252 3308 418 3390 Prosiluit,
440 3308 579 3388 ityosqne
602 3315 692 3387 capnt
712 3305 873 3369 Philomela
896 3318 1055 3371 cruentum

253 3397 334 3458 Misit
355 3399 385 3459 in
409 3414 461 3458 ora
482 3398 598 3477 patris:
622 3412 678 3457 nec
700 3404 834 3477 tempore
856 3397 960 3458 maluit
982 3397 1043 3459 ullo

187 3497 240 3547 eoo
253 3484 345 3547 Posse
367 3484 449 3564 loqui
471 3493 503 3545 et
524 3486 639 3546 meritis
661 3486 766 3545 testari
788 3483 893 3563 gaudia
915 3484 1019 3546 dictis.

254 3571 399 3633 Thracius
422 3574 536 3651 ingenti
558 3588 676 3633 mensas
699 3571 828 3632 clamore
850 3572 983 3655 repellit,
