2467 4042
187 233 253 299 286
328 253 529 290 semmurum
603 231 783 290 mount.

277 399 309 461 st
332 417 396 461 mea
419 401 571 479 virginitas
594 398 715 460 Phoebo
738 401 884 479 patuisset
906 402 1034 463 amanti.

275 487 353 550 llum
375 497 473 549 tamen
495 487 572 550 hanc
593 496 696 568 sperat
707 535 718 569 ,
739 488 811 550 dnm
828 507 1099 569 praecorrumpere
1118 490 1207 554 donis

212 576 323 639 115111
346 579 428 657 cupit
440 623 450 657 ,
473 571 560 655 ‘elige
572 571 594 657 ‚'
618 578 660 638 ait
683 572 776 657 ‘virgo
800 576 950 660 Cumaea,
973 579 1046 658 quid
1069 588 1178 658 optes:

277 665 392 745 Optatis
413 666 529 745 potiere
551 666 612 727 tuis
626 660 646 726 .’
674 683 729 745 ego
751 664 882 745 pulueris
904 666 1005 728 hausti

277 751 445 817 Ostendens
468 753 643 835 cumulum,
666 762 739 832 quot
761 753 886 815 haberet
907 772 1035 835 corpora
1056 755 1174 839 psius,

276 841 334 903 Tot
355 841 429 905 mihi
450 841 562 905 natales
586 844 759 921 confingere
780 859 855 903 rana
876 845 996 924 rogari3

275 929 413 1011 Excidit,
435 938 470 992 ut
491 938 628 1010 peterem
648 933 772 992 invenes
795 947 915 1010 quoque
932 933 1071 1011 protinus
1090 950 1201 995 annos.

211 1029 263 1083 111
276 1018 337 1081 Η11
361 1027 461 1081 tamen
483 1018 532 1081 ille
555 1019 628 1080 nu'hi
651 1017 739 1080 dabat
761 1027 972 1098 aeternamque
996 1023 1165 1102 iuventam,

277 1108 310 1170 Si
332 1106 478 1169 Venerem
499 1115 641 1187 paterer.
668 1114 838 1186 contempto
861 1126 987 1169 munere
1009 1107 1126 1170 Phoebi

276 1196 391 1259 innuba
413 1213 596 1277 permaneo.
625 1194 677 1257 sed
700 1197 759 1257 iam
781 1195 895 1257 lelicior
918 1204 999 1257 aetas

276 1284 372 1364 Terga
394 1283 497 1365 dedit,
519 1283 708 1363 tremuloque
726 1283 820 1362 gradu
837 1286 918 1346 venit
936 1302 1025 1364 aegra
1043 1295 1200 1366 senectus,

276 1373 358 1444 Quae
377 1372 515 1453 patienda
532 1372 584 1434 diu
602 1380 670 1435 est.
693 1390 763 1433 nam
780 1375 838 1434 iam
856 1372 929 1434 mihi
947 1372 1067 1435 saecula
1083 1385 1199 1454 septem

211 1461 348 1524 1151111
369 1461 475 1524 rides:
498 1469 659 1542 superest,
680 1478 823 1523 numeros
844 1469 879 1522 nt
900 1460 1036 1540 pulveris
1058 1480 1199 1545 aequem,

276 1549 337 1611 Ter
359 1558 478 1612 centum
501 1568 615 1612 messes
626 1596 636 1630 ,
659 1556 850 1611 tercentum
872 1558 971 1611 musta
993 1549 1115 1612 ridere.

276 1638 407 1719 Tempus
430 1639 510 1720 erit,
532 1656 602 1700 curn
624 1638 662 1699 de
683 1645 768 1699 tanto
791 1655 839 1699 me
862 1655 989 1718 corpore
1010 1656 1135 1720 parvam

275 1726 375 1807 Longa
398 1726 595 1807 1111111111,
619 1734 854 1806 consumptaque
876 1726 1010 1788 membra
1033 1738 1155 1789 senecta

276 1815 320 1878 Ad
342 1817 498 1878 minimum
520 1814 696 1895 redigentur
718 1832 815 1875 onus.
843 1832 899 1875 nee
922 1822 1017 1876 amata
1040 1810 1164 1877 nochor

211 1914 262 1967 150
277 1903 339 1965 Ν11
361 1903 508 1983 placuisse
531 1903 610 1965 deo.
637 1901 776 1964 Phoebus
799 1920 917 1982 quoqne
940 1904 1068 1965 forsitan
1089 1907 1154 1984 ipse

275 1990 327 2054 Vel
350 2011 410 2053 non
433 1999 615 2072 cognoscet,
638 1991 686 2052 rel
708 1990 845 2053 dilexisse
869 1990 1006 2072 negahit3

274 2080 375 2161 Usque
398 2080 471 2142 adeo
490 2087 603 2142 mutata
619 2080 722 2142 ferar:
743 2079 877 2158 nullique
895 2079 1039 2161 videnda,
1056 2091 1194 2136 tarmis

275 2167 353 2231 Voce
375 2176 475 2231 tamen
497 2186 604 2230 uoscar
616 2216 626 2250 ,
649 2185 753 2229 rocem
775 2167 848 2229 mihi
870 2168 929 2229 lata
951 2164 1153 2247 relinquent?

318 2257 400 2319 Talia
422 2274 585 2319 convexum
607 2275 663 2337 per
685 2259 744 2317 iter
765 2264 948 2318 memorante
972 2256 1083 2336 Sibylla

210 2357 261 2409 155
276 2344 403 2408 Sedibus
425 2345 588 2407 Euboicam
612 2344 721 2425 Stygiis
744 2346 870 2425 emergit
891 2347 923 2405 in
946 2344 1055 2406 unbem

275 2434 383 2497 Troius
405 2434 540 2495 Aeneas.
569 2435 722 2513 sucusque
745 2450 782 2495 ex
804 2450 888 2493 mere
910 2432 1001 2494 litatis

274 2520 375 2585 Litora
397 2522 457 2584 adit
479 2522 612 2584 noudum
634 2523 761 2584 nutricis
783 2520 922 2583 habentia
944 2539 1073 2584 nomen.

274 2610 330 2673 iiic
349 2629 467 2691 quoque
491 2610 667 2673 substiterat
688 2618 756 2690 post
777 2610 874 2671 taedia
896 2609 982 2689 longa
1005 2610 1143 2674 laborum

275 2699 407 2762 Neritius
429 2699 604 2781 Macareus,
627 2716 727 2760 comes
750 2701 931 2778 experientis
952 2697 1066 2761 Ulixei.

209 2799 261 2851 leo
275 2788 432 2850 Desertum
456 2787 604 2867 quondam
627 2788 755 2868 mediis,
777 2804 837 2868 en,
860 2786 985 2868 rupibus
1008 2787 1120 2850 Aetnae

274 2877 378 2939 Nescit
398 2875 657 2957 Achaemeniden,
680 2877 890 2955 inprovisoque
913 2883 1068 2955 repertum

273 2964 378 3027 Vivere
401 2967 547 3046 miratus,
571 2960 634 3044 ‘qui
658 2973 686 3025 te
710 2982 832 3025 casusve
855 2964 965 3026 deusve

276 3053 401 3134 Servat,
423 3049 670 3115 Achaemenide?
696 3048 762 3114 cur'
789 3053 887 3132 inquit
914 3048 1050 3113 ‘barbara
1074 3053 1189 3116 Graium

274 3143 367 3204 Prora
391 3140 493 3205 vehit?
508 3144 621 3222 petitur
644 3149 742 3203 restra
765 3158 840 3220 quae
863 3149 944 3203 terra
968 3138 1107 3203 carinal’

210 3242 259 3294 teo
274 3231 355 3293 Talia
378 3233 555 3313 quaerenti,
577 3233 637 3291 iam
659 3247 719 3290 non
741 3230 876 3291 hirsutus
899 3231 1027 3311 amictu,

273 3320 335 3381 lam
358 3337 454 3401 suus,
476 3326 507 3380 11
529 3321 624 3398 spinis
646 3326 785 3380 conserto
808 3320 937 3397 tegmine
960 3317 1068 3399 nuilla,

273 3407 364 3470 Fatur
387 3407 642 3469 Achaemenidesz
664 3402 785 3469 ‘iterum
807 3405 1009 3487 Polyphemon
1033 3416 1064 3468 et
1086 3406 1151 3469 ilios

273 3497 421 3575 Aspiciam
443 3496 550 3557 iinidos
573 3496 702 3558 humano
726 3498 869 3574 sangarius
892 3497 1005 3576 rictus,

274 3581 335 3643 liae
357 3584 429 3644 mihi
452 3585 479 3644 si
500 3586 599 3663 potior
623 3584 728 3647 domus
752 3593 799 3646 est
822 3583 980 3664 ithamqne
1003 3586 1121 3666 carina,
