2467 4042
354 241 478 306 146
723 261 938 296 noctus
1177 240 1505 295 METAMM
1521 278 1541 298 .

526 406 699 480 Quod
745 415 944 469 teneat
987 406 1140 468 lucis
1164 453 1185 489 ,
1230 414 1432 468 teneat
1477 408 1731 469 confinia
1779 411 1972 470 noctis
1986 457 2006 492 ,

523 496 830 559 Nectar-eis
878 495 1035 575 quod
1081 495 1274 556 alatur
1313 497 1482 574 aquis
1511 529 1596 540 -—
1626 514 1735 576 ego
1777 496 2028 559 Procrin
2077 498 2387 561 amabam:

524 584 775 647 Pectore
819 583 1060 646 Procris
1106 592 1233 646 erat
1258 631 1277 665 ,
1322 582 1560 646 Procris
1607 585 1753 646 mihi
1798 603 2034 666 semper
2080 589 2149 648 in
2194 606 2339 649 ore.

529 673 708 735 Sacra
754 674 872 734 tori
918 674 1230 753 coitusque
1278 690 1462 733 novos
1509 671 1916 755 thalamosque
1963 683 2248 738 recentes

396 775 499 824 ‘110
526 762 843 841 Primaque
889 760 1115 823 deserti
1159 759 1494 822 referebam
1540 762 1782 824 foedera
1823 762 1967 825 lecti
1986 811 2001 825 .

525 851 683 912 Mota
727 849 835 911 dea
882 859 974 910 est
995 897 1016 931 ,
1061 858 1123 910 et
1169 844 1361 910 “siste
1412 858 1541 911 tuas
1565 898 1585 933 ‚
1631 852 1861 931 ingrate
1886 898 1907 934 ,
1953 852 2293 932 querellas:

525 940 776 1001 Procrin
819 937 969 999 habe
998 933 1038 1000 1’
1084 936 1233 998 dixit
1278 932 1514 1017 ‘quodsi
1559 956 1692 1000 mea
1735 940 1983 1020 provida
2028 958 2201 1002 mens
2253 949 2375 1018 est,

528 1028 658 1089 Non
705 1025 983 1089 habuisse
1030 1020 1241 1086 voles”
1287 1044 1503 1106 meque
1548 1026 1634 1088 illi
1679 1029 1828 1089 irata
1873 1031 2111 1091 remisit
2138 1075 2153 1090 .

528 1117 683 1177 Dum
728 1115 910 1177 redeo
934 1163 954 1198 ‚
999 1131 1354 1194 mecumque
1401 1115 1545 1176 deae
1592 1125 1915 1177 memorata
1961 1126 2225 1179 retracto
2244 1167 2263 1198 ,

394 1219 495 1267 '215
525 1205 672 1267 Esse
719 1212 913 1265 metus
960 1205 1202 1285 coepit,
1249 1221 1324 1264 ne
1371 1204 1502 1265 iura
1546 1203 1761 1283 iugalia
1808 1207 2072 1266 coniunx

524 1294 655 1355 Non
701 1292 853 1354 bene
900 1298 1197 1353 servasset
1222 1338 1237 1353 .
1294 1291 1475 1353 facies
1521 1300 1799 1372 aetasque
1844 1292 2092 1355 iubebat

526 1381 785 1443 Credere
832 1379 1234 1461 adulterium3
1278 1379 1674 1459 prohibebant
1721 1380 1966 1443 credere
2016 1400 2216 1445 mores
2235 1430 2250 1444 .

527 1469 646 1532 Sed
690 1478 888 1532 tamen
916 1469 1181 1529 arueram
1207 1488 1226 1530 :
1272 1469 1379 1529 sed
1407 1476 1468 1530 et
1494 1468 1640 1531 haec
1668 1477 1797 1530 erat
1820 1517 1839 1553 ‚
1884 1469 2044 1532 unde
2073 1471 2367 1551 redibam,

526 1558 805 1621 Criminis
852 1556 1231 1637 exemplum:
1278 1556 1383 1618 sed
1430 1565 1643 1619 cuncta
1689 1560 1968 1620 timemus
2015 1569 2310 1622 amantes.

397 1661 498 1708 aaa
530 1647 826 1720 Quaerere
852 1693 872 1728 ,
918 1644 1076 1725 quod
1132 1643 1361 1707 doleam
1387 1693 1406 1727 ,
1454 1654 1649 1708 statuo
1674 1694 1695 1728 ,
1749 1646 2041 1726 donisque
2097 1647 2363 1729 pudicam

530 1735 857 1797 Sollicitare
904 1732 1081 1794 fidem
1111 1780 1125 1794 .
1181 1734 1339 1795 favet
1382 1733 1524 1795 huic
1568 1735 1797 1795 Aurora
1842 1736 2080 1817 timori,

530 1828 903 1904 Inmutatque
948 1840 1140 1883 meam
1186 1854 1273 1866 —
1320 1821 1525 1883 videor
1571 1825 1828 1883 sensisse
1875 1855 1960 1867 ——
2008 1824 2256 1904 figuram
2277 1873 2291 1886 .

526 1912 812 1976 Palladias
854 1914 990 1973 ineo
1038 1928 1159 1972 non
1206 1909 1655 1990 cognoscendus
1701 1911 1958 1973 Athenas
1975 1959 1995 1994 ,

530 2000 952 2082 ingrediorque
1003 1998 1246 2060 domum
1272 2046 1288 2060 .
1346 1999 1518 2080 culpa
1562 1999 1773 2061 domus
1817 2002 1945 2080 ipsa
1991 2001 2265 2083 carebat,

398 2108 494 2152 aaa
530 2092 815 2169 Castaque
861 2090 1028 2168 signa
1072 2087 1249 2149 dabat
1272 2135 1291 2169 ,
1338 2087 1695 2166 dominoque
1752 2096 1881 2149 erat
1938 2092 2109 2150 anxia
2169 2100 2354 2171 rapto.

530 2180 630 2240 vix
677 2178 839 2240 aditu
883 2195 993 2258 per
1037 2175 1196 2238 mille
1244 2175 1410 2237 dolos
1456 2176 1529 2238 ad
1575 2175 1936 2237 Erechthida
1981 2178 2138 2239 facto

530 2268 604 2332 Ut
647 2267 764 2328 vidi
790 2314 810 2348 ‚
845 2264 1150 2347 obstipui,
1195 2263 1593 2345 meditataque
1637 2282 1826 2344 paene
1873 2265 2090 2345 reliqui

530 2356 971 2435 Temptamenta
1016 2353 1133 2415 fide
1161 2398 1176 2412 .
1232 2352 1383 2414 male
1430 2370 1525 2414 me
1551 2401 1571 2435 ,
1616 2354 1761 2433 quin
1806 2371 1945 2414 vera
1989 2355 2247 2438 faterer,

530 2445 847 2524 Continui3
892 2442 1042 2504 male
1069 2491 1089 2525 ‚
1135 2444 1281 2521 quin
1306 2488 1325 2524 ‚
1370 2449 1439 2502 ut
1483 2442 1792 2524 oportuit,
1837 2441 2041 2503 oscula
2088 2444 2328 2505 ferrem.

398 2548 498 2596 ‘tau
530 2535 739 2596 Tristis
785 2539 958 2594 erat:
1004 2529 1108 2592 sed
1154 2529 1314 2591 nulla
1360 2537 1559 2591 tamen
1605 2531 1921 2591 formosior
1965 2529 2063 2592 illa

530 2624 673 2684 Esse
717 2627 917 2702 potest
935 2682 942 2687 ,
960 2620 1163 2700 tristi;
1208 2617 1623 2698 desiderioque
1672 2617 1900 2680 calebat

530 2711 810 2789 Coniugis
855 2706 1129 2789 abrepti.
1184 2715 1252 2769 tu
1300 2705 1510 2787 collige
1536 2754 1555 2790 ‚
1603 2707 1792 2786 qualis
1837 2709 1899 2768 in
1945 2708 2044 2770 illa
2068 2757 2089 2791 ,

530 2800 721 2860 Phoce
746 2845 765 2881 ‚
809 2796 993 2859 decor
1037 2797 1263 2877 fuerit,
1310 2813 1488 2876 quam
1543 2797 1630 2856 sic
1687 2795 1856 2857 dolor
1911 2797 2040 2876 ipse
2088 2797 2345 2860 decebat.

530 2887 682 2960 Quid
729 2887 985 2948 referam
1009 2932 1028 2966 ,
1074 2887 1353 2965 quotiens
1400 2885 1781 2964 temptamina
1827 2893 2031 2945 nostra
2077 2887 2270 2966 pudici

400 2992 494 3036 ΜΞ,
530 2975 919 3057 Reppulerint
962 2991 1161 3036 mores
1187 2969 1223 3035 ⁴?
1270 2975 1546 3053 quotiens
1593 2967 1774 3053 “ego’
1821 2971 2039 3034 dixerit
2087 2970 2211 3036 ‘uni

534 3068 790 3145 Servor3
835 3063 1199 3142 ubicumque
1249 3069 1384 3145 est,
1428 3063 1534 3123 uni
1579 3079 1711 3123 mea
1754 3061 1965 3142 gaudIa
2011 3059 2274 3124 servo''?

530 3155 638 3216 [lui
684 3170 804 3214 non
847 3154 964 3214 ista
1007 3151 1125 3213 fide
1171 3153 1318 3212 satis
1364 3151 1729 3230 experientia
1775 3168 1919 3211 sano

530 3244 735 3322 Magna
779 3241 935 3303 foret
960 3237 996 3304 ⁴?
1040 3257 1159 3302 non
1206 3257 1340 3301 sum
1387 3246 1705 3301 contentus
1729 3287 1749 3322 ‚
1794 3247 1856 3300 et
1899 3240 1963 3300 in
2011 3257 2143 3301 mea
2170 3259 2340 3322 pugno

530 3331 784 3393 Vulnera
809 3377 830 3413 ,
874 3329 1019 3392 dum
1063 3346 1281 3390 census
1328 3327 1469 3389 dare
1515 3346 1610 3390 me
1665 3345 1775 3408 pro
1830 3337 2005 3389 nocte
2063 3332 2340 3410 paciscor,

402 3436 502 3480 rau
530 3420 894 3498 Muneraque
941 3417 1208 3498 augendo
1255 3415 1495 3478 tandem
1541 3415 1813 3478 dubitare
1861 3418 2064 3496 coegi.

530 3507 805 3569 Exclamo
854 3501 1053 3569 “male
1098 3508 1251 3568 victa
1296 3523 1400 3567 rea
1447 3503 1580 3567 est!
1627 3523 1736 3585 ego
1784 3513 1980 3566 tectus
2029 3505 2249 3568 adulter

530 3596 717 3659 7nl'erus
763 3613 926 3657 eram
972 3597 1231 3658 coniunx
1258 3641 1274 3656 .
1330 3611 1424 3656 me
1449 3642 1470 3677 ,
1513 3593 1738 3675 perfida
1762 3641 1782 3676 ,
1828 3603 1981 3655 teste
2031 3599 2246 3656 teneris
2261 3591 2310 3657 !’'
