2467 4042
364 219 457 286 94
1196 221 1539 275 rrms'rnm

542 386 649 448 Illo
674 433 692 467 ,
739 388 838 448 cui
883 394 1096 468 paret,
1142 388 1344 448 mitius
1389 386 1552 447 orbis
1597 382 1809 449 habet.

545 475 785 536 Scilicet
832 484 898 536 ut
944 493 1064 535 non
1110 483 1202 536 est
1248 493 1357 554 per
1403 477 1520 536 vim
1568 474 1919 555 superabilis
1965 474 2107 557 uni,

542 563 715 624 Molle
764 581 867 624 cor
915 564 987 623 ad
1034 564 1270 624 timidas
1318 565 1404 624 sic
1451 562 1628 624 habet
1673 563 1771 624 ille
1816 580 2063 645 preceS‚

543 650 946 731 Exemploque
993 651 1170 713 deum
1196 699 1215 734 ‚
1262 651 1478 730 quibus
1525 668 1877 713 accessurus
1922 660 1984 712 et
2028 654 2163 732 ipse
2213 664 2349 735 est,

447 752 517 802 30
544 736 593 819 †
638 739 785 801 Cum
831 758 1055 819 poenae
1104 742 1272 800 venia
1317 740 1486 820 plura
1533 741 1790 820 roganda
1835 749 2066 820 petam.

547 828 611 889 Si
658 846 937 889 numeres
984 846 1136 889 anno
1185 828 1341 889 soles
1387 837 1448 889 et
1492 828 1691 889 nubila
1741 836 1898 909 toto,

547 916 817 977 Invenies
864 916 1114 977 nitidum
1163 919 1401 995 saepius
1447 934 1579 977 esse
1626 916 1812 978 diem.

545 1004 701 1084 Ergo
748 1022 823 1065 ne
871 1007 1116 1065 nimium
1164 1014 1367 1066 nostra
1413 1004 1632 1066 laetere
1679 1007 1886 1080 ruina,

546 1092 803 1154 Restitui
848 1092 1145 1172 quondam
1191 1111 1287 1153 me
1334 1111 1570 1172 quoque
1615 1111 1792 1173 posse
1837 1100 2010 1173 puta.

449 1194 517 1243 35
547 1180 729 1242 Posse
774 1190 917 1261 puta
964 1182 1092 1241 fieri
1118 1228 1136 1262 ,
1181 1180 1362 1242 lenito
1409 1183 1676 1261 principe
1723 1181 1919 1242 vultus

546 1268 623 1330 Ut
668 1269 865 1330 videas
913 1270 1102 1331 media
1150 1272 1338 1331 tristis
1384 1272 1445 1330 in
1492 1268 1650 1330 Urbe
1698 1286 1898 1348 meoS,

546 1357 739 1435 thue
787 1375 894 1437 ego
943 1366 1001 1417 te
1048 1356 1275 1417 videam
1323 1374 1497 1418 causa
1542 1358 1810 1435 graviore
1856 1356 2156 1437 fugatum.

545 1445 704 1507 Haec
751 1454 892 1507 sunt
936 1463 969 1506 a
1013 1447 1221 1526 primis
1268 1448 1534 1526 proxima
1583 1453 1711 1506 vota
1757 1447 1937 1506 meis·

1253 1637 1481 1711 VIIII.

548 1798 597 1860 Ο
645 1805 745 1860 tua
792 1800 843 1859 si
889 1799 1117 1858 sineres
1163 1799 1225 1858 in
1272 1799 1493 1858 nostris
1542 1798 1776 1858 nomina
1822 1797 1964 1878 poni

549 1886 920 1947 Carminibus
947 1933 964 1965 ,
1010 1887 1240 1965 positus
1289 1904 1464 1965 quam
1511 1886 1655 1946 mihi
1701 1903 1874 1965 saepe
1923 1882 2116 1946 fores!

547 1975 633 2035 Te
681 1989 954 2035 canerem
1004 1974 1192 2035 solum
1220 2022 1240 2057 ‚
1286 1975 1484 2035 meriti
1532 1992 1755 2035 memor
1782 2021 1800 2055 ‚
1856 1975 2033 2053 inque
2080 1971 2305 2037 libellis

554 2063 849 2124 Crevisset
894 2065 1021 2122 sine
1071 2072 1128 2123 te
1176 2064 1385 2142 pagina
1431 2062 1588 2123 nulla
1635 2064 1782 2123 meis
1802 2108 1816 2123 .,

494 2167 522 2211 5
554 2150 704 2222 Quid
751 2149 858 2211 tibi
905 2149 1182 2211 deberem
1210 2198 1228 2232 ‚
1276 2158 1397 2211 tota
1443 2152 1698 2211 sciretur
1746 2151 1803 2210 in
1852 2149 2042 2229 Urbe,

558 2237 702 2299 Exul
747 2241 808 2299 in
857 2242 1068 2299 amissa
1116 2240 1167 2299 si
1215 2247 1410 2300 tamen
1457 2237 1614 2300 Urbe
1662 2238 1856 2317 legor.

554 2326 633 2387 Te
682 2344 963 2406 praesens
1011 2329 1213 2387 mitem
1260 2333 1507 2408 nosset,
1555 2335 1613 2387 te
1661 2329 1852 2387 serior
1898 2333 2085 2406 aetaS‚

554 2414 781 2495 Scripta
831 2423 1181 2476 vetustatem
1230 2416 1281 2476 si
1329 2413 1500 2475 modo
1549 2422 1751 2475 nostra
1797 2415 2030 2493 serunt,

558 2502 671 2563 Nec
721 2502 827 2564 tibi
874 2512 1135 2564 cessaret
1182 2502 1393 2563 doctus
1441 2501 1590 2563 bene
1639 2502 1838 2563 dicere
1885 2503 2102 2563 lector.

466 2607 522 2651 1⁴11
558 2590 660 2652 Hic
709 2600 765 2652 te
813 2600 1043 2652 servato
1091 2599 1217 2653 vate
1268 2599 1532 2651 maneret
1577 2590 1803 2651 honor.

554 2678 817 2739 Caesaris
863 2688 954 2740 est
1001 2681 1258 2759 primum
1304 2697 1562 2758 munus,
1609 2679 1767 2759 quod
1813 2679 2084 2739 ducimus
2129 2697 2369 2764 auras3

554 2766 748 2828 Gratia
796 2776 931 2847 post
976 2785 1218 2845 magnos
1266 2775 1357 2828 est
1405 2767 1509 2828 tibi
1554 2767 1821 2828 habenda
1867 2768 2044 2829 deos.

558 2853 653 2915 {lle
701 2855 861 2916 dedit
908 2857 1119 2933 vitam3
1165 2864 1267 2933 tu,
1315 2872 1490 2934 quam
1537 2854 1697 2916 dedit
1742 2855 1882 2936 ille,
1929 2856 2117 2916 tueris
2133 2902 2156 2935 ,

558 2943 627 3003 Et
673 2945 815 3004 facis
863 2951 1103 3023 accepto
1151 2961 1397 3005 munere
1445 2961 1620 3023 posse
1670 2944 1819 3005 frui.

466 3047 522 3091 τῇ
554 3031 817 3111 Cumque
864 3031 1276 3111 perhorruerit
1321 3050 1491 3092 casus
1538 3049 1675 3111 pars
1722 3034 1968 3093 maxima
2014 3038 2315 3116 nostrOS‚

558 3118 695 3180 Pars
742 3122 918 3180 etiam
966 3120 1127 3181 credi
1174 3122 1554 3200 pertimuisse
1604 3120 1776 3198 velit,

558 3206 1052 3288 Naufragiumque
1099 3226 1299 3269 meum
1348 3208 1572 3269 tumulo
1619 3210 1901 3288 spectarit
1946 3206 2017 3267 ab
2065 3206 2233 3291 alm,

554 3295 673 3357 Nec
721 3296 948 3357 dederit
997 3300 1158 3357 nanti
1210 3314 1314 3376 per
1364 3296 1512 3357 freta
1559 3314 1727 3357 saeva
1776 3314 2046 3375 manum,

558 3382 921 3445 Seminecem
971 3384 1167 3465 Stygia
1216 3386 1503 3445 revocasti
1552 3384 1713 3445 solus
1759 3384 1832 3444 ab
1879 3384 2067 3445 unda.

462 3483 526 3531 :zu
558 3469 679 3531 Hoc
707 3490 944 3552 quoque
964 3518 981 3553 ,
1009 3473 1168 3552 quod
1198 3491 1490 3533 memores
1519 3491 1836 3552 possumus
1866 3491 2030 3552 esse,
2068 3481 2248 3535 tuum
2292 3488 2430 3539 est.

554 3556 622 3617 Di
666 3557 775 3618 tibi
822 3578 885 3620 se
934 3559 1197 3622 tribuant
1244 3579 1378 3621 cum
1428 3560 1675 3622 Caesare
1724 3579 1958 3641 semper
2004 3562 2238 3624 amicos
2267 3586 2290 3626 t
