2467 4042
207 224 271 291 138
616 224 666 275 ux
683 224 802 276 rouro
909 185 917 197 ⁶

246 402 281 452 oo
338 387 393 450 Est
414 388 510 468 mihi3
532 405 588 448 nec
611 389 744 449 numeris
767 393 888 449 nectere
910 386 1001 448 verba
1025 390 1136 452 iuvat.

296 477 364 539 Sive
387 476 466 557 quod
490 476 559 537 hinc
581 476 699 537 tructus
722 474 794 536 adeo
818 491 878 536 non
901 477 1036 555 cepimus
1066 478 1171 561 ullos,

339 564 524 644 Principium
545 565 643 625 nostri
666 581 714 624 res
737 565 777 624 sit
798 570 833 625 ut
855 564 912 625 ista
935 563 1023 624 mali:

297 653 365 715 Sive
388 652 468 732 quod
491 655 523 712 in
545 650 678 713 tenebris
698 669 873 712 numerosos
896 669 1008 731 ponere
1033 671 1188 732 gressus,

340 740 485 820 Quodque
509 739 589 819 legas
611 739 685 802 nulli
708 739 839 802 scribere
863 757 1001 820 carmen,
1028 741 1118 804 idem
1144 753 1205 805 est.

248 828 414 892 sollicitat
431 828 549 889 auditor
571 827 725 910 studium,
748 827 923 907 laudataque
946 829 1043 890 virtus

340 917 477 997 Crescit,
500 925 531 977 et
553 917 722 978 inmensum
744 915 837 995 gloria
860 914 957 977 calcar
978 916 1097 980 habet.

295 1004 351 1067 llic
374 1022 440 1065 mea
462 1005 513 1065 cui
534 1005 659 1065 recitem
681 1006 739 1065 nisi
761 1004 843 1066 ssavis
867 1005 977 1083 scripta
1002 1004 1156 1091 Corallis,

340 1092 480 1173 Quasque
503 1091 574 1153 alias
596 1100 701 1171 gentes
723 1090 867 1153 barbarus
889 1091 991 1152 Hister
1014 1092 1141 1156 hahet?

296 1180 356 1243 Sed
379 1180 451 1261 quid
474 1180 555 1241 solus
578 1197 662 1260 agam
674 1228 683 1262 ,
707 1197 823 1260 quaque
846 1178 975 1242 infelicia
998 1182 1132 1261 perdam

248 1282 283 1332 ro
342 1269 409 1330 Otia
432 1270 577 1350 materia,
600 1270 818 1349 surripiamque
841 1264 947 1329 diem?

296 1357 370 1419 Nam
394 1359 463 1438 quia
486 1375 541 1419 nec
565 1359 667 1418 vinum
680 1404 689 1437 ,
712 1374 767 1417 nec
790 1373 837 1417 me
861 1364 942 1417 tenet
964 1356 1029 1418 alea
1054 1358 1169 1442 fallax,

341 1446 400 1507 Per
422 1463 498 1524 quae
522 1444 597 1507 clam
621 1447 743 1507 tacitum
766 1453 884 1523 tempus
908 1443 988 1505 abire
1014 1446 1118 1530 solet,

297 1533 358 1595 Nec
377 1551 424 1595 me
438 1566 475 1577 -
492 1533 571 1614 quod
590 1550 752 1614 cuperem,
770 1534 796 1594 si
814 1550 869 1612 per
888 1532 949 1595 sera
969 1532 1047 1594 bella
1068 1535 1218 1599 liceret-

342 1620 478 1683 Oblectat
501 1621 582 1683 cultu
607 1630 687 1682 terra
709 1630 814 1682 novata
837 1639 909 1701 suo,
1044 1682 1050 1689 ,

248 1721 283 1772 45
298 1709 398 1788 Quid,
422 1712 480 1771 nisi
501 1709 657 1789 Pierides,
681 1708 788 1771 solacia
811 1709 916 1788 frigida
928 1756 938 1790 ,
962 1718 1104 1794 restant,

341 1797 406 1859 Non
430 1797 507 1859 bene
530 1797 567 1858 de
590 1797 677 1858 nobis
700 1815 776 1877 quae
799 1814 936 1858 meruere
960 1794 1064 1860 deae?

297 1888 335 1946 At
359 1895 413 1965 tu,
436 1888 486 1948 cui
508 1884 622 1946 bibitur
645 1885 761 1947 felicius
784 1886 895 1946 Aonius
918 1884 984 1945 lons
995 1933 1006 1966 ,

342 1973 461 2035 Utiliter
484 1972 616 2035 studium
640 1973 720 2054 quod
742 1972 797 2034 tibi
821 1972 921 2055 cedit,
944 1991 1029 2054 arna,

299 2061 448 2141 Sacraque
470 2061 623 2123 Musarum
646 2063 752 2124 merito
775 2061 860 2122 cole.
902 2062 1043 2140 quodque
1073 2062 1218 2144 legamus,

250 2162 285 2212 eo
342 2150 408 2211 Huc
432 2149 549 2228 aliquod
574 2168 663 2211 curae
687 2152 771 2211 mitte
795 2152 924 2210 recentis
947 2167 1042 2229 opus.

681 2343 745 2415 III.

299 2500 495 2583 Conquerar,
517 2520 555 2563 an
578 2496 718 2562 taceam?
750 2517 858 2580 ponam
880 2502 944 2561 sine
968 2504 1093 2566 nomine

849 2590 980 2669 crimen,
1174 2606 1216 2656 (rer

344 2677 389 2738 dn
412 2685 539 2758 notum,
563 2679 614 2756 qui
638 2678 702 2757 sis,
720 2674 858 2737 omnibus
881 2694 946 2737 esse
970 2675 1090 2741 velim?

299 2764 426 2826 Nomine
449 2783 508 2827 non
533 2772 622 2845 utar,
644 2782 682 2825 ne
706 2764 914 2825 commendere
938 2765 1094 2849 querella,

345 2853 569 2931 Quaeraturque
594 2852 650 2913 tibi
672 2854 802 2913 carmine
826 2852 901 2914 lanta
925 2870 1007 2914 meo.

270 2941 376 3005 cllum
399 2959 464 3002 mea
487 2942 596 3020 puppis
620 2949 684 3001 erat
705 2939 799 3001 valida
822 2939 943 3001 lundata
965 2942 1065 3003 carina
1076 2990 1089 3023 ,

346 3029 402 3101 Qui
426 3046 542 3090 mecum
566 3027 657 3089 velles
680 3046 826 3110 currere,
849 3030 964 3108 primus
987 3045 1073 3091 eras.

300 3117 409 3199 Nunc,
433 3119 501 3197 quia
524 3118 672 3178 contraxit
696 3115 809 3178 vultum
831 3114 984 3196 Fortuna,
1006 3120 1150 3204 recedis,

345 3205 462 3267 Auxilio
485 3214 643 3285 postquam
666 3206 726 3265 scis
749 3221 824 3283 opus
848 3222 914 3265 esse
937 3212 1007 3267 tuo.

301 3294 475 3356 Dissimulas
498 3295 605 3375 etiam,
628 3310 684 3353 nec
707 3310 754 3353 me
778 3293 822 3353 ris
845 3310 933 3354 nosse
956 3292 1068 3375 videri,

254 3394 288 3444 ro
347 3382 481 3461 Quisque
504 3384 565 3462 sit,
588 3380 689 3442 audito
712 3381 832 3442 nominc
844 3426 854 3462 ,
877 3379 977 3462 Naso,
1000 3399 1111 3462 rogas.

300 3468 353 3529 Ille
376 3486 430 3547 ego
454 3469 543 3548 sum,
567 3486 744 3548 quamquam
768 3486 827 3528 non
850 3470 895 3530 vis
919 3469 1045 3552 audire,
1068 3482 1189 3537 vetusta

345 3554 442 3616 Peene
466 3573 541 3634 puer
564 3572 659 3635 puero
682 3557 802 3617 iunctus
826 3555 970 3618 amicitiai
