2467 4042
1065 307 1086 349 V

67 447 210 517 perierunt,
228 440 502 499 11211101124.
526 437 671 511 Scriptura
684 439 811 511 elegans.
832 443 972 498 vocabula
982 448 1012 498 ut
1022 446 1085 516 plu·

65 529 156 584 rimam
169 527 241 583 male
259 527 399 583 distincta.
422 524 591 596 pentametri
609 523 749 580 subducti.
777 524 875 580 variae
893 526 1048 599 scripturae
1067 545 1086 585 a

67 628 105 685 pr.
115 629 167 668 ma
179 611 245 667 satis
258 612 432 680 trequentes.
451 608 479 664 A
495 608 623 664 secunda
642 623 727 664 manu
742 624 818 664 saec.
829 608 869 665 XI
886 611 1085 684 correctiones,

68 697 170 768 glossae
188 701 214 750 et
224 695 365 751 vocabula
375 694 405 748 in
421 694 549 764 margine
562 708 626 747 cum
637 693 709 747 notis
721 692 843 748 metricis
855 697 981 766 repetita.
1002 704 1085 752 ater·

69 781 100 836 tia
111 797 190 836 manu
201 796 275 836 saec.
286 777 338 833 XII
353 793 455 834 versus
466 778 496 832 in
509 778 637 849 margine
649 778 815 849 supplentur
825 785 889 849 post
900 780 983 848 1331,
994 782 1048 837 394
1059 788 1087 835 11

68 868 113 924 tos
130 863 165 919 ad
181 865 239 922 471.
260 865 291 918 ln
310 862 393 917 Rem.
412 877 429 917 a
446 865 602 922 11111750
618 862 778 917 aberratum
794 861 831 917 ad
847 866 915 933 801,
931 879 987 935 qua
1006 880 1038 920 re
1060 864 1085 919 si

68 949 130 1003 torte
139 948 302 1019 paginarum
314 946 417 1002 modus
430 946 536 1002 codicis
552 945 699 1017 archetypi
709 945 862 1015 indicetur,
880 948 970 1019 possit
980 948 1086 1019 aliquid

68 1033 184 1087 conterre
196 1031 232 1088 ad
242 1031 437 1103 quaestionem
448 1030 564 1086 inlibris
575 1029 635 1085 Art
644 1046 709 1100 am,
720 1029 774 1084 nisi
784 1031 874 1100 lallor,
886 1032 1085 1088 necessariam.

142 1120 167 1175 3.
184 1114 233 1184 (S)
249 1115 444 1187 Sangallensis
460 1115 526 1170 bibl.
547 1130 574 1168 n.
594 1116 648 1173 864
666 1115 767 1169 memb.
787 1117 813 1171 4.
837 1116 959 1171 eontinet
979 1116 1086 1172 Horatii
1170 1125 1174 1130 ’

16 1212 17 1223 ³
70 1214 145 1255 111111.
165 1200 245 1255 libros
261 1206 318 1255 tres
339 1205 368 1255 et
383 1204 493 1270 partem
507 1198 613 1270 quarti,
634 1215 709 1254 saec·
721 1196 787 1267 XII,
801 1199 944 1255 Lucanum
961 1200 1086 1255 saech

16 1336 17 1357 ,
73 1299 118 1348 u..
132 1282 287 1340 Sallustium
304 1299 381 1339 saec.
393 1281 445 1353 Xl,
461 1281 555 1338 Ovidii
566 1282 688 1338 Amores
702 1300 725 1337 s.
738 1281 776 1336 Xl
788 1284 822 1338 ab
842 1285 1043 1356 epigrammate
1059 1290 1086 1340 et

16 1432 18 1451 ι
71 1366 176 1423 1111111111
192 1368 297 1440 primo,
314 1383 373 1423 non
384 1368 508 1436 omisso,
524 1383 614 1438 usque
627 1366 751 1424 advers.
763 1367 836 1435 1117,
849 1371 891 1426 74.
915 1367 1023 1424 accedit
1033 1384 1084 1440 pa·

69 1451 127 1520 gina
142 1468 207 1523 una,
221 1468 295 1523 quae
307 1452 414 1507 inserta
432 1457 474 1507 est
490 1451 562 1506 inter
579 1451 792 1522 quaternionem
810 1452 965 1507 secundum
985 1461 1013 1508 et
1029 1458 1084 1507 ter-

16 1540 17 1609 }
69 1535 129 1591 dum
143 1542 169 1591 et
184 1542 256 1595 n.15
271 1536 418 1608 insignita,
436 1537 582 1592 continens
595 1554 642 1592 vv.
662 1536 735 1604 1117,
748 1538 782 1594 ‘lb
800 1536 837 1591 ad
853 1538 889 1591 lll
905 1540 931 1607 9,
944 1542 987 1594 10.
1010 1535 1082 1603 Qua-

16 1658 17 1679 t
71 1620 196 1676 terniones
212 1629 277 1676 sunt
294 1626 410 1692 praeter
431 1618 505 1676 hanc
522 1626 594 1690 tres,
618 1636 737 1690 quorum
755 1636 790 1675 ex
809 1620 900 1692 primo
919 1620 1085 1676 exciderunt

69 1704 175 1776 paginae
186 1706 257 1762 duae
268 1705 398 1775 mediae,
412 1722 462 1762 vv.
473 1705 485 1759 l
496 1703 616 1775 6,44111
628 1704 640 1758 l
651 1707 677 1773 9,
689 1707 733 1762 74.
755 1701 900 1776 Scriptura
911 1704 1008 1759 similis
1020 1705 1084 1760 cod.

71 1786 101 1855 P,
119 1804 165 1844 nec
178 1791 261 1846 multo
286 1789 437 1845 recentior.
467 1789 607 1845 vocabula
626 1787 774 1859 diligenter
794 1788 932 1844 distincta
957 1804 1083 1858 rasurae,

16 1884 17 1889 ’
71 1874 254 1942 correctores,
267 1874 366 1933 variae
379 1873 534 1944 scripturae
546 1871 643 1941 raiae,
663 1872 715 1927 sed
729 1873 833 1943 ubique
851 1888 868 1928 a
884 1888 929 1945 pr.
940 1889 994 1928 ma.
1012 1872 1084 1928 Ver-

71 1970 113 2010 sus
123 1958 288 2030 quadrageni
304 1958 387 2013 terni.
409 1957 576 2030 pentametri
594 1972 651 2012 non
666 1957 806 2012 subducti.
827 1956 973 2012 Librorum
986 1962 1013 2012 et
1026 1958 1084 2012 ele·

16 2082 17 2089 .
72 2039 162 2108 marum
178 2043 255 2098 initia
269 2042 373 2097 eodem
386 2044 471 2113 plane
489 2041 591 2110 modo,
609 2057 664 2112 quo
681 2041 709 2096 in
725 2042 762 2110 P,
777 2041 915 2110 indicata,
935 2041 990 2096 nisi
1007 2041 1084 2113 quod

72 2123 130 2179 inter
147 2127 248 2199 elegias
268 2142 335 2182 raro
353 2142 455 2182 versus
471 2127 591 2198 spatium
608 2125 757 2181 intercedit
775 2131 802 2181 et
818 2126 927 2181 Indices
943 2126 1084 2181 interdum

70 2205 152 2265 levita
167 2212 346 2267 immutantur
364 2216 411 2269 aut
428 2211 598 2269 omittuntur.
627 2209 690 2265 Non
710 2216 877 2282 separantur
899 2211 944 2266 cll.
964 2210 1083 2266 eaedem

72 2305 131 2361 quae
144 2295 171 2349 iu
180 2295 227 2349 PR
238 2303 266 2351 et
276 2296 301 2350 11
315 2300 356 2353 13.
370 2311 522 2367 perperam
534 2300 681 2367 separatur
692 2295 716 2349 ll
729 2298 771 2364 19,
784 2298 830 2354 37.
853 2294 980 2351 Omissus
992 2294 1083 2366 spatio

71 2376 151 2434 relicto
160 2395 259 2435 versus
270 2381 283 2435 Ι
295 2384 340 2447 ll,
349 2383 384 2435 bi
396 2380 469 2436 etde
480 2380 581 2451 quibus
593 2379 666 2435 inira
676 2396 704 2451 p.
718 2395 746 2434 ur
758 2379 875 2436 dicetur.

139 2465 164 2519 4.
179 2462 229 2533 (G)
246 2462 481 2536 Guelferbytanus
493 2468 555 2519 mst.
570 2468 677 2520 extrav.
689 2465 833 2523 16011111.
845 2467 871 2521 8.
884 2462 1082 2533 quaterniones

16 2562 17 2599 t
71 2542 155 2616 integri
164 2548 300 2620 quinque,
316 2563 434 2619 quorum
447 2548 532 2604 ultimi
542 2548 665 2621 paginae
676 2548 824 2604 interiores
835 2549 871 2605 36
883 2549 952 2604 1137
966 2562 1023 2601 non
1035 2564 1082 2601 co·

16 2676 17 2687 ,
70 2623 183 2701 haerent,
194 2638 221 2688 et
229 2632 338 2705 pagina
348 2648 405 2688 una
417 2631 573 2698 dimidiata,
590 2631 619 2689 h.
632 2650 657 2688 e.
670 2648 794 2705 superne
806 2632 947 2700 abscissa,
958 2632 987 2685 in
999 2647 1081 2700 quam

16 2742 18 2787 ;
71 2717 253 2774 avenansine
271 2716 375 2772 indicio
393 2715 458 2772 finis
475 2717 607 2773 desinunt
622 2717 783 2789 Epistulae,
802 2732 872 2788 quas
891 2715 938 2771 hic
956 2715 1026 2770 liber
1048 2731 1083 2770 ea

16 2814 17 2819 ¹
72 2797 246 2873 qualicumque
264 2802 423 2873 integritate
437 2802 575 2871 servavit,
592 2817 647 2872 qua
662 2802 770 2857 anobis
783 2800 912 2857 eduntur.
934 2801 1083 2855 lacunaea

72 2878 165 2938 librario
183 2886 294 2943 relictae
305 2902 407 2943 versus
418 2885 481 2941 Vlli
491 2889 536 2955 59,
549 2889 583 2944 70
601 2902 702 2942 avoce
713 2888 887 2959 percerim's,
900 2888 949 2955 71,
960 2884 1036 2940 Vllll
1049 2886 1082 2941 17

73 2976 155 3022 arcae
166 2967 257 3040 Quod,
273 2971 445 3042 syllabarum
459 2976 487 3025 et
500 2972 704 3028 vocabulorum
719 2971 837 3043 passim.
856 2970 965 3024 Versus
978 2969 1081 3038 ubique

73 3049 225 3124 quadrageni
242 3055 309 3110 bini.
337 3055 504 3127 pentametri
517 3071 575 3110 nnn
594 3055 713 3110 reducti.
741 3054 823 3110 titulis
841 3070 943 3111 versus
960 3053 1082 3125 spatium

74 3131 186 3191 relictum.
209 3137 353 3212 Scriptura
370 3155 427 3195 non
445 3138 573 3196 eiusdem
591 3155 710 3209 manus,
727 3145 802 3195 certe
819 3154 875 3193 non
893 3138 1022 3215 eiusdem
1033 3154 1080 3192 ca-

74 3218 138 3288 11111,
152 3221 200 3278 sed
216 3223 344 3280 eiusdem
363 3224 392 3279 in
408 3239 495 3296 pagg.
514 3227 551 3283 40
569 3224 684 3293 aetatis,
702 3230 733 3279 ut
748 3223 863 3294 opinor,
879 3239 954 3280 saec.
967 3222 1019 3276 Xll
1038 3222 1080 3277 in-

75 3302 157 3358 euntis.
181 3306 208 3361 in
225 3308 409 3379 quaternione
425 3308 517 3380 primo
537 3325 636 3365 crassa
654 3314 681 3362 et
703 3309 805 3377 obesa,
828 3307 932 3364 deinde
949 3306 1036 3362 nitida
1054 3312 1081 3361 et

75 3392 161 3457 agua,
173 3398 295 3461 postrem
305 3392 430 3465 opallida
440 3400 469 3448 et
479 3393 568 3448 exilis.
592 3394 621 3447 in
634 3395 748 3464 pagella
757 3393 853 3447 ultima
863 3396 897 3449 41
910 3410 927 3447 1
940 3410 965 3447 v.
978 3389 1080 3444 XVlIll

77 3468 115 3523 195
129 3474 204 3531 11111111
220 3477 377 3547 recentior,
394 3493 470 3533 saec.
484 3477 610 3533 fortassis
621 3476 694 3532 Xlll.
715 3478 801 3550 paulo
812 3475 916 3533 deinde
934 3475 1017 3531 etiam
1034 3489 1079 3528 re·

78 3553 163 3612 1111111
178 3575 223 3631 ca,
241 3576 314 3633 quae
332 3562 449 3619 lacunas
461 3562 523 3619 illas
535 3577 592 3618 rna.
604 3579 649 3635 pr.
662 3562 774 3617 relictas
786 3560 910 3633 explevit
922 3566 949 3617 et
959 3559 1080 3632 primum
