2467 4042
398 206 400 211 ,
482 172 528 243 V,
544 178 702 230 cao-502.
831 193 910 229 conae
1034 174 1095 238 101

163 342 280 403 Omnia
303 349 476 403 narrasset.
505 340 557 402 sed
579 348 611 401 et
633 359 667 401 cs
691 349 721 401 et
741 339 842 419 lingua
864 338 974 400 volenti

161 429 281 492 Dicere
303 448 365 491 non
387 428 510 491 aderant
522 476 531 510 ,
553 448 609 490 nec
634 448 692 507 quo
715 428 909 509 loqueretur,
933 427 1075 489 habebat.

165 518 266 598 Signa
288 527 388 580 tamen
411 518 568 579 manifesta
590 517 672 579 dedit
684 565 693 600 ,
716 525 875 596 notamque
897 519 1014 597 parenti

165 607 228 669 lllo
253 608 331 669 iorte
354 606 421 668 loco
443 604 593 687 delapsam
614 607 647 666 in
669 608 786 686 gurgite
809 623 893 667 sacro

76 707 146 757 470
163 695 384 775 Persephones
406 712 510 757 zonam
533 695 657 756 summis
681 693 811 756 ostendit
832 697 864 755 ln
885 693 992 756 undis.

166 785 271 856 Quam
294 781 383 845 simul
406 784 545 863 agnovit,
567 790 718 862 tamquam
739 790 811 844 tunc
835 783 962 861 denique
985 790 1097 861 raptam

167 873 312 953 Seisset,
333 874 487 934 inornatos
509 870 629 933 laniavit
651 871 717 933 diva
739 870 879 953 capillos,

165 960 212 1022 Et
235 963 362 1040 repetita
385 962 448 1022 suis
470 961 622 1041 percussit
642 967 764 1040 pectora
786 959 907 1039 palmis.

166 1048 279 1111 Nescit
300 1047 397 1111 adhuc
408 1095 419 1130 ,
441 1047 494 1109 ubi
517 1050 579 1111 sita
600 1056 698 1110 terras
720 1056 819 1110 tamen
842 1050 977 1128 increpat
995 1064 1097 1108 omnes

79 1149 148 1198 4⁷5
167 1138 367 1216 Ingratasquc
390 1145 476 1199 vocat
501 1154 557 1198 uec
580 1137 701 1216 irugum
718 1154 843 1198 munere
867 1136 987 1219 dignas,

169 1226 361 1287 Trinacriam
384 1233 452 1286 ante
475 1224 546 1286 alias
557 1272 568 1307 ,
590 1228 622 1286 in
646 1243 705 1304 qua
726 1227 849 1305 vestigia
871 1225 970 1286 damni

168 1314 340 1393 Repperit.
368 1331 440 1393 ergo
462 1313 523 1375 illic
546 1331 632 1375 saeva
654 1315 800 1376 vertentia
822 1312 939 1393 glaebas

168 1402 277 1481 Fregit
298 1409 396 1463 aratra
418 1418 530 1484 manu,
552 1401 698 1482 parilique
720 1404 795 1464 lrata
818 1401 939 1463 colonos

169 1489 391 1569 Rurioolasquc
413 1489 505 1551 boves
527 1488 586 1551 leto
610 1490 713 1572 dedit,
737 1507 864 1570 arvaque
886 1490 975 1551 iussit

87 1592 153 1641 480
169 1577 289 1639 Fallere
312 1577 481 1657 depositum
493 1625 503 1659 ,
525 1580 685 1657 vitiataque
708 1581 821 1640 semina
843 1579 931 1639 iecit.

170 1665 325 1728 Fertilitas
346 1674 446 1732 terrae
468 1666 561 1728 latum
582 1665 701 1746 vulgata
721 1685 777 1746 per
799 1665 903 1728 orbem

170 1755 259 1815 Falsa
281 1757 380 1816 iacet:
402 1755 507 1834 primis
530 1762 647 1835 segetes
670 1757 840 1818 moriuntur
857 1756 889 1816 in
911 1754 1030 1835 herbis,

170 1844 216 1904 Et
235 1843 323 1904 modo
346 1842 390 1905 sol
413 1845 546 1926 nimius,
568 1844 678 1906 nimius
700 1842 788 1905 modo
812 1846 937 1923 corripit
957 1843 1071 1923 imbcr;
1135 1860 1140 1867 ·

172 1931 340 2010 Sideraque
362 1933 503 2010 ventique
526 1940 658 2014 nocent,
679 1931 840 2011 avidaeque
863 1931 999 1994 volucres

95 2035 154 2083 485
172 2021 296 2082 Semina
318 2021 394 2083 iacta
415 2018 541 2101 legunt3
563 2019 666 2082 lolium
688 2019 851 2100 tribulique
873 2021 996 2099 fatigant

171 2109 320 2170 Triticeas
343 2125 456 2169 messes
479 2117 510 2169 et
532 2108 759 2189 inexpugnabile
782 2126 921 2189 gramen.

172 2197 253 2257 Tum
276 2204 366 2276 eaput
386 2194 468 2257 Eleis
490 2195 627 2280 Alpheias
650 2196 758 2259 extulit
779 2196 885 2278 undis,

172 2285 382 2363 Rorantesque
405 2301 505 2346 comas
526 2303 544 2345 a
566 2286 664 2346 fronte
688 2288 813 2347 removit
836 2284 871 2346 ad
896 2304 1000 2368 aures,

173 2377 272 2453 Atque
296 2375 337 2434 ait
360 2367 413 2432 “‘o
437 2380 500 2433 toto
524 2375 675 2452 quaesitae
697 2375 820 2453 virginis
843 2373 915 2434 orbe

97 2477 156 2525 seo
172 2461 213 2523 Et
235 2462 356 2541 irugum
379 2463 537 2543 genetrix,
558 2464 711 2524 inmensos
734 2465 806 2524 siste
828 2461 964 2543 labores,

172 2549 255 2611 Neve
278 2549 334 2610 tibi
354 2550 430 2611 lidae
453 2549 581 2611 violenta
602 2553 733 2613 irascere
755 2560 873 2613 terrae.

172 2637 269 2699 Terra
291 2635 365 2698 nihil
386 2639 519 2719 meruit,
541 2640 696 2719 patuitque
717 2640 809 2701 invita
831 2641 968 2720 rapinae.

172 2725 237 2787 Nec
259 2743 327 2787 sum
348 2743 403 2805 pro
426 2727 521 2805 patria
543 2726 685 2807 supplex:
707 2726 767 2789 huc
789 2726 906 2808 hospita
928 2729 1012 2788 veni.

173 2814 243 2875 Pisa
265 2814 338 2874 mibi
359 2816 455 2894 patria
477 2822 545 2896 est,
567 2824 598 2877 et
621 2815 657 2877 ab
680 2814 764 2877 Elide
787 2816 923 2878 ducimus
946 2823 1049 2877 ortus:

103 2915 159 2965 495
176 2902 323 2963 Sicaniam
345 2904 503 2983 peregrina
525 2902 612 2966 colo.
641 2902 694 2965 sed
716 2905 828 2984 gratior
851 2906 932 2965 omni

174 2990 255 3052 llaec
277 2990 349 3052 mihi
367 2998 448 3052 terra
462 2990 525 3052 solo
539 3000 606 3054 est.
634 2992 689 3054 hos
703 3011 783 3054 nunc
796 2992 944 3055 Arethusa
957 3002 1099 3075 penates,

174 3079 258 3139 llanc
281 3078 374 3140 habco
397 3079 517 3141 sedem:
541 3098 629 3159 quam
651 3088 685 3142 tu
697 3128 707 3162 ,
729 3082 907 3164 mitissima,
928 3098 1030 3143 serua.

173 3167 252 3228 biota
275 3166 340 3228 loeo
363 3186 419 3229 cur
441 3169 498 3229 sim
519 3170 653 3248 tantique
675 3186 730 3249 per
752 3171 892 3248 aequoris
914 3167 1008 3230 undas

108 3238 129 3267 ⁸
173 3255 310 3316 hdrebar
331 3254 506 3338 Ortygiam,
523 3258 624 3318 veniet
645 3256 815 3319 narratibus
837 3258 911 3319 hora

107 3356 161 3405 too
174 3343 362 3423 Tempestira
384 3347 460 3405 meis
472 3392 482 3426 ,
505 3363 574 3406 cum
596 3354 630 3407 tu
653 3363 784 3425 curaque
807 3345 901 3408 levata

173 3431 213 3492 Et
233 3432 334 3493 vultus
356 3432 488 3494 melioris
511 3435 593 3494 eris.
621 3433 694 3495 mihi
715 3435 816 3514 pervia
838 3432 927 3495 tellus

171 3518 301 3582 Praebet
321 3522 404 3605 iter,
426 3519 590 3602 subterque
612 3524 686 3584 imas
710 3522 804 3583 ablata
827 3540 967 3584 cavernas
