2467 4042
157 264 212 328 [88
513 265 653 326 ARTIS
676 265 814 325 ΑΜΑΤ.

172 426 222 480 755
234 418 387 478 Finiturus
404 432 497 477 eram.
534 419 596 480 Sed
614 427 686 480 sunt
700 420 824 481 diversa
838 421 948 497 puellis

277 492 412 562 Pectora.
435 503 516 562 mille
531 504 651 565 animos
666 505 776 580 excipe
793 505 874 564 mille
888 505 1000 567 modis.

236 587 297 646 Nec
311 586 401 645 tellus
417 588 525 647 eadem
540 589 620 664 parit
634 589 745 649 omnia.
768 588 880 649 vitibus
896 590 948 648 illa

277 670 434 731 Convenit.
458 671 534 731 lnaec
550 673 637 733 oleis.
659 672 717 733 hae
729 673 810 733 bene
824 674 906 733 ferra
919 674 1032 735 virent.

235 752 412 814 Pectoribus
426 771 527 816 mores
542 763 586 816 tot
600 764 685 831 sunt,
710 764 784 833 quot
798 739 919 917 inffe
934 758 1073 833 figurae.

171 847 223 902 760
277 838 332 911 Qui
348 839 445 912 sapit,
465 839 631 900 innumeris
646 840 783 901 moribus
798 857 816 900 a
872 857 887 901 s
903 842 966 916 erit

234 922 334 996 thue
349 922 434 983 leves
448 923 576 985 Proteus
592 926 685 985 modo
701 941 737 985 se
751 925 887 986 tenuabit
900 926 931 984 in
944 928 1064 1003 undas,

275 1006 361 1065 Nunc
376 1006 440 1083 leo,
461 1024 542 1068 nunc
557 1009 664 1084 arbor,
687 1024 766 1069 nnnc
781 1011 837 1070 erit
851 1009 947 1069 hirtus
962 1025 1055 1085 aper.

233 1090 289 1149 Hic
303 1089 403 1151 iaculo
420 1092 538 1167 pisces,
561 1094 613 1153 illa
628 1093 788 1169 capiuntur
802 1094 842 1154 ab
854 1093 969 1154 hemlee

274 1164 331 1233 Hi’c
347 1191 424 1235 cava
439 1183 581 1237 contento
595 1177 673 1237 retia
688 1178 761 1238 lune
774 1178 905 1237 trahunt.

172 1266 220 1322 765
232 1259 294 1317 Nec
309 1257 362 1319 tibi
377 1261 539 1320 conveniet
554 1268 681 1322 cunctos
696 1263 807 1323 modus
821 1277 901 1322 unus
916 1261 956 1321 ad
971 1277 1093 1325 annos.

275 1343 410 1417 Longius
425 1344 552 1405 insidias
569 1361 662 1405 cerva
676 1345 793 1407 videbit
805 1361 893 1406 snus.

233 1426 266 1486 Si
282 1426 392 1487 doctus
409 1428 534 1488 videare
550 1429 633 1504 nidi,
653 1431 836 1506 petulansve
850 1429 986 1505 pudenti,

275 1510 400 1571 Diffidet
414 1509 546 1572 miserae
561 1515 702 1588 protinus
717 1515 768 1574 illa
782 1514 852 1574 sibi.

233 1595 307 1654 lnde
321 1594 369 1669 fit,
391 1601 424 1655 ut
439 1612 519 1670 quae
534 1613 569 1657 se
583 1597 682 1658 timuit
696 1599 882 1659 committere
895 1597 1041 1671 honesto,

171 1684 220 1741 llo
271 1679 350 1739 Vilis
366 1680 407 1739 ad
421 1682 582 1755 amplexus
597 1683 751 1743 interioris
766 1690 824 1743 eat.

232 1762 305 1822 Pars
320 1770 445 1839 superet
459 1767 574 1840 coepti,
598 1782 672 1841 pars
687 1773 735 1826 est
748 1766 900 1828 exhausta
915 1766 1044 1828 laboris.

274 1847 331 1908 Hic
345 1855 446 1908 teneat
459 1856 580 1910 nostras
591 1857 710 1911 'ancora
724 1851 803 1911 iacta
818 1857 911 1912 rates.

248 2198 287 2290 P.
311 2195 431 2291 tllltl
456 2197 631 2294 llttltlt
657 2199 785 2295 lltllt
811 2199 1072 2297 nnlltltll

442 2384 584 2450 trouu
610 2384 872 2452 secuntus.

588 2547 735 2556 —a-n-—a

230 2648 332 2743 Dicite
346 2684 390 2744 ‘io
403 2683 503 2744 Paean
512 2688 533 2743 ι’
555 2694 585 2747 ct
599 2687 655 2746 ‘io’
672 2685 720 2747 bis
736 2685 828 2747 dieite
843 2685 955 2747 ‘Paean
964 2690 983 2727 l'

268 2769 389 2830 Decidit
401 2769 431 2827 in
447 2784 555 2829 casses
570 2772 687 2846 praeda
703 2769 795 2847 petita
809 2786 907 2832 mens.

227 2852 338 2912 Laetus
354 2868 460 2913 amans
475 2853 570 2914 donat
585 2855 676 2914 viridi
690 2871 760 2915 mac
772 2853 907 2915 carmina
920 2856 1031 2931 palma,

268 2936 406 2997 Praelata
419 2938 559 2999 Ascraeo
571 2939 778 3016 Maeonioque
791 2940 869 2999 seni.

199 3018 306 3081 5Talis
322 3020 360 3081 ab
375 3021 525 3083 armiferis
539 3022 706 3085 Priameius
721 3024 838 3099 hospes
853 3024 991 3102 Amyclis

270 3105 406 3165 Candida
422 3122 490 3167 cnm
504 3114 591 3183 rapta
607 3107 739 3183 coniuge
754 3108 824 3167 vela
836 3107 931 3170 dedit

225 3187 306 3249 Talis
321 3197 388 3251 erat
402 3190 454 3266 qui
468 3198 500 3250 te
514 3206 604 3253 curru
617 3192 734 3252 victore
752 3193 876 3265 terebat,

268 3275 366 3334 Vecta
382 3276 552 3350 peregrinis
567 3276 774 3352 Hippodamia
788 3277 874 3336 rotis.

226 3357 302 3433 Quid
317 3375 482 3434 properas,
505 3362 647 3420 iuvenis?
665 3359 775 3421 mediis
789 3367 841 3420 tun
856 3359 946 3436 pinus
961 3362 990 3420 in
1005 3359 1103 3422 undis

188 3455 218 3505 to
269 3442 407 3517 Navigat.
429 3450 460 3503 et
475 3446 565 3519 longe
580 3460 671 3520 quem
686 3452 771 3520 peto,
794 3453 901 3520 portus
916 3444 1013 3506 abest.

225 3525 290 3587 Non
306 3529 382 3587 satis
397 3536 446 3588 est
459 3529 584 3590 venisse
597 3529 651 3589 tibi
666 3546 714 3589 me
730 3536 799 3589 vate
813 3529 962 3603 puellam
