2467 4042
448 231 480 284 V.
499 241 534 284 tv
547 233 640 283 48-v
654 233 696 282 64.

156 391 286 453 Consilio
310 392 429 472 lugiunt
452 393 593 474 aethera,
616 392 734 474 Ponte,
756 401 858 456 tuum.

157 480 310 562 Consilio,
333 499 490 542 commune
514 499 632 542 sacrum
655 499 724 542 cum
747 482 851 542 tiatin
874 500 924 545 ara

156 567 334 650 Fratribus,
358 569 470 630 alterna
494 572 546 648 qui
569 572 687 648 periere
710 586 817 651 manu,

107 667 141 716 35
156 656 224 734 lpsa
246 654 303 717 sibi
326 656 464 737 discors,
487 666 637 736 umquam
660 657 818 718 mandetur
840 657 877 718 ab
900 656 976 738 illis,

158 743 311 816 Scinditur
333 746 365 805 in
388 752 488 824 partes
512 753 575 806 atra
598 745 695 806 lavilla
718 745 808 807 duas.

156 831 244 911 Hoc,
267 834 410 914 memini,
434 833 582 913 quondam
605 834 672 893 lieri
694 850 754 902 nou
777 851 864 913 posse
887 832 1048 916 loquebar,

156 920 198 981 Et
220 938 266 980 me
291 919 439 982 Battiades
461 921 560 983 iudice
583 921 676 982 lalsus
699 929 779 982 erat:

158 1007 265 1069 Omnia
287 1025 367 1069 nunc
391 1008 503 1089 credo,
528 1027 596 1070 cum
618 1017 653 1069 tu
676 1027 735 1070 non
759 1009 868 1072 stultus
892 1010 928 1071 ab
952 1019 1033 1072 arcto

107 1107 141 1156 40
155 1096 273 1176 Terga,
296 1114 388 1175 vapor
400 1144 409 1177 ,
433 1095 551 1158 dederis
573 1098 794 1177 Ausoniamque
817 1106 919 1178 petas.

155 1183 235 1244 Haec
259 1202 330 1263 ergo
354 1183 405 1245 lux
429 1193 496 1265 est,
521 1204 596 1265 quae
621 1188 650 1246 si
669 1204 729 1246 nou
753 1193 818 1247 orta
840 1185 963 1266 luisset,

156 1269 242 1332 Nulla
266 1271 323 1333 luit
345 1274 456 1332 misero
480 1273 555 1334 lesta
577 1273 703 1335 videnda
726 1274 816 1335 mihi.

157 1358 259 1419 Edidit
281 1359 354 1420 haec
377 1378 476 1422 mores
500 1361 558 1421 illis
581 1361 714 1423 heroisin
737 1380 867 1443 aequos,

160 1447 234 1517 Quis
258 1455 323 1508 erat
345 1447 453 1510 Eetion
475 1449 648 1527 Icariusque
672 1457 773 1529 pater.

108 1534 231 1595 taliata
253 1535 397 1614 pudicitia
420 1544 467 1598 est
488 1532 512 1616 †
535 1539 628 1597 moris
646 1536 842 1617 probitasque
865 1536 1016 1616 fidesque:

158 1623 196 1684 At
218 1641 279 1683 non
302 1632 373 1685 sunt
395 1626 452 1686 ista
475 1625 582 1703 gaudia
603 1633 672 1686 nata
696 1626 761 1705 die,

158 1709 217 1771 Sed
239 1710 323 1772 labor
347 1719 378 1773 et
400 1731 490 1774 curae
513 1715 693 1792 fortunaque
716 1713 850 1775 moribus
872 1715 985 1795 impar,

157 1796 297 1879 lustaque
322 1798 358 1860 de
382 1800 471 1863 viduo
494 1819 588 1879 paene
613 1801 743 1880 querella
767 1809 848 1863 toro.

160 1886 280 1948 Scilicet
303 1887 435 1950 adversis
457 1888 590 1968 probitas
614 1892 744 1951 exercita
767 1888 858 1952 rebus

108 1987 142 2036 uo
157 1974 250 2036 Tristi
272 1980 426 2038 materiam
449 1985 583 2057 tempore
606 1978 702 2039 laudis
724 1977 831 2040 habet.

159 2062 192 2124 Si
215 2062 289 2124 nihil
311 2066 413 2127 iulesti
435 2063 529 2127 durus
552 2066 675 2126 vidisset
698 2065 815 2147 Ulixes,

158 2150 306 2230 Penelope
330 2151 421 2232 felix,
446 2153 499 2214 sed
522 2156 586 2214 sine
609 2153 696 2215 laude
720 2154 814 2216 loret.

157 2238 259 2300 Victor
281 2239 441 2301 Echionias
465 2244 490 2302 si
513 2245 558 2302 vir
581 2252 767 2322 penetrasset
789 2244 820 2303 in
844 2260 946 2324 arces,

157 2327 294 2389 Forsitan
317 2327 461 2390 Euadnen
484 2331 532 2390 vix
555 2349 609 2391 sua
632 2339 735 2391 nosset
758 2330 884 2392 humus.

110 2426 144 2475 aa
159 2414 233 2475 Cum
256 2415 336 2477 Pelia
360 2419 476 2496 genitae
499 2426 545 2479 tot
567 2421 650 2500 sint,
674 2436 728 2479 cur
752 2418 859 2479 nobilis
882 2436 942 2479 una
964 2414 1036 2479 est?

159 2502 272 2584 Nempe
296 2503 353 2566 luit
374 2508 485 2567 misero
508 2514 602 2585 nupta
626 2506 705 2585 quod
729 2524 789 2566 uua
810 2509 892 2567 viro

158 2590 275 2674 Effice,
298 2600 332 2654 ut
354 2593 457 2656 lliacas
480 2603 581 2674 tangat
603 2598 688 2674 prior
710 2594 785 2656 alter
807 2594 951 2657 harenas:

158 2679 315 2742 Laodamia
339 2682 412 2744 nihil
437 2701 491 2744 cur
514 2684 685 2765 reseratur,
709 2685 773 2745 erit.

157 2768 197 2830 Et
218 2777 291 2851 tua,
315 2771 395 2850 quod
417 2769 542 2850 malles,
564 2776 659 2852 pietas
682 2774 782 2851 ignota
806 2779 956 2853 maneret,

112 2868 146 2918 co
160 2855 321 2935 implerent
344 2861 425 2920 venti
448 2862 474 2919 si
497 2877 561 2920 mea
584 2861 647 2922 vela
671 2862 736 2922 sui.
770 2877 773 2882 ⁴
800 2883 804 2889 ·

159 2942 195 3003 Di
219 2952 316 3004 tamen
340 2953 371 3006 et
394 2945 503 3007 Caesar
526 2947 572 3007 dis
595 2965 774 3027 accessura,
797 2948 850 3009 sed
873 2946 965 3026 olim,

161 3031 325 3109 Aequarint
346 3031 445 3111 Pylios
468 3051 537 3093 cum
560 3043 611 3096 tua
634 3036 693 3095 lata
717 3035 798 3115 dies,

160 3116 227 3177 Non
250 3118 346 3198 mihi,
370 3122 422 3199 qui
444 3138 570 3198 poenam
593 3122 688 3182 fateor
711 3124 879 3202 meruisse,
902 3120 954 3181 sed
977 3119 1020 3181 illi

161 3204 302 3287 Parcite,
325 3224 400 3287 quae
424 3207 505 3270 nullo
528 3208 616 3287 digna
638 3207 741 3269 dolore
764 3206 861 3270 doletl
