2467 4042
444 227 491 281 iv.
510 229 658 280 rae-eae.
715 212 728 233 '
989 226 1052 291 307

135 389 210 452 Num
229 399 327 451 tamen
347 398 394 451 est
410 407 480 450 vero
498 392 642 472 propius,
661 408 728 451 cum
747 389 864 452 condita
881 391 973 453 Roma
992 401 1053 474 est,

180 477 349 539 Transierri
370 480 469 539 iussos
491 481 523 539 in
546 496 620 538 nova
646 485 721 538 tecta
744 478 835 539 Lares

135 567 342 645 Mutantesque
366 567 486 626 domum
510 568 596 626 tectis
620 566 786 645 agrestibus
809 568 907 646 ignem

179 655 218 715 Et
240 662 409 715 cessaturae
433 657 626 734 supposuisse
650 672 752 736 casae,

15 752 18 793 ¹
68 755 120 806 805
134 743 191 803 Per
214 743 346 802 ssammas
369 741 492 803 saluisse
514 759 630 823 pecus,
654 742 776 804 saluisse
800 740 947 804 colonos?

15 842 17 881 Ι
177 830 263 902 Quod
288 830 322 891 fit
344 830 432 892 natali
456 848 535 891 nuuc
559 849 700 909 quoque,
723 829 837 912 Roma,
861 841 930 892 tuo.

15 932 17 971 t
135 917 200 1000 lpse
224 918 307 980 locus
331 936 434 979 causas
457 920 515 979 vati
538 919 630 980 facit.
671 917 760 979 Urbis
783 921 866 999 origo

179 1006 285 1068 Venit.
326 1007 397 1068 ades
419 1008 527 1089 factis,
550 1024 654 1085 magne
678 1007 823 1088 Quirine,
848 1006 924 1068 tuisi

15 1110 18 1147 ι
133 1095 195 1156 Iam
219 1096 314 1156 luerat
337 1113 447 1175 poenas
470 1095 563 1155 irater
585 1095 771 1177 Numitoris,
794 1105 825 1156 et
847 1114 933 1157 omne

15 1200 19 1241 ι
65 1196 120 1247 810
179 1183 336 1244 Pastorum
358 1186 474 1263 gemino
496 1183 554 1244 sub
576 1183 653 1244 duee
677 1183 780 1262 volgus
802 1194 884 1245 erat.

135 1271 316 1332 Contrahere
340 1281 471 1350 agrestes
495 1280 525 1331 et
548 1274 664 1332 moenia
686 1289 798 1350 ponere
822 1276 941 1351 utrique

179 1358 342 1419 Convenit.
383 1359 565 1439 ambigitur,
589 1361 704 1419 moenia
727 1369 818 1439 ponat
840 1370 924 1422 uter.

136 1441 199 1505 ‘Nil
221 1464 297 1524 opus
321 1441 382 1506 est'
406 1447 480 1507 dixit
502 1441 696 1506 ‘certamine'
720 1446 864 1509 Romulus
888 1443 982 1509 ‘ullo:

179 1532 282 1612 Magna
307 1533 379 1593 tides
402 1536 498 1594 avium
523 1541 590 1614 est,
614 1535 802 1612 experiamur
825 1532 927 1596 aves.'
1022 1574 1024 1577 v

66 1634 120 1685 815
135 1620 194 1680 Res
217 1621 334 1699 placet.
375 1621 450 1682 alter
473 1621 534 1682 adit
557 1624 707 1682 nemorosi
731 1640 800 1682 saxa
822 1622 931 1684 Palati:

179 1707 262 1769 Alter
284 1709 462 1770 Aventinum
485 1727 569 1769 mane
594 1727 735 1770 cacumen
759 1712 830 1770 init.

136 1796 194 1858 Sex
217 1797 350 1878 Remus,
373 1797 421 1858 bic
445 1797 581 1858 volucres
604 1796 650 1858 bis
674 1815 726 1857 ser
749 1799 828 1859 videt
851 1800 971 1862 ordine.

684 1893 770 1964 pacto

182 1972 284 2034 Statur
295 2020 306 2054 ,
329 1981 359 2033 et
381 1972 537 2033 arbitrium
560 1973 705 2034 Romulus
728 1973 812 2035 urbis
835 1973 939 2035 babet.

137 2061 211 2141 Apta
234 2061 297 2122 dies
320 2060 451 2139 legitur,
475 2079 533 2140 qua
556 2063 672 2123 moenia
696 2064 793 2140 signet
815 2070 930 2123 aratro.

66 2162 122 2212 820
182 2149 271 2210 Sacra
294 2148 371 2209 Palis
394 2148 558 2210 suberant:
590 2148 659 2210 inde
684 2156 819 2210 movetur
842 2167 934 2229 opus.

136 2236 227 2298 Fossa
250 2239 282 2298 tit
305 2237 342 2297 ad
365 2236 514 2318 solidum,
536 2237 638 2319 fruges
660 2239 810 2298 iaciuntur
832 2241 862 2297 in
886 2240 944 2299 ima

180 2324 219 2386 Et
241 2325 277 2385 de
301 2326 397 2405 vicino
421 2331 502 2385 terra
523 2328 615 2404 petita
638 2325 718 2386 solo.

137 2412 228 2474 Fossa
250 2413 384 2491 repletur
407 2413 520 2492 humo,
541 2412 705 2493 plenaeque
729 2415 892 2492 imponitur
915 2432 982 2495 ara,

181 2500 220 2562 Et
242 2518 336 2561 novus
359 2519 483 2562 accenso
506 2501 641 2580 fungitur
663 2504 731 2580 igne
755 2502 857 2562 iocus.

63 2601 121 2656 825
137 2589 208 2650 lude
231 2607 371 2668 premens
394 2592 498 2649 stivam
521 2588 657 2667 designat
680 2591 795 2650 moenia
818 2590 919 2671 sulco;

182 2676 255 2737 Alba
278 2680 380 2755 iugum
403 2679 488 2737 niveo
512 2695 581 2737 cum
604 2676 678 2738 bore
702 2695 788 2738 vacca
811 2678 896 2739 tulit.

138 2764 199 2826 Vox
223 2766 279 2826 suit
301 2765 373 2827 baec
396 2767 499 2844 regis:
533 2761 687 2827 ‘condenti
699 2814 708 2846 ,
732 2764 882 2847 iuppiter,
907 2765 1011 2827 urbem

181 2853 220 2915 Et
241 2856 358 2934 genitor
381 2853 497 2915 Mavors
520 2852 667 2934 Vestaque
691 2861 807 2937 mater,
830 2854 918 2917 ades!

138 2942 278 3023 Quosque
301 2945 384 3023 pium
408 2952 454 3003 est
476 2941 616 3003 adhibere
640 2943 733 3016 deos,
757 2943 900 3004 advertite
924 2941 1042 3003 cuncti!

15 3058 17 3099 ε
64 3042 124 3094 830
182 3030 360 3109 Auspicibus
382 3030 465 3093 robis
488 3031 544 3091 hoc
567 3031 640 3091 mibi
663 3039 766 3109 surgat
788 3048 881 3109 opus.

138 3115 238 3195 Longa
261 3119 299 3177 sit
322 3118 391 3179 buic
414 3127 495 3180 aetas
517 3118 713 3196 dominaeque
736 3120 868 3197 potentia
891 3125 1007 3200 terrae,

15 3244 19 3285 ,
183 3204 287 3283 Sitque
311 3205 367 3267 sub
389 3206 444 3267 hac
467 3210 567 3268 oriens
590 3206 793 3284 occiduusque
816 3200 913 3265 dies.'

137 3291 188 3354 Ille
211 3292 410 3374 precabatur,
433 3296 546 3377 tonitru
569 3295 651 3354 dedit
673 3296 772 3355 omina
794 3293 875 3353 laevo

15 3406 19 3464 q
182 3379 316 3461 luppiter
338 3390 368 3442 et
389 3381 472 3443 laevo
495 3382 617 3444 fulmina
640 3383 731 3449 missa
753 3382 838 3461 polo.
979 3439 980 3443 ,

60 3482 122 3538 836
138 3469 269 3549 Auguria
293 3468 362 3530 laeti
384 3472 495 3547 iaciunt
518 3470 688 3531 fundamina
711 3471 808 3550 cives,
1000 3482 1056 3535 (rsa)

181 3557 220 3619 Et
242 3576 336 3619 novus
359 3560 465 3638 exiguo
490 3566 623 3637 tempore
647 3575 751 3619 murus
775 3566 854 3619 erat.

842 3657 897 3712 20*
