2467 4042
409 227 437 298 l,
461 221 521 291 sut
536 258 573 270 -
586 223 658 289 tin.
988 225 1044 293 tlt

26 393 82 447 335
96 383 156 444 cui
173 396 239 440 non
253 377 366 440 defleto
381 386 430 440 est
440 378 627 457 Ephyraeae
641 375 765 438 dommo
779 376 923 453 Creusae,

145 465 187 526 Et
205 478 282 523 neoe
296 470 436 523 notorum
451 462 686 538 sanguinolenta
699 467 833 535 parens?

99 548 209 610 Flevit
221 546 443 626 Amyntorides
458 562 514 621 per
528 545 632 605 inania
646 546 760 605 luminu
774 544 921 607 Phoenix.

147 632 351 709 Hippolytum
365 628 470 707 pavidi
485 628 655 705 diripuistis
671 629 753 705 equi.

102 715 188 791 Quid
205 714 285 775 lodis
299 715 464 790 inmeritis,
485 713 614 787 Phineu,
638 729 695 774 sua
708 710 824 774 limina
838 714 938 775 natist

28 812 88 867 nto
145 799 253 860 Poeno
266 814 430 860 reversuro
444 805 492 858 ost
505 797 535 857 in
551 804 644 874 eaput
658 797 716 857 istu
730 804 822 859 tuum.

105 884 220 945 Omnia
233 883 366 945 leminea
380 891 451 944 sunt
464 881 524 943 isto
537 881 663 942 libidine
677 887 768 942 moto.

148 967 262 1028 Aerior
275 975 324 1028 est
336 974 455 1040 nostre,
479 967 613 1042 plusque
626 965 738 1029 luroris
751 964 854 1027 hibet

103 1053 190 1129 Ergo
206 1067 276 1128 ege,
300 1067 339 1111 ne
353 1050 458 1113 dubito
473 1057 599 1112 euneos
612 1065 741 1127 sperone
755 1050 883 1124 puellos.

148 1135 285 1199 vixerit
299 1151 317 1194 e
332 1136 435 1196 multis
450 1150 530 1210 quae
544 1142 649 1210 negot,
672 1150 734 1199 une
747 1132 809 1193 tibi.

33 1231 90 1284 345
105 1220 560 1295 Quaedanlquaeque'negenb
574 1217 710 1293 gaudent
721 1225 820 1279 tomen
829 1233 901 1280 esse
912 1228 1043 1295 rogatae

61 1311 88 1419 γ
148 1303 263 1365 Utinm
279 1304 410 1377 fallaris,
433 1311 496 1364 bito
509 1303 637 1378 repulse
653 1308 705 1363 tue
719 1308 775 1363 est.

106 1388 171 1447 Sed
189 1404 242 1449 our
254 1387 387 1461 fallaris,
409 1402 478 1447 eum
491 1386 532 1447 sit
546 1402 629 1447 nouo
642 1393 729 1461 grele
743 1386 895 1461 voluptas,

148 1472 188 1531 Et
203 1470 327 1547 capient
340 1469 459 1533 animos
476 1472 545 1546 plus
560 1470 661 1531 aliona
672 1469 761 1533 suist

106 1556 248 1616 Fertilior
262 1570 356 1630 seges
371 1562 418 1616 est
430 1554 537 1615 olienis
553 1569 677 1630 semper
689 1554 719 1613 in
735 1555 827 1630 egris,

35 1649 93 1702 sno
146 1638 354 1714 Vicinumque
371 1654 466 1715 pecus
480 1635 627 1714 penditis
641 1636 719 1699 uber
732 1637 832 1698 nubet

107 1723 171 1784 Sed
185 1721 274 1797 prius
288 1723 430 1782 ancillam
444 1718 616 1797 capiendae
631 1736 726 1782 nosso
741 1722 860 1797 puellos

149 1806 228 1868 curo
243 1808 291 1868 sil.
316 1822 464 1867 necessus
478 1804 594 1867 molliet
605 1807 659 1866 illu
673 1813 752 1869 tuos.

104 1891 248 1953 Proximo
264 1890 401 1953 consiliis
417 1891 559 1953 dominos
572 1890 614 1953 αι
627 1897 660 1951 ιιι
674 1889 740 1965 illa,
762 1890 874 1963 videto,

147 1975 234 2035 Neve
248 1991 357 2051 porum
371 1974 470 2036 tacitis
486 1976 612 2039 conseia
629 1974 693 2035 ilde
705 1973 794 2035 iouis

36 2067 93 2120 ³55
103 2058 191 2120 Hane
204 2065 237 2119 ιιι
255 2059 414 2134 pollicitis,
436 2060 515 2119 hono
530 2065 563 2118 tu
577 2072 741 2132 corrumpe
751 2058 906 2133 rogando:

149 2141 237 2216 Quod
252 2141 349 2217 petis,
370 2141 413 2201 ori
424 2142 520 2215 loelli,
543 2142 669 2203 sivolet
683 2140 748 2213 illa,
770 2142 862 2205 ieros.

106 2227 160 2286 llln
173 2226 254 2301 leget
265 2232 424 2301 tompusw
444 2224 555 2286 mediol
572 2240 696 2300 quoque
708 2231 847 2301 tempora
861 2234 1018 2287 servent...

148 2309 215 2384 Quo
231 2309 330 2370 looilis
347 2310 488 2370 donninee
502 2325 589 2371 mons
605 2310 645 2370 sit
659 2315 690 2373 et
702 2315 775 2384 opto
789 2309 867 2386 oapi.

106 2393 195 2454 Mens
209 2393 266 2454 erit
280 2400 352 2470 apta
366 2394 435 2470 oapi
450 2400 527 2468 tum,
550 2409 618 2454 com
634 2393 800 2453 laetissimo
815 2409 914 2454 rerum
955 2458 961 2462 ,

38 2484 95 2539 ³60
146 2476 188 2538 Ut
201 2492 295 2552 seges
311 2477 341 2536 in
357 2477 462 2553 pingui
476 2475 641 2539 luxuriabit
653 2477 756 2538 burno.

107 2562 236 2621 Pectora
250 2561 324 2621 dum
338 2562 474 2637 gaudent
490 2578 547 2622 neo
563 2569 635 2623 sunt
649 2561 795 2624 ooeulotn
807 2561 925 2636 dolore,

148 2644 222 2719 ipsa
236 2651 350 2721 potent.
371 2645 486 2706 blanda
500 2651 562 2707 tum
577 2645 739 2706 subitone
753 2646 869 2708 Venus.

105 2729 195 2801 Tum,
217 2743 286 2789 oum
300 2729 396 2790 tristis
411 2736 491 2803 eret,
511 2730 640 2791 detonso
655 2735 704 2790 ost
716 2727 790 2791 llius
805 2731 912 2792 armine

147 2811 294 2872 Militibus
309 2813 469 2889 gravidum
486 2815 565 2874 laete
578 2813 696 2889 recepit
711 2830 833 2888 equorn.

39 2898 177 2958 ossium
194 2912 319 2972 quoquo
340 2897 516 2973 temptanda
531 2903 592 2972 est,
617 2914 685 2958 oum
702 2898 802 2974 pelioe
817 2901 901 2960 laeso
917 2896 1031 2958 dolebit

147 2980 225 3040 Tum
239 2979 334 3041 iacies
350 2997 460 3056 opere,
482 2980 698 3054 multinuba,
723 2989 783 3044 ιιιιι.

104 3064 193 3123 Hane
208 3065 373 3125 matutinos
389 3073 517 3141 pectens
530 3065 641 3126 enoillo
656 3067 784 3143 capillos

149 3146 271 3223 incitet,
295 3156 325 3211 et
339 3150 408 3209 velo
423 3148 546 3223 remigis
561 3150 656 3212 addat
671 3167 771 3227 opem,

103 3232 143 3291 Et
156 3247 263 3293 seeum
277 3233 358 3294 tenui
375 3232 536 3309 suspirans
550 3251 704 3296 murmure
718 3235 799 3296 diout

37 3322 91 3377 olo
146 3315 199 3377 ‘Ut
215 3323 307 3393 puto,
331 3333 390 3379 non
406 3324 532 3393 potores
547 3317 617 3393 ipso
631 3320 746 3380 reterre
759 3320 882 3382 vinem!

100 3400 178 3460 Tum
196 3399 236 3461 de
251 3409 282 3463 te
295 3408 412 3475 narret,
434 3407 496 3462 turn
513 3403 731 3478 persuadentia
744 3404 840 3466 verbu

146 3484 266 3559 Addat,
290 3492 320 3546 et
334 3486 444 3546 insono
461 3486 538 3546 iuret
553 3503 657 3548 emore
671 3487 758 3549 mori.

59 3580 146 3627 ovio.
168 3567 190 3627 1.
283 3594 287 3599 ·
848 3583 881 3635 tn
