2467 4042
480 279 512 331 V.
532 280 682 331 245-318.

212 442 236 501 A
259 441 334 503 duce
357 441 488 501 Puniceo
511 441 657 523 pertulit,
679 442 743 519 ipse
766 440 862 502 13333.

167 529 229 591 Ν33
251 528 306 591 tibi
330 527 462 590 subsidio
485 546 628 609 praesens
652 531 691 590 sit
713 545 845 610 numen,
868 536 903 589 ut
925 527 986 608 illi,

212 617 268 679 Cui
289 617 333 678 nil
355 615 481 679 Rhoetei
503 617 616 696 profuit
639 634 689 676 333
711 615 806 677 13313.

103 718 154 767 285
167 705 266 785 thue
289 705 371 766 dedit
393 704 486 767 saltus
508 696 546 765 de
569 722 684 766 summa
707 703 866 766 Thessalus
889 703 980 785 Ossa,

212 794 257 855 Tu
281 811 401 873 quoqne
424 812 528 854 saxoso
551 794 748 873 praecipitere
771 794 859 871 ingo.

105 916 141 925 -
168 882 227 944 Aut
244 882 325 943 33131
342 880 524 962 Eurylochi,
547 884 600 961 qui
618 888 770 961 sceptrum
793 883 872 960 cepit
895 881 932 942 ab
951 880 1020 961 illo,
1047 892 1090 945 tu)

213 970 280 1032 Sint
302 978 385 1032 33133
408 970 499 1032 avidis
522 969 670 1050 anguibus
692 986 761 1030 esca
783 971 845 1031 tui.

168 1058 219 1120 Vel
243 1068 293 1121 tua
316 1066 467 1140 maturet,
491 1061 569 1121 sicut
590 1058 701 1120 Minoia
723 1059 800 1138 lata,

101 1161 153 1211 333
211 1147 269 1210 Ρ33
292 1157 381 1228 33331
404 1149 519 1209 infusae
543 1148 675 1209 fervidus
699 1164 787 1209 umor
809 1163 922 1227 aquae.

167 1236 265 1315 thue
288 1255 414 1317 operum
431 1238 534 1317 mitis,
557 1236 610 1298 sed
633 1254 693 1298 non
716 1238 857 1317 impune,
875 1233 1089 1316 Prometheus,

94 1366 106 1386 c
212 1326 314 1385 Aerias
337 1325 474 1385 volucres
497 1324 640 1404 compede
663 1325 740 1385 11333
762 1323 840 1385 3133.

102 1445 143 1455 -
167 1413 226 1472 Aut
247 1412 329 1473 velut
346 1411 519 1492 Etracides,
541 1430 647 1490 magno
667 1420 713 1474 133
737 1410 773 1473 ab
792 1411 920 1474 Hercule
944 1413 1089 1493 quintus,

213 1497 324 1561 Caesus
346 1501 377 1559 in
400 1501 568 1562 inmensum
590 1501 739 1578 proiciare
762 1501 890 1562 fretum.

102 1600 153 1650 333
168 1588 227 1649 Ant
249 1595 283 1647 ut
305 1586 521 1669 Amyntiaden,
544 1590 627 1667 turpi
649 1588 775 1650 dilectus
798 1606 898 1651 amore

213 1674 339 1756 Oderit,
363 1684 393 1736 31
416 1692 504 1736 33333
526 1676 664 1737 33133331
686 1693 757 1737 3333
781 1693 878 1755 3333.

166 1764 229 1825 Ν33
251 1764 307 1825 tibi
329 1762 387 1823 fida
410 1764 503 1842 magis
525 1765 647 1826 misceri
669 1764 775 1843 333313
796 1767 929 1847 possint,

212 1851 307 1923 Quam
331 1854 384 1931 qui
406 1853 562 1930 cornigero
585 1852 622 1913 de
645 1851 714 1913 1333
737 1860 824 1914 33133
848 1862 930 1915 3331.

167 1940 249 2002 11333
272 1940 320 2001 331
342 1942 472 2002 13133333
495 1942 574 2020 33311
597 1957 762 2021 333333333
785 1940 912 2020 Achaei,

100 2043 152 2092 333
213 2029 272 2100 031
294 2031 384 2090 miser
407 2029 537 2090 aurifera
559 2035 636 2090 teste
659 2028 800 2109 pependit
823 2047 916 2109 aqua.

167 2120 226 2179 Aut
248 2124 282 2178 ut
304 2116 491 2199 Achilliden,
515 2125 640 2197 cognato
663 2119 782 2178 nomine
806 2118 936 2200 clarum,

211 2204 367 2286 Opprimat
388 2205 489 2267 hostili
511 2205 611 2286 tegula
633 2208 710 2268 iacta
732 2223 839 2268 manu.

166 2293 227 2355 Nec
251 2303 302 2355 133
324 2312 412 2374 quam
434 2293 543 2373 Pyrrhi
564 2294 681 2356 13113133
703 2311 771 2355 3333
794 2297 967 2376 quiescant,

212 2382 320 2462 Sparsa
342 2401 397 2463 per
416 2381 586 2444 Ambracias
609 2400 686 2462 qnae
708 2385 827 2445 iacuere
850 2385 928 2444 3133.

100 2483 152 2532 333
167 2470 298 2549 Nataque
322 2479 357 2532 31
378 2471 520 2532 Aeacidae
543 2472 648 2533 iaculis
671 2473 807 2533 moriaris
831 2470 959 2552 adactis3

211 2557 277 2619 Non
300 2558 370 2619 licet
392 2558 450 2620 boc
472 2558 575 2621 Cereri
598 2559 785 2621 dissimulare
808 2576 945 2621 sacrum.

166 2645 262 2725 thue
286 2664 379 2726 nepos
402 2647 474 2708 dicti
497 2656 601 2710 nostro
625 2647 712 2709 modo
736 2650 866 2709 carmine
889 2650 988 2729 regis,

211 2733 423 2797 Cantharidum
445 2753 534 2796 sncos
557 2736 646 2799 dante
669 2743 792 2816 parente
816 2735 917 2797 bibas.

166 2822 225 2885 Aut
246 2826 295 2903 pia
317 2831 347 2886 to
371 2841 458 2885 caeso
481 2823 597 2887 dicatur
620 2824 776 2904 adultera,
799 2825 877 2886 sicut
1043 2837 1085 2889 (ut

99 2924 151 2973 310
210 2911 275 2982 Qua
297 2911 406 2974 cecidit
427 2911 549 2974 Leucon
572 2911 711 2994 vindice,
733 2911 811 2974 dicta
833 2915 881 2992 pia
904 2922 966 2975 est.

164 2999 257 3079 loque
280 3017 385 3079 pyram
406 3006 506 3061 tecum
530 3002 682 3062 carissima
705 3018 831 3080 corpora
853 3002 970 3081 mittas,

210 3087 306 3158 Quem
328 3088 417 3148 linem
440 3089 517 3148 31133
540 3087 766 3168 Sardanapallus
788 3088 895 3150 habet.

164 3175 262 3254 thue
286 3173 363 3235 13313
385 3173 489 3252 Libyci
511 3176 655 3255 templum
678 3176 787 3238 3131333
809 3184 965 3257 parantes,

208 3264 280 3325 Acta
304 3269 375 3324 3313
399 3262 498 3325 331133
521 3264 629 3325 condat
651 3264 761 3326 harena
784 3273 873 3328 1333.

96 3351 262 3432 3131113333
287 3357 460 3416 necatorum
481 3349 570 3414 Darei
592 3352 697 3414 frande
721 3353 864 3434 secundi,

209 3440 258 3503 Sic
281 3448 333 3502 tna
356 3438 514 3502 subsidens
536 3440 734 3503 (1333331333
757 3443 850 3503 cinis.

163 3530 223 3592 Aut
245 3538 279 3591 ut
301 3529 435 3590 olivifera
458 3529 606 3608 quondam
631 3529 757 3610 Sicyone
780 3530 933 3611 prolecto,

208 3618 254 3680 Sit
276 3618 370 3698 frigus
392 3620 497 3680 mortis
521 3636 609 3681 causa
632 3618 784 3698 famesque
807 3625 892 3680 1333.
