<?xml version="1.0" encoding="UTF-8"?>
<!DOCTYPE html PUBLIC "-//W3C//DTD XHTML 1.0 Transitional//EN"
    "http://www.w3.org/TR/xhtml1/DTD/xhtml1-transitional.dtd">
<html xmlns="http://www.w3.org/1999/xhtml" xml:lang="en" lang="en">
 <head>
  <title>
</title>
<meta http-equiv="Content-Type" content="text/html;charset=utf-8" />
  <meta name='ocr-system' content='tesseract 3.04.00' />
  <meta name='ocr-capabilities' content='ocr_page ocr_carea ocr_par ocr_line ocrx_word'/>
</head>
<body>
  <div class='ocr_page' id='page_1' title='image "./povidiusnaso00ehwagoog_0215.png"; bbox 0 0 2467 4042; ppageno 0'>
   <div class='ocr_carea' id='block_1_1' title="bbox 190 298 1047 380">
    <p class='ocr_par' dir='ltr' id='par_1_1' title="bbox 190 298 1047 380">
     <span class='ocr_line' id='line_1_1' title="bbox 190 298 1047 380; baseline 0 -17"><span class='ocrx_word' id='word_1_1' title='bbox 190 303 271 365; x_wconf 80' lang='lat' dir='ltr'>xvi.</span> <span class='ocrx_word' id='word_1_2' title='bbox 296 301 416 380; x_wconf 69' lang='lat' dir='ltr'>[xus]</span> <span class='ocrx_word' id='word_1_3' title='bbox 437 299 656 360; x_wconf 75' lang='lat' dir='ltr'>nouenae</span> <span class='ocrx_word' id='word_1_4' title='bbox 678 298 790 362; x_wconf 78' lang='lat'>156-</span> <span class='ocrx_word' id='word_1_5' title='bbox 804 298 875 362; x_wconf 76' lang='lat'>231.</span> <span class='ocrx_word' id='word_1_6' title='bbox 986 299 1047 364; x_wconf 84' lang='lat' dir='ltr'>reo</span> 
     </span>
    </p>
   </div>
   <div class='ocr_carea' id='block_1_2' title="bbox 31 452 991 3642">
    <p class='ocr_par' dir='ltr' id='par_1_2' title="bbox 31 452 991 3642">
     <span class='ocr_line' id='line_1_2' title="bbox 145 452 743 528; baseline -0.008 -13"><span class='ocrx_word' id='word_1_7' title='bbox 145 456 179 515; x_wconf 89' lang='lat' dir='ltr'>ln</span> <span class='ocrx_word' id='word_1_8' title='bbox 195 471 257 517; x_wconf 89' lang='lat' dir='ltr'>non</span> <span class='ocrx_word' id='word_1_9' title='bbox 272 453 416 514; x_wconf 81' lang='lat' dir='ltr'><strong>exhibitis</strong></span> <span class='ocrx_word' id='word_1_10' title='bbox 432 458 562 528; x_wconf 82' lang='lat' dir='ltr'>utraque</span> <span class='ocrx_word' id='word_1_11' title='bbox 574 453 644 513; x_wconf 89' lang='lat' dir='ltr'>lusa</span> <span class='ocrx_word' id='word_1_12' title='bbox 657 452 743 514; x_wconf 88' lang='lat' dir='ltr'>toris.</span> 
     </span>
     <span class='ocr_line' id='line_1_3' title="bbox 33 536 914 615; baseline -0.009 -9"><span class='ocrx_word' id='word_1_13' title='bbox 33 549 84 606; x_wconf 75' lang='lat'>195</span> <span class='ocrx_word' id='word_1_14' title='bbox 95 541 145 602; x_wconf 71' lang='lat' dir='ltr'>Tu</span> <span class='ocrx_word' id='word_1_15' title='bbox 159 536 446 615; x_wconf 79' lang='lat' dir='ltr'>quoqueutltectam</span> <span class='ocrx_word' id='word_1_16' title='bbox 456 539 589 610; x_wconf 76' lang='lat' dir='ltr'>nultos,</span> <span class='ocrx_word' id='word_1_17' title='bbox 610 536 722 612; x_wconf 82' lang='lat' dir='ltr'>infide,</span> <span class='ocrx_word' id='word_1_18' title='bbox 742 552 799 613; x_wconf 86' lang='lat' dir='ltr'>per</span> <span class='ocrx_word' id='word_1_19' title='bbox 814 553 914 598; x_wconf 89' lang='lat' dir='ltr'>annos</span> 
     </span>
     <span class='ocr_line' id='line_1_4' title="bbox 142 619 730 689; baseline -0.009 -5"><span class='ocrx_word' id='word_1_20' title='bbox 142 622 264 685; x_wconf 87' lang='lat' dir='ltr'>Diceris</span> <span class='ocrx_word' id='word_1_21' title='bbox 278 620 427 684; x_wconf 80' lang='lat' dir='ltr'>Oenonen</span> <span class='ocrx_word' id='word_1_22' title='bbox 442 619 623 683; x_wconf 77' lang='lat' dir='ltr'><strong>destituisse</strong></span> <span class='ocrx_word' id='word_1_23' title='bbox 636 626 730 689; x_wconf 81' lang='lat' dir='ltr'>tuam.</span> 
     </span>
     <span class='ocr_line' id='line_1_5' title="bbox 98 703 866 782; baseline -0.005 -13"><span class='ocrx_word' id='word_1_24' title='bbox 98 709 164 769; x_wconf 78' lang='lat' dir='ltr'>Nee</span> <span class='ocrx_word' id='word_1_25' title='bbox 179 715 289 768; x_wconf 84' lang='lat' dir='ltr'>tamen·</span> <span class='ocrx_word' id='word_1_26' title='bbox 295 706 366 782; x_wconf 84' lang='lat' dir='ltr'>ipse</span> <span class='ocrx_word' id='word_1_27' title='bbox 380 720 488 780; x_wconf 80' lang='lat' dir='ltr'>nages.</span> <span class='ocrx_word' id='word_1_28' title='bbox 505 704 645 766; x_wconf 84' lang='lat' dir='ltr'>etnobis</span> <span class='ocrx_word' id='word_1_29' title='bbox 662 703 766 766; x_wconf 88' lang='lat' dir='ltr'>omnia</span> <span class='ocrx_word' id='word_1_30' title='bbox 780 705 820 765; x_wconf 92' lang='lat' dir='ltr'>de</span> <span class='ocrx_word' id='word_1_31' title='bbox 834 713 866 766; x_wconf 87' lang='lat' dir='ltr'>te</span> 
     </span>
     <span class='ocr_line' id='line_1_6' title="bbox 143 789 821 867; baseline -0.006 -14"><span class='ocrx_word' id='word_1_32' title='bbox 143 792 316 867; x_wconf 80' lang='lat' dir='ltr'>Quaerere,</span> <span class='ocrx_word' id='word_1_33' title='bbox 333 790 362 850; x_wconf 85' lang='lat' dir='ltr'>si</span> <span class='ocrx_word' id='word_1_34' title='bbox 372 789 496 862; x_wconf 87' lang='lat' dir='ltr'>nescis,</span> <span class='ocrx_word' id='word_1_35' title='bbox 509 789 651 850; x_wconf 72' lang='lat' dir='ltr'>maxima</span> <span class='ocrx_word' id='word_1_36' title='bbox 660 805 740 850; x_wconf 83' lang='lat' dir='ltr'>cure</span> <span class='ocrx_word' id='word_1_37' title='bbox 754 789 821 852; x_wconf 87' lang='lat' dir='ltr'>luit.</span> 
     </span>
     <span class='ocr_line' id='line_1_7' title="bbox 100 872 971 951; baseline -0.002 -14"><span class='ocrx_word' id='word_1_38' title='bbox 100 876 194 937; x_wconf 81' lang='lat' dir='ltr'>Adde</span> <span class='ocrx_word' id='word_1_39' title='bbox 210 873 653 951; x_wconf 81' lang='lat' dir='ltr'>quod,··ut·cupias-coustens</span> <span class='ocrx_word' id='word_1_40' title='bbox 666 872 699 934; x_wconf 93' lang='lat' dir='ltr'>in</span> <span class='ocrx_word' id='word_1_41' title='bbox 714 889 822 935; x_wconf 87' lang='lat' dir='ltr'>amore</span> <span class='ocrx_word' id='word_1_42' title='bbox 836 890 971 947; x_wconf 82' lang='lat' dir='ltr'>monere,</span> 
     </span>
     <span class='ocr_line' id='line_1_8' title="bbox 31 956 909 1035; baseline -0.01 -10"><span class='ocrx_word' id='word_1_43' title='bbox 31 973 89 1025; x_wconf 74' lang='lat' dir='ltr'>wo</span> <span class='ocrx_word' id='word_1_44' title='bbox 141 961 211 1021; x_wconf 85' lang='lat' dir='ltr'>Non</span> <span class='ocrx_word' id='word_1_45' title='bbox 226 965 329 1035; x_wconf 88' lang='lat' dir='ltr'>potes.</span> <span class='ocrx_word' id='word_1_46' title='bbox 339 956 662 1033; x_wconf 69' lang='lat' dir='ltr'>‹expediunt-iamne</span> <span class='ocrx_word' id='word_1_47' title='bbox 676 958 747 1018; x_wconf 88' lang='lat' dir='ltr'>vela</span> <span class='ocrx_word' id='word_1_48' title='bbox 760 956 909 1034; x_wconf 77' lang='lat' dir='ltr'>Phryges.</span> 
     </span>
     <span class='ocr_line' id='line_1_9' title="bbox 99 1041 946 1119; baseline -0.002 -13"><span class='ocrx_word' id='word_1_49' title='bbox 99 1045 180 1106; x_wconf 86' lang='lat' dir='ltr'>Dum</span> <span class='ocrx_word' id='word_1_50' title='bbox 195 1043 334 1119; x_wconf 81' lang='lat' dir='ltr'>loqueris</span> <span class='ocrx_word' id='word_1_51' title='bbox 348 1058 485 1116; x_wconf 88' lang='lat' dir='ltr'>mecum,</span> <span class='ocrx_word' id='word_1_52' title='bbox 499 1041 659 1104; x_wconf 76' lang='lat' dir='ltr'>-dumnox</span> <span class='ocrx_word' id='word_1_53' title='bbox 672 1049 797 1118; x_wconf 87' lang='lat' dir='ltr'>sperate</span> <span class='ocrx_word' id='word_1_54' title='bbox 811 1050 946 1118; x_wconf 83' lang='lat' dir='ltr'>paratur,</span> 
     </span>
     <span class='ocr_line' id='line_1_10' title="bbox 144 1124 861 1204; baseline -0.007 -14"><span class='ocrx_word' id='word_1_55' title='bbox 144 1128 203 1204; x_wconf 82' lang='lat' dir='ltr'>Qui</span> <span class='ocrx_word' id='word_1_56' title='bbox 217 1127 297 1188; x_wconf 85' lang='lat' dir='ltr'>ierat</span> <span class='ocrx_word' id='word_1_57' title='bbox 310 1128 341 1187; x_wconf 94' lang='lat' dir='ltr'>in</span> <span class='ocrx_word' id='word_1_58' title='bbox 352 1126 501 1204; x_wconf 84' lang='lat' dir='ltr'>patriam,</span> <span class='ocrx_word' id='word_1_59' title='bbox 522 1126 585 1186; x_wconf 84' lang='lat' dir='ltr'>iem</span> <span class='ocrx_word' id='word_1_60' title='bbox 598 1124 653 1187; x_wconf 89' lang='lat' dir='ltr'>tibi</span> <span class='ocrx_word' id='word_1_61' title='bbox 666 1133 776 1188; x_wconf 88' lang='lat' dir='ltr'>ventus</span> <span class='ocrx_word' id='word_1_62' title='bbox 793 1125 861 1187; x_wconf 88' lang='lat' dir='ltr'>erit.</span> 
     </span>
     <span class='ocr_line' id='line_1_11' title="bbox 101 1207 854 1287; baseline -0.003 -14"><span class='ocrx_word' id='word_1_63' title='bbox 101 1210 252 1273; x_wconf 82' lang='lat' dir='ltr'>Cursibus</span> <span class='ocrx_word' id='word_1_64' title='bbox 258 1210 297 1272; x_wconf 85' lang='lat' dir='ltr'>in</span> <span class='ocrx_word' id='word_1_65' title='bbox 312 1210 425 1272; x_wconf 90' lang='lat' dir='ltr'>mediis</span> <span class='ocrx_word' id='word_1_66' title='bbox 439 1207 584 1270; x_wconf 84' lang='lat' dir='ltr'>novitetis</span> <span class='ocrx_word' id='word_1_67' title='bbox 597 1210 692 1285; x_wconf 89' lang='lat' dir='ltr'>plena</span> <span class='ocrx_word' id='word_1_68' title='bbox 705 1208 854 1287; x_wconf 85' lang='lat' dir='ltr'>relinquis</span> 
     </span>
     <span class='ocr_line' id='line_1_12' title="bbox 145 1293 826 1357; baseline -0.004 0"><span class='ocrx_word' id='word_1_69' title='bbox 145 1295 275 1357; x_wconf 82' lang='lat' dir='ltr'>Gaudia</span> <span class='ocrx_word' id='word_1_70' title='bbox 293 1311 369 1357; x_wconf 80' lang='lat' dir='ltr'>cum</span> <span class='ocrx_word' id='word_1_71' title='bbox 385 1294 486 1355; x_wconf 84' lang='lat' dir='ltr'>ventis</span> <span class='ocrx_word' id='word_1_72' title='bbox 501 1293 717 1355; x_wconf 85' lang='lat' dir='ltr'>noster-ebibit</span> <span class='ocrx_word' id='word_1_73' title='bbox 730 1309 826 1355; x_wconf 86' lang='lat' dir='ltr'>arnor.</span> 
     </span>
     <span class='ocr_line' id='line_1_13' title="bbox 34 1376 991 1455; baseline -0.006 -11"><span class='ocrx_word' id='word_1_74' title='bbox 34 1389 147 1445; x_wconf 64' lang='lat' dir='ltr'>steen</span> <span class='ocrx_word' id='word_1_75' title='bbox 167 1395 298 1455; x_wconf 79' lang='lat' dir='ltr'>sequen,</span> <span class='ocrx_word' id='word_1_76' title='bbox 319 1378 499 1450; x_wconf 69' lang='lat' dir='ltr'>nomades,</span> <span class='ocrx_word' id='word_1_77' title='bbox 520 1378 707 1454; x_wconf 83' lang='lat' dir='ltr'>laudataque</span> <span class='ocrx_word' id='word_1_78' title='bbox 720 1377 869 1454; x_wconf 75' lang='lat' dir='ltr'>Pergamo</span> <span class='ocrx_word' id='word_1_79' title='bbox 884 1376 991 1451; x_wconf 71' lang='lat' dir='ltr'>visam</span> 
     </span>
     <span class='ocr_line' id='line_1_14' title="bbox 143 1462 797 1538; baseline -0.003 -15"><span class='ocrx_word' id='word_1_80' title='bbox 143 1463 303 1524; x_wconf 87' lang='lat' dir='ltr'>Pronurus</span> <span class='ocrx_word' id='word_1_81' title='bbox 318 1471 351 1523; x_wconf 92' lang='lat' dir='ltr'>et</span> <span class='ocrx_word' id='word_1_82' title='bbox 366 1462 469 1538; x_wconf 78' lang='lat' dir='ltr'>magni</span> <span class='ocrx_word' id='word_1_83' title='bbox 479 1462 704 1523; x_wconf 70' lang='lat' dir='ltr'>Laumedontis</span> <span class='ocrx_word' id='word_1_84' title='bbox 713 1469 797 1522; x_wconf 82' lang='lat' dir='ltr'>erut</span> 
     </span>
     <span class='ocr_line' id='line_1_15' title="bbox 100 1545 865 1621; baseline -0.004 -11"><span class='ocrx_word' id='word_1_85' title='bbox 100 1550 171 1610; x_wconf 76' lang='lat' dir='ltr'>lion</span> <span class='ocrx_word' id='word_1_86' title='bbox 184 1548 227 1608; x_wconf 87' lang='lat' dir='ltr'>ita</span> <span class='ocrx_word' id='word_1_87' title='bbox 242 1554 405 1608; x_wconf 82' lang='lat' dir='ltr'>contemno</span> <span class='ocrx_word' id='word_1_88' title='bbox 420 1545 557 1609; x_wconf 82' lang='lat' dir='ltr'>uolucris</span> <span class='ocrx_word' id='word_1_89' title='bbox 573 1546 741 1621; x_wconf 80' lang='lat' dir='ltr'>praeconia</span> <span class='ocrx_word' id='word_1_90' title='bbox 755 1547 865 1621; x_wconf 78' lang='lat' dir='ltr'>lemae,</span> 
     </span>
     <span class='ocr_line' id='line_1_16' title="bbox 142 1630 741 1707; baseline -0.002 -15"><span class='ocrx_word' id='word_1_91' title='bbox 142 1632 186 1693; x_wconf 86' lang='lat' dir='ltr'>Ut</span> <span class='ocrx_word' id='word_1_92' title='bbox 197 1632 321 1707; x_wconf 86' lang='lat' dir='ltr'>probris</span> <span class='ocrx_word' id='word_1_93' title='bbox 334 1630 576 1706; x_wconf 85' lang='lat' dir='ltr'>terrasimpleet</span> <span class='ocrx_word' id='word_1_94' title='bbox 589 1630 643 1691; x_wconf 92' lang='lat' dir='ltr'>illa</span> <span class='ocrx_word' id='word_1_95' title='bbox 653 1630 741 1692; x_wconf 89' lang='lat' dir='ltr'>mels.</span> 
     </span>
     <span class='ocr_line' id='line_1_17' title="bbox 102 1713 884 1793; baseline -0.004 -15"><span class='ocrx_word' id='word_1_96' title='bbox 102 1715 183 1793; x_wconf 81' lang='lat' dir='ltr'>Quid</span> <span class='ocrx_word' id='word_1_97' title='bbox 197 1715 239 1776; x_wconf 88' lang='lat' dir='ltr'>de</span> <span class='ocrx_word' id='word_1_98' title='bbox 252 1729 302 1775; x_wconf 89' lang='lat' dir='ltr'>me</span> <span class='ocrx_word' id='word_1_99' title='bbox 315 1713 430 1792; x_wconf 88' lang='lat' dir='ltr'>poterit</span> <span class='ocrx_word' id='word_1_100' title='bbox 439 1713 568 1790; x_wconf 75' lang='lat' dir='ltr'>spone,</span> <span class='ocrx_word' id='word_1_101' title='bbox 588 1714 665 1789; x_wconf 84' lang='lat' dir='ltr'>quid</span> <span class='ocrx_word' id='word_1_102' title='bbox 677 1714 798 1775; x_wconf 75' lang='lat' dir='ltr'>Aetolo</span> <span class='ocrx_word' id='word_1_103' title='bbox 811 1721 884 1787; x_wconf 80' lang='lat' dir='ltr'>tote,</span> 
     </span>
     <span class='ocr_line' id='line_1_18' title="bbox 35 1796 845 1876; baseline -0.007 -12"><span class='ocrx_word' id='word_1_104' title='bbox 35 1812 88 1864; x_wconf 73' lang='lat' dir='ltr'>tto</span> <span class='ocrx_word' id='word_1_105' title='bbox 142 1799 223 1875; x_wconf 82' lang='lat' dir='ltr'>Quid</span> <span class='ocrx_word' id='word_1_106' title='bbox 237 1807 345 1876; x_wconf 79' lang='lat' dir='ltr'>gentes</span> <span class='ocrx_word' id='word_1_107' title='bbox 360 1799 455 1874; x_wconf 78' lang='lat' dir='ltr'>aliee,</span> <span class='ocrx_word' id='word_1_108' title='bbox 472 1799 621 1874; x_wconf 70' lang='lat' dir='ltr'>ouid‘tua</span> <span class='ocrx_word' id='word_1_109' title='bbox 631 1798 724 1860; x_wconf 63' lang='lat' dir='ltr'>⁴Troie</span> <span class='ocrx_word' id='word_1_110' title='bbox 737 1796 845 1873; x_wconf 78' lang='lat' dir='ltr'>locuit</span> 
     </span>
     <span class='ocr_line' id='line_1_19' title="bbox 99 1878 920 1960; baseline -0.005 -14"><span class='ocrx_word' id='word_1_111' title='bbox 99 1883 180 1960; x_wconf 83' lang='lat' dir='ltr'>Quid</span> <span class='ocrx_word' id='word_1_112' title='bbox 194 1882 335 1945; x_wconf 80' lang='lat' dir='ltr'>Priamus</span> <span class='ocrx_word' id='word_1_113' title='bbox 350 1883 470 1956; x_wconf 74' lang='lat' dir='ltr'>dome,</span> <span class='ocrx_word' id='word_1_114' title='bbox 485 1878 603 1943; x_wconf 41' lang='lat' dir='ltr'>lenient</span> <span class='ocrx_word' id='word_1_115' title='bbox 616 1883 694 1959; x_wconf 78' lang='lat' dir='ltr'>quid</span> <span class='ocrx_word' id='word_1_116' title='bbox 703 1884 820 1944; x_wconf 80' lang='lat' dir='ltr'>sentiet</span> <span class='ocrx_word' id='word_1_117' title='bbox 833 1899 920 1957; x_wconf 86' lang='lat' dir='ltr'>uxor,</span> 
     </span>
     <span class='ocr_line' id='line_1_20' title="bbox 144 1966 854 2044; baseline -0.004 -15"><span class='ocrx_word' id='word_1_118' title='bbox 144 1969 264 2043; x_wconf 83' lang='lat' dir='ltr'>Totque</span> <span class='ocrx_word' id='word_1_119' title='bbox 277 1969 321 2030; x_wconf 92' lang='lat' dir='ltr'>tui</span> <span class='ocrx_word' id='word_1_120' title='bbox 339 1967 449 2028; x_wconf 74' lang='lat' dir='ltr'>tratres</span> <span class='ocrx_word' id='word_1_121' title='bbox 459 1966 720 2044; x_wconf 78' lang='lat' dir='ltr'>ilerdenidesque</span> <span class='ocrx_word' id='word_1_122' title='bbox 736 1973 854 2028; x_wconf 85' lang='lat' dir='ltr'>nurust</span> 
     </span>
     <span class='ocr_line' id='line_1_21' title="bbox 99 2051 947 2128; baseline -0.002 -15"><span class='ocrx_word' id='word_1_123' title='bbox 99 2053 146 2114; x_wconf 86' lang='lat' dir='ltr'>&#39;lu</span> <span class='ocrx_word' id='word_1_124' title='bbox 159 2067 301 2128; x_wconf 84' lang='lat' dir='ltr'>quoquc,</span> <span class='ocrx_word' id='word_1_125' title='bbox 325 2051 592 2128; x_wconf 80' lang='lat' dir='ltr'>quipoteristore</span> <span class='ocrx_word' id='word_1_126' title='bbox 603 2068 657 2112; x_wconf 91' lang='lat' dir='ltr'>me</span> <span class='ocrx_word' id='word_1_127' title='bbox 666 2067 799 2127; x_wconf 82' lang='lat' dir='ltr'>sperare</span> <span class='ocrx_word' id='word_1_128' title='bbox 814 2051 947 2126; x_wconf 87' lang='lat' dir='ltr'>lidelcrn,</span> 
     </span>
     <span class='ocr_line' id='line_1_22' title="bbox 142 2133 740 2211; baseline -0.003 -14"><span class='ocrx_word' id='word_1_129' title='bbox 142 2137 181 2199; x_wconf 83' lang='lat' dir='ltr'>lit</span> <span class='ocrx_word' id='word_1_130' title='bbox 194 2153 258 2197; x_wconf 90' lang='lat' dir='ltr'>non</span> <span class='ocrx_word' id='word_1_131' title='bbox 274 2137 425 2211; x_wconf 88' lang='lat' dir='ltr'>exemplis</span> <span class='ocrx_word' id='word_1_132' title='bbox 441 2133 644 2198; x_wconf 81' lang='lat' dir='ltr'>anxiusesse</span> <span class='ocrx_word' id='word_1_133' title='bbox 656 2134 740 2198; x_wconf 81' lang='lat' dir='ltr'>tuisi</span> 
     </span>
     <span class='ocr_line' id='line_1_23' title="bbox 37 2218 861 2297; baseline -0.007 -11"><span class='ocrx_word' id='word_1_134' title='bbox 37 2233 88 2286; x_wconf 73' lang='lat' dir='ltr'>tlt</span> <span class='ocrx_word' id='word_1_135' title='bbox 100 2221 292 2297; x_wconf 77' lang='lat' dir='ltr'>Quicumque</span> <span class='ocrx_word' id='word_1_136' title='bbox 305 2218 419 2282; x_wconf 82' lang='lat' dir='ltr'>iliacos</span> <span class='ocrx_word' id='word_1_137' title='bbox 435 2220 591 2281; x_wconf 73' lang='lat' dir='ltr'>intraverit</span> <span class='ocrx_word' id='word_1_138' title='bbox 606 2220 729 2281; x_wconf 81' lang='lat' dir='ltr'>advene</span> <span class='ocrx_word' id='word_1_139' title='bbox 742 2226 861 2296; x_wconf 86' lang='lat' dir='ltr'>portus,</span> 
     </span>
     <span class='ocr_line' id='line_1_24' title="bbox 143 2303 707 2367; baseline -0.005 0"><span class='ocrx_word' id='word_1_140' title='bbox 143 2306 175 2367; x_wconf 93' lang='lat' dir='ltr'>ls</span> <span class='ocrx_word' id='word_1_141' title='bbox 188 2303 244 2366; x_wconf 91' lang='lat' dir='ltr'>tibi</span> <span class='ocrx_word' id='word_1_142' title='bbox 257 2304 382 2366; x_wconf 91' lang='lat' dir='ltr'>solliciti</span> <span class='ocrx_word' id='word_1_143' title='bbox 391 2303 626 2367; x_wconf 70' lang='lat' dir='ltr'>cause&#39;timoris</span> <span class='ocrx_word' id='word_1_144' title='bbox 634 2304 707 2367; x_wconf 86' lang='lat' dir='ltr'>enit.</span> 
     </span>
     <span class='ocr_line' id='line_1_25' title="bbox 101 2387 827 2466; baseline -0.003 -16"><span class='ocrx_word' id='word_1_145' title='bbox 101 2392 174 2466; x_wconf 88' lang='lat' dir='ltr'>lpse</span> <span class='ocrx_word' id='word_1_146' title='bbox 188 2388 263 2449; x_wconf 82' lang='lat' dir='ltr'>mint</span> <span class='ocrx_word' id='word_1_147' title='bbox 279 2389 422 2464; x_wconf 86' lang='lat' dir='ltr'>quotiens</span> <span class='ocrx_word' id='word_1_148' title='bbox 436 2389 531 2452; x_wconf 75' lang='lat' dir='ltr'>notus</span> <span class='ocrx_word' id='word_1_149' title='bbox 548 2387 713 2450; x_wconf 77' lang='lat' dir='ltr'>‘adultere’</span> <span class='ocrx_word' id='word_1_150' title='bbox 730 2388 827 2461; x_wconf 90' lang='lat' dir='ltr'>dices,</span> 
     </span>
     <span class='ocr_line' id='line_1_26' title="bbox 144 2471 757 2535; baseline -0.008 0"><span class='ocrx_word' id='word_1_151' title='bbox 144 2472 264 2535; x_wconf 81' lang='lat' dir='ltr'>Obliuis</span> <span class='ocrx_word' id='word_1_152' title='bbox 279 2473 517 2535; x_wconf 85' lang='lat' dir='ltr'>nostroerimen</span> <span class='ocrx_word' id='word_1_153' title='bbox 530 2471 637 2534; x_wconf 84' lang='lat' dir='ltr'>inesse</span> <span class='ocrx_word' id='word_1_154' title='bbox 650 2478 757 2535; x_wconf 83' lang='lat' dir='ltr'>tuumt</span> 
     </span>
     <span class='ocr_line' id='line_1_27' title="bbox 99 2554 781 2632; baseline -0.006 -13"><span class='ocrx_word' id='word_1_155' title='bbox 99 2554 211 2619; x_wconf 79' lang='lat' dir='ltr'>Delicti</span> <span class='ocrx_word' id='word_1_156' title='bbox 225 2557 284 2619; x_wconf 88' lang='lat' dir='ltr'>iles</span> <span class='ocrx_word' id='word_1_157' title='bbox 297 2554 602 2632; x_wconf 85' lang='lat' dir='ltr'>idemreprehensor</span> <span class='ocrx_word' id='word_1_158' title='bbox 618 2565 649 2618; x_wconf 88' lang='lat' dir='ltr'>et</span> <span class='ocrx_word' id='word_1_159' title='bbox 659 2563 781 2618; x_wconf 49' lang='lat' dir='ltr'>«auom.</span> 
     </span>
     <span class='ocr_line' id='line_1_28' title="bbox 37 2640 855 2716; baseline -0.01 -13"><span class='ocrx_word' id='word_1_160' title='bbox 37 2651 88 2703; x_wconf 75' lang='lat' dir='ltr'>no</span> <span class='ocrx_word' id='word_1_161' title='bbox 140 2642 251 2716; x_wconf 86' lang='lat' dir='ltr'>Terra,</span> <span class='ocrx_word' id='word_1_162' title='bbox 273 2656 399 2716; x_wconf 88' lang='lat' dir='ltr'>precor,</span> <span class='ocrx_word' id='word_1_163' title='bbox 420 2642 524 2702; x_wconf 85' lang='lat' dir='ltr'>vultus</span> <span class='ocrx_word' id='word_1_164' title='bbox 540 2640 651 2704; x_wconf 83' lang='lat' dir='ltr'>obruat</span> <span class='ocrx_word' id='word_1_165' title='bbox 666 2645 855 2702; x_wconf 86' lang='lat' dir='ltr'>antemeost</span> 
     </span>
     <span class='ocr_line' id='line_1_29' title="bbox 99 2723 763 2801; baseline -0.003 -15"><span class='ocrx_word' id='word_1_166' title='bbox 99 2726 142 2786; x_wconf 82' lang='lat' dir='ltr'>At</span> <span class='ocrx_word' id='word_1_167' title='bbox 156 2727 242 2785; x_wconf 88' lang='lat' dir='ltr'>lruar</span> <span class='ocrx_word' id='word_1_168' title='bbox 255 2723 357 2786; x_wconf 84' lang='lat' dir='ltr'>iliacis</span> <span class='ocrx_word' id='word_1_169' title='bbox 373 2724 486 2800; x_wconf 86' lang='lat' dir='ltr'>opibus</span> <span class='ocrx_word' id='word_1_170' title='bbox 500 2727 645 2801; x_wconf 85' lang='lat' dir='ltr'>cultuque</span> <span class='ocrx_word' id='word_1_171' title='bbox 661 2724 763 2798; x_wconf 79' lang='lat' dir='ltr'>berto,</span> 
     </span>
     <span class='ocr_line' id='line_1_30' title="bbox 142 2807 757 2884; baseline -0.003 -14"><span class='ocrx_word' id='word_1_172' title='bbox 142 2809 297 2884; x_wconf 85' lang='lat' dir='ltr'>Donaque</span> <span class='ocrx_word' id='word_1_173' title='bbox 312 2807 476 2884; x_wconf 81' lang='lat' dir='ltr'>promissis</span> <span class='ocrx_word' id='word_1_174' title='bbox 491 2808 636 2871; x_wconf 85' lang='lat' dir='ltr'>uberiore</span> <span class='ocrx_word' id='word_1_175' title='bbox 652 2809 757 2869; x_wconf 86' lang='lat' dir='ltr'>ieram.</span> 
     </span>
     <span class='ocr_line' id='line_1_31' title="bbox 98 2892 940 2969; baseline 0 -16"><span class='ocrx_word' id='word_1_176' title='bbox 98 2892 242 2968; x_wconf 77' lang='lat' dir='ltr'>Purpura</span> <span class='ocrx_word' id='word_1_177' title='bbox 253 2908 364 2968; x_wconf 81' lang='lat' dir='ltr'>nempe</span> <span class='ocrx_word' id='word_1_178' title='bbox 378 2892 453 2954; x_wconf 72' lang='lat' dir='ltr'>min</span> <span class='ocrx_word' id='word_1_179' title='bbox 462 2894 666 2969; x_wconf 83' lang='lat' dir='ltr'>pretiosaque</span> <span class='ocrx_word' id='word_1_180' title='bbox 680 2900 764 2954; x_wconf 87' lang='lat' dir='ltr'>texte</span> <span class='ocrx_word' id='word_1_181' title='bbox 778 2892 940 2967; x_wconf 85' lang='lat' dir='ltr'>dabuntur,</span> 
     </span>
     <span class='ocr_line' id='line_1_32' title="bbox 143 2976 788 3053; baseline 0 -15"><span class='ocrx_word' id='word_1_182' title='bbox 143 2976 364 3053; x_wconf 75' lang='lat' dir='ltr'>congestoque</span> <span class='ocrx_word' id='word_1_183' title='bbox 378 2977 449 3039; x_wconf 81' lang='lat' dir='ltr'>euni</span> <span class='ocrx_word' id='word_1_184' title='bbox 462 2977 602 3053; x_wconf 86' lang='lat' dir='ltr'>pondere</span> <span class='ocrx_word' id='word_1_185' title='bbox 619 2978 788 3038; x_wconf 83' lang='lat' dir='ltr'>dives-ero.</span> 
     </span>
     <span class='ocr_line' id='line_1_33' title="bbox 36 3060 893 3124; baseline -0.005 0"><span class='ocrx_word' id='word_1_186' title='bbox 36 3070 88 3124; x_wconf 68' lang='lat' dir='ltr'>no</span> <span class='ocrx_word' id='word_1_187' title='bbox 97 3060 145 3122; x_wconf 84' lang='lat' dir='ltr'>Da</span> <span class='ocrx_word' id='word_1_188' title='bbox 158 3062 284 3123; x_wconf 88' lang='lat' dir='ltr'>veniam</span> <span class='ocrx_word' id='word_1_189' title='bbox 298 3061 412 3123; x_wconf 79' lang='lat' dir='ltr'>leesee.</span> <span class='ocrx_word' id='word_1_190' title='bbox 435 3074 498 3123; x_wconf 91' lang='lat' dir='ltr'>non</span> <span class='ocrx_word' id='word_1_191' title='bbox 512 3068 585 3123; x_wconf 88' lang='lat' dir='ltr'>sunt</span> <span class='ocrx_word' id='word_1_192' title='bbox 597 3069 652 3123; x_wconf 89' lang='lat' dir='ltr'>tue</span> <span class='ocrx_word' id='word_1_193' title='bbox 664 3076 793 3123; x_wconf 87' lang='lat' dir='ltr'>munera</span> <span class='ocrx_word' id='word_1_194' title='bbox 806 3061 893 3121; x_wconf 85' lang='lat' dir='ltr'>tanti</span> 
     </span>
     <span class='ocr_line' id='line_1_34' title="bbox 141 3145 805 3222; baseline -0.002 -16"><span class='ocrx_word' id='word_1_195' title='bbox 141 3145 257 3206; x_wconf 84' lang='lat' dir='ltr'>Nescio</span> <span class='ocrx_word' id='word_1_196' title='bbox 274 3162 335 3220; x_wconf 92' lang='lat' dir='ltr'>quo</span> <span class='ocrx_word' id='word_1_197' title='bbox 349 3145 441 3207; x_wconf 85' lang='lat' dir='ltr'>tellus</span> <span class='ocrx_word' id='word_1_198' title='bbox 456 3162 505 3207; x_wconf 88' lang='lat' dir='ltr'>me</span> <span class='ocrx_word' id='word_1_199' title='bbox 519 3152 603 3207; x_wconf 88' lang='lat' dir='ltr'>tenet</span> <span class='ocrx_word' id='word_1_200' title='bbox 616 3146 687 3222; x_wconf 90' lang='lat' dir='ltr'>ipsa</span> <span class='ocrx_word' id='word_1_201' title='bbox 700 3145 805 3207; x_wconf 90' lang='lat' dir='ltr'>modo.</span> 
     </span>
     <span class='ocr_line' id='line_1_35' title="bbox 100 3227 951 3309; baseline -0.004 -17"><span class='ocrx_word' id='word_1_202' title='bbox 100 3227 177 3305; x_wconf 81' lang='lat' dir='ltr'>Quis</span> <span class='ocrx_word' id='word_1_203' title='bbox 191 3228 280 3303; x_wconf 79' lang='lat' dir='ltr'>milri,</span> <span class='ocrx_word' id='word_1_204' title='bbox 303 3230 330 3291; x_wconf 92' lang='lat' dir='ltr'>si</span> <span class='ocrx_word' id='word_1_205' title='bbox 346 3230 467 3304; x_wconf 81' lang='lat' dir='ltr'>laedar,</span> <span class='ocrx_word' id='word_1_206' title='bbox 487 3229 630 3309; x_wconf 69' lang='lat' dir='ltr'>Phruelis</span> <span class='ocrx_word' id='word_1_207' title='bbox 646 3237 805 3292; x_wconf 76' lang='lat' dir='ltr'>succurret</span> <span class='ocrx_word' id='word_1_208' title='bbox 818 3231 849 3290; x_wconf 93' lang='lat' dir='ltr'>in</span> <span class='ocrx_word' id='word_1_209' title='bbox 864 3230 951 3291; x_wconf 83' lang='lat' dir='ltr'>orist</span> 
     </span>
     <span class='ocr_line' id='line_1_36' title="bbox 142 3313 884 3391; baseline -0.001 -16"><span class='ocrx_word' id='word_1_210' title='bbox 142 3313 236 3375; x_wconf 86' lang='lat' dir='ltr'>Unde</span> <span class='ocrx_word' id='word_1_211' title='bbox 249 3320 353 3389; x_wconf 87' lang='lat' dir='ltr'>petam</span> <span class='ocrx_word' id='word_1_212' title='bbox 369 3314 494 3391; x_wconf 84' lang='lat' dir='ltr'>iratres,</span> <span class='ocrx_word' id='word_1_213' title='bbox 517 3314 599 3376; x_wconf 88' lang='lat' dir='ltr'>unde</span> <span class='ocrx_word' id='word_1_214' title='bbox 613 3314 753 3390; x_wconf 87' lang='lat' dir='ltr'>parentis</span> <span class='ocrx_word' id='word_1_215' title='bbox 768 3321 884 3391; x_wconf 81' lang='lat' dir='ltr'>opemt</span> 
     </span>
     <span class='ocr_line' id='line_1_37' title="bbox 101 3395 741 3473; baseline -0.006 -15"><span class='ocrx_word' id='word_1_216' title='bbox 101 3395 212 3458; x_wconf 85' lang='lat' dir='ltr'>Omnia</span> <span class='ocrx_word' id='word_1_217' title='bbox 224 3397 355 3460; x_wconf 85' lang='lat' dir='ltr'>Medeae</span> <span class='ocrx_word' id='word_1_218' title='bbox 370 3398 463 3460; x_wconf 80' lang='lat' dir='ltr'>fallax</span> <span class='ocrx_word' id='word_1_219' title='bbox 477 3398 620 3473; x_wconf 82' lang='lat' dir='ltr'>promisit</span> <span class='ocrx_word' id='word_1_220' title='bbox 633 3399 741 3460; x_wconf 78' lang='lat' dir='ltr'>lason:</span> 
     </span>
     <span class='ocr_line' id='line_1_38' title="bbox 37 3479 850 3546; baseline -0.005 0"><span class='ocrx_word' id='word_1_221' title='bbox 37 3490 88 3546; x_wconf 76' lang='lat'>²³⁰</span> <span class='ocrx_word' id='word_1_222' title='bbox 139 3479 235 3543; x_wconf 88' lang='lat' dir='ltr'>Pulsa</span> <span class='ocrx_word' id='word_1_223' title='bbox 248 3489 298 3543; x_wconf 92' lang='lat' dir='ltr'>est</span> <span class='ocrx_word' id='word_1_224' title='bbox 311 3482 450 3544; x_wconf 81' lang='lat' dir='ltr'>Aesonia</span> <span class='ocrx_word' id='word_1_225' title='bbox 463 3499 536 3544; x_wconf 89' lang='lat' dir='ltr'>num</span> <span class='ocrx_word' id='word_1_226' title='bbox 545 3483 652 3544; x_wconf 81' lang='lat' dir='ltr'>minus</span> <span class='ocrx_word' id='word_1_227' title='bbox 667 3483 720 3543; x_wconf 87' lang='lat' dir='ltr'>ille</span> <span class='ocrx_word' id='word_1_228' title='bbox 735 3483 850 3544; x_wconf 82' lang='lat' dir='ltr'>domot</span> 
     </span>
     <span class='ocr_line' id='line_1_39' title="bbox 97 3565 864 3642; baseline 0.004 -17"><span class='ocrx_word' id='word_1_229' title='bbox 97 3565 168 3627; x_wconf 80' lang='lat' dir='ltr'>Non</span> <span class='ocrx_word' id='word_1_230' title='bbox 182 3572 249 3627; x_wconf 84' lang='lat' dir='ltr'>erat</span> <span class='ocrx_word' id='word_1_231' title='bbox 260 3566 392 3641; x_wconf 79' lang='lat' dir='ltr'>Aeetes,</span> <span class='ocrx_word' id='word_1_232' title='bbox 414 3567 455 3627; x_wconf 88' lang='lat' dir='ltr'>ad</span> <span class='ocrx_word' id='word_1_233' title='bbox 471 3582 561 3642; x_wconf 90' lang='lat' dir='ltr'>quem</span> <span class='ocrx_word' id='word_1_234' title='bbox 577 3568 726 3642; x_wconf 85' lang='lat' dir='ltr'>despecta</span> <span class='ocrx_word' id='word_1_235' title='bbox 742 3566 864 3629; x_wconf 78' lang='lat' dir='ltr'>rediret.</span> 
     </span>
    </p>
   </div>
   <div class='ocr_carea' id='block_1_3' title="bbox 0 0 1244 4042">
    <p class='ocr_par' dir='ltr' id='par_1_3' title="bbox 0 0 1244 4042">
     <span class='ocr_line' id='line_1_40' title="bbox 0 0 1244 4042; baseline 0 0"><span class='ocrx_word' id='word_1_236' title='bbox 0 0 1244 4042; x_wconf 95' lang='lat' dir='ltr'> </span> 
     </span>
    </p>
   </div>
  </div>
 </body>
</html>
