2467 4042
600 211 792 264 samonum

607 425 655 489 10.
679 422 707 488 B
729 421 796 489 EN

286 554 409 615 Postera
431 552 482 616 iux
504 551 633 613 hiemem
654 550 753 612 medio
776 552 948 615 discrimine
972 557 1106 642 signat,

219 656 273 705 411
329 642 490 722 Aequaque
512 640 690 720 praeteritae
713 658 789 718 qliae
812 640 969 721 superabit
981 690 993 726 ‚
1015 648 1107 709 erit.

454 778 505 844 11.
528 775 554 844 O
578 773 750 843 CAR-PP
796 778 846 843 12.
868 775 933 846 Dc

285 904 424 967 Proxime
445 906 609 985 prospiciet
629 902 758 966 Tithono
781 906 893 966 Aurora
916 905 1029 969 relicto

330 992 472 1055 Arcadiae
495 1010 613 1054 sacmm
635 992 804 1072 pontificale
826 995 915 1055 deae.

286 1081 328 1143 Te
352 1099 471 1161 quoque
494 1080 546 1142 iux
568 1079 671 1142 eadem
684 1129 693 1162 ‚
716 1080 810 1141 Tarni
833 1099 941 1159 soror,
965 1083 1047 1146 aede
1073 1091 1201 1168 recepit,

330 1168 386 1230 Hic
409 1168 462 1230 ubi
484 1167 622 1247 Virginea
644 1168 771 1248 Campus
794 1168 894 1230 obitur
914 1187 1016 1249 equa.

221 1270 273 1318 tce
286 1256 370 1319 Unde
393 1267 491 1337 petam
514 1274 619 1318 causm
641 1257 749 1317 horum
771 1273 946 1337 moremque
968 1278 1157 1345 sacrorum,

331 1344 445 1424 Diriget
465 1348 498 1406 in
520 1344 618 1406 medio
642 1348 709 1423 quis
732 1345 883 1407 metreta
906 1345 1015 1409 freto?

286 1433 352 1512 lpsa
375 1451 484 1514 moue,
506 1451 582 1513 quoae
605 1451 714 1495 nomen
736 1432 827 1493 habes
851 1451 868 1494 a
891 1438 1026 1496 carmine
1051 1439 1194 1516 ductum,

332 1521 547 1602 Proposithue
569 1520 656 1601 iare,
678 1539 717 1583 no
739 1529 811 1582 teus
833 1531 914 1582 erret
936 1521 1058 1588 honor.

288 1609 360 1671 Orta
383 1612 466 1689 prior
487 1609 558 1670 luna
577 1641 610 1651 —
629 1608 666 1670 de
690 1627 723 1671 se
746 1612 771 1669 si
795 1609 926 1670 ereditur
949 1612 1010 1689 1ῃεί
1028 1643 1070 1657 -—-

221 1711 274 1759 411
331 1699 356 1758 Α
379 1716 485 1776 magno
507 1696 596 1759 tellus
617 1696 732 1759 Arcade
754 1716 864 1759 nomen
885 1697 992 1759 habet.

287 1785 342 1847 liic
364 1786 421 1846 suit
444 1784 601 1866 Evander,
624 1787 677 1864 qui
699 1803 876 1865 quamquam
898 1785 999 1848 clares
1022 1800 1177 1875 utroque,

331 1872 464 1934 Nobilior
487 1892 588 1935 sacrae
611 1876 754 1952 sanguine
778 1877 881 1935 matria
904 1883 990 1937 crata

288 1961 369 2033 Quae
392 1961 481 2023 simod
503 1961 652 2023 aetherios
674 1964 772 2023 ammo
795 1970 973 2042 conceperat
994 1965 1111 2049 ignes,

332 2049 392 2133 tire
415 2048 502 2111 debat
524 2048 612 2127 pleno
635 2052 766 2114 carmina
788 2065 859 2111 vert
880 2051 945 2111 dei.

222 2151 273 2199 eto
288 2137 407 2198 Dixerat
430 2138 503 2199 haec
526 2146 595 2199 nato
618 2147 717 2199 motus
739 2141 851 2200 instare
873 2137 1010 2220 odoinus,

331 2225 481 2305 Multaque
504 2234 680 2307 praeterea3
702 2235 836 2306 temporo
859 2234 944 2288 nacta
965 2228 1081 2293 iidem.

287 2314 361 2375 Nam
384 2316 501 2375 iuvenis
523 2316 647 2376 nimium
671 2332 740 2376 vera
763 2333 831 2376 cum
853 2322 947 2376 metro
971 2317 1101 2395 togatos

333 2401 450 2463 Deserit
472 2402 627 2464 Arcadiam
648 2402 897 2482 Parrhasiumque
920 2404 1032 2466 larem.

258 2547 260 2552 .
289 2489 344 2551 Cui
366 2493 501 2569 genetrix
522 2491 606 2551 ilenti
630 2485 764 2552 ‘fortuna
787 2490 927 2551 viriliter’
951 2494 1055 2571 inquit
1074 2529 1114 2540 -

223 2589 276 2640 480
334 2572 451 2658 ε81141,
473 2596 604 2660 precor,
626 2578 784 2660 lacrimas!
803 2609 836 2622 -—
854 2581 913 2641 ista
929 2581 1056 2643 ferenda
1076 2585 1138 2647 tibi
1155 2595 1200 2647 est.

289 2666 339 2727 Sic
362 2677 425 2727 erat
447 2669 480 2728 in
502 2668 593 2728 faties
625 2685 682 2728 nec
704 2675 733 2728 te
756 2677 810 2729 tuo
829 2667 916 2746 culpe
938 2668 1074 2752 sugerit,

333 2754 391 2815 Sed
415 2755 511 2818 deus:
543 2756 656 2816 offenso
678 2755 785 2835 pulsus
807 2771 840 2816 es
862 2754 937 2816 urhe
960 2756 1037 2818 deo.

289 2842 354 2904 Non
377 2846 477 2904 meriti
499 2862 624 2923 poenam
646 2845 758 2924 pateris
770 2891 780 2924 ,
800 2842 854 2905 sed
876 2845 1009 2905 11111111
1031 2848 1131 2913 irem.
1216 2873 1217 2906 ;

333 2930 386 2993 Est
408 2931 518 3011 aliquid
541 2934 655 3012 megaris
677 2934 792 2993 crinmn
815 2929 919 2993 abesse
941 2931 1045 2994 melis.

223 3030 274 3082 tet
289 3019 412 3081 Conscia
435 3038 520 3081 mens
542 3029 577 3083 ut
601 3023 711 3099 cuique
734 3038 787 3081 sua
810 3028 879 3101 est,
905 3022 947 3082 ita
972 3023 1109 3103 concipit
1122 3028 1197 3089 ,into

333 3108 458 3170 Pectora
480 3127 536 3189 pro
559 3110 637 3170 iacto
660 3127 803 3188 spemque
824 3114 998 3187 metumque
1020 3125 1099 3172 suo.

289 3195 350 3258 Nec
373 3207 472 3258 tamen
495 3205 530 3259 ut
551 3200 666 3277 primus
690 3216 791 3258 maere
812 3196 886 3258 maia
908 3196 977 3258 talia
999 3215 1127 3277 pomus:

333 3284 440 3348 Obruit
462 3288 599 3367 ingentes
621 3289 677 3347 ista
699 3285 829 3366 pmoelia
852 3288 952 3347 viros.

288 3374 397 3436 Passus
419 3373 497 3436 idem
521 3384 589 3456 est,
607 3373 704 3454 Tyriis
722 3376 775 3453 qui
792 3373 943 3453 quondam
963 3371 1071 3453 putaris
1092 3376 1130 3440 co
1148 3380 1195 3438 oris

224 3474 275 3521 491
334 3462 461 3523 Cadmus
483 3464 515 3526 io
537 3463 629 3523 Aonia
651 3465 786 3523 constitit
809 3461 879 3523 exiri
900 3462 1009 3522 humo:

288 3547 397 3608 Passus
421 3549 500 3609 idem
523 3549 641 3627 Tydeus
663 3556 696 3610 et
717 3548 796 3610 idem
816 3549 966 3629 Pagaseus
988 3548 1092 3631 iason,
