2467 4042
181 1244 217 1303 In
238 1245 295 1304 hoe
316 1243 467 1306 uolumine
491 1243 556 1305 sola
578 1242 691 1304 Tristia
714 1247 798 1322 sunt,
824 1264 901 1322 quae
923 1250 1101 1323 apparatum

91 1333 226 1393 criticum
254 1334 373 1408 qualem
401 1335 533 1409 oportet,
561 1332 693 1393 nondum
720 1333 840 1395 habent.
894 1336 1043 1395 recensuit
1066 1355 1102 1396 ea

90 1421 126 1480 R.
149 1420 277 1480 Ehwald
299 1421 346 1481 uir
368 1420 555 1481 doctissimus
579 1438 646 1480 meo
669 1425 786 1498 rogatu,
809 1422 957 1482 arbitratu
980 1427 1011 1483 et
1033 1425 1100 1484 doc-

91 1509 188 1569 trinae
211 1508 408 1570 instrumento
428 1527 491 1585 suo,
514 1509 624 1569 collato
642 1508 813 1570 Florentiae
832 1510 931 1571 codice
950 1512 1101 1571 Marciano

90 1598 231 1656 lacunoso
251 1590 375 1677 (desunt
392 1601 493 1673 partes
512 1597 528 1656 1
546 1611 559 1657 1
576 1598 615 1657 ad
633 1610 658 1657 v
678 1600 728 1671 10,
750 1597 798 1657 ΠΙ
815 1611 867 1659 vn
885 1599 924 1659 ad
941 1599 1004 1659 IIII
1021 1613 1034 1658 1
1051 1603 1101 1676 12,

90 1685 154 1744 ΠΠ
171 1698 221 1745 vn
241 1687 259 1745 6
280 1681 438 1767 adfinem)
463 1687 495 1745 at
517 1684 660 1745 adhibitis
683 1685 720 1745 de
737 1686 855 1763 integro
879 1687 1001 1763 aliquot,
1025 1706 1099 1764 quos

91 1791 313 1849 usurpaveram.
367 1774 404 1832 de
422 1771 622 1852 quibuscum
645 1775 817 1833 summatim
838 1774 973 1835 dioinon
992 1777 1100 1837 condu-

90 1863 148 1936 cat,
174 1879 228 1921 nec
250 1862 420 1922 ubertatem
442 1861 639 1923 vindiciarum
662 1861 801 1922 editionis
825 1863 943 1923 exilitas
966 1865 1100 1941 recipiat,

36 1990 40 1997 a
90 1949 248 2009 coniuncta
269 1951 342 2010 haec
365 1950 464 2010 omnia
486 1950 545 2010 alio
568 1952 634 2011 loco
656 1950 830 2027 propediem
847 1970 901 2011 nos
920 1952 1102 2012 demeritura

91 2056 230 2115 auguror.

179 2127 308 2203 Reliqua
329 2128 501 2188 Nasoniana
527 2127 600 2187 haec
622 2126 721 2203 poesis
745 2128 961 2203 supellectilem
983 2148 1100 2206 compa-

97 2214 179 2274 ·avit.
231 2215 302 2275 libn'
332 2219 502 2291 temporum
533 2215 637 2275 ordine
668 2216 843 2292 plerumque
871 2216 1020 2292 dispositi,
1053 2236 1101 2276 cu·

125 2320 196 2377 sque
229 2303 340 2363 saeculi
371 2304 504 2379 aliquam
535 2304 637 2377 multi,
668 2307 703 2363 ut
731 2307 865 2363 aetatum
891 2306 1100 2380 proprietates,

149 2390 243 2464 aciae,
271 2410 369 2467 nugae
392 2392 597 2451 translaticias
620 2395 792 2468 appareant.
845 2392 957 2469 inquo
981 2393 1100 2469 quidem

186 2496 200 2536 e
218 2479 293 2538 nihil
312 2479 471 2538 admodum
488 2498 599 2540 nouum
617 2482 800 2556 reperietur;
815 2480 1008 2540 confirmatur
1024 2501 1100 2558 quae

236 2567 269 2626 in
294 2569 467 2627 transcursu
494 2571 582 2644 parta
608 2569 718 2628 notitia
740 2569 863 2628 haerere
885 2571 992 2645 potuit.
1047 2570 1100 2629 sed

268 2659 380 2730 auanta
410 2656 442 2714 in
472 2656 519 2716 his
552 2657 670 2732 scriptis
702 2657 915 2733 aequabilitate
946 2658 1026 2717 inter
1053 2661 1100 2718 tot

308 2747 320 2794 t
348 2744 525 2803 diverticula
551 2744 706 2820 paradosis
733 2748 821 2805 vetus
848 2749 880 2805 et
904 2764 965 2805 una
991 2747 1098 2822 persti-

375 2832 444 2905 aliis
470 2832 603 2907 graviter
626 2850 799 2893 concussam
821 2853 914 2910 prope
936 2835 1100 2894 etiamnum

426 2936 528 2979 snam
555 2920 635 2995 quod
661 2922 775 2981 codices
798 2921 920 2997 quidam
947 2921 1040 2981 Ibidis
1069 2925 1100 2981 et

513 3005 605 3064 edunt
631 3006 663 3065 in
691 3009 866 3084 scripturas,
896 3028 972 3084 quae
999 3028 1098 3068 recen·

471 3022 769 3337 Quius
786 3099 889 3154 tamen
906 3095 976 3154 fidei
993 3096 1099 3155 modus

595 3178 601 3191 “
622 3179 763 3239 videntur
776 3183 928 3259 compagis
942 3183 1099 3243 uniuersae

503 3253 610 3320 LIPS
638 3305 650 3320 r
716 3272 793 3328 sunt.

691 3359 730 3415 et
747 3357 890 3417 intentior
909 3376 980 3419 cura
996 3359 1099 3420 critica

316 3412 357 3459 ΙΝ
380 3413 555 3462 annlssvs
579 3416 609 3463 B.
629 3416 661 3463 G.
681 3419 807 3513 TQSit
825 3446 856 3505 in
873 3448 958 3523 hanc,
981 3466 1057 3524 quae
1080 3468 1099 3507 a

445 3559 456 3565 ⁴·
491 3562 711 3604 nnoccnxmv
755 3518 868 3647 *num
890 3536 1097 3597 conformatio·

848 3633 886 3695 ἦ*
