2467 4042
218 221 304 319 224'
623 250 820 303 russonum

308 418 390 490 Quae
414 415 506 478 semei
528 422 575 476 est
597 413 708 494 triplici
729 433 784 495 pro
808 417 921 494 virgine
944 434 1033 478 caesa
1057 418 1195 502 Dianae,

352 506 437 567 Nunc
461 522 579 584 qunque
602 521 657 583 pro
680 502 760 564 uuila
782 505 898 583 virgine
920 522 1009 566 cerva
1033 508 1140 571 cadit.

307 593 382 655 Exta
405 611 512 655 canum
535 591 594 653 vidi
616 591 732 652 Triviae
756 591 847 653 bbare
871 592 1021 676 Sapaeos,

242 696 294 746 390
352 682 391 744 Et
414 685 594 762 quicumque
616 688 684 741 tuas
707 680 834 762 accolit,
857 680 967 742 Haeme
980 730 989 761 ‚
1014 686 1131 747 nives.

308 770 448 833 Caeditur
471 777 502 830 et
523 768 619 848 rigido
643 768 760 829 custodi
782 770 863 830 ruris
886 770 1017 852 aseilue3

352 859 446 921 Causa
469 857 606 938 pudenda
630 857 773 937 quidem,
795 857 848 919 sed
871 865 970 919 tamen
993 868 1065 939 apta
1093 863 1171 926 den.

309 947 396 1010 Festa
419 944 609 1026 corymbiferi
632 945 802 1006 celebrabas
824 944 947 1007 Graecia
969 947 1107 1033 bacchi,

354 1035 454 1097 Tertia
477 1052 553 1114 quae
577 1033 663 1095 solito
687 1042 820 1113 tempere
843 1033 949 1095 bruma
972 1037 1091 1102 refert.

243 1102 344 1187 391111
368 1142 491 1227 queque
510 1122 672 1184 cultores
663 1140 695 1183 m
716 1122 796 1183 idem
819 1136 927 1184 venere
950 1122 1059 1207 Lyaei,

354 1212 393 1273 Et
415 1214 595 1292 quicumque
618 1212 692 1271 iocis
715 1229 774 1271 nnn
797 1209 912 1273 alienus
934 1222 1018 1275 erat·

312 1300 407 1362 Panes
430 1303 513 1362 etin
540 1298 682 1360 Venerem
706 1305 873 1379 satyrorum
896 1318 989 1379 prona
1013 1304 1180 1386 iuventus,

355 1389 496 1468 Quaeque
520 1387 621 1449 cniunt
644 1405 745 1448 amnes
768 1386 889 1467 solaque
911 1407 982 1450 rura
1007 1390 1107 1455 deae.

311 1477 438 1539 Venerat
461 1486 492 1538 et
514 1478 615 1538 senior
637 1475 734 1557 pande
757 1475 876 1537 Silenus
898 1476 1009 1561 asello,

242 1578 295 1629 400
354 1565 470 1646 Quique
493 1564 585 1627 ruber
606 1563 727 1644 pavidas
749 1566 871 1643 inguine
892 1573 987 1628 terrei
1011 1585 1107 1633 aves.

310 1655 411 1717 Dulcia
435 1656 488 1733 qui
510 1652 632 1731 dignum
656 1670 761 1713 nemus
783 1655 815 1714 in
838 1656 970 1716 convivia
992 1660 1081 1718 nacti

353 1742 491 1804 Gramine
515 1744 629 1802 vestitis
652 1740 818 1803 accubuere
841 1745 932 1804 teris

238 1909 240 1916 Α
310 1832 382 1893 Vina
405 1830 493 1892 dabat
515 1828 627 1911 Liber,
650 1829 759 1891 tulerat
781 1829 838 1891 sibi
861 1832 988 1910 quisque
1013 1850 1179 1918 corenam,

353 1919 520 1980 Miscendae
542 1917 622 1997 large
646 1920 727 1979 rivius
751 1917 855 1996 agebat
877 1936 986 1998 aquas.

354 2096 426 2158 Pars
449 2095 572 2156 aderant
592 2095 698 2175 positis
722 2104 784 2156 arte
807 2112 956 2175 manuque
979 2101 1100 2163 comis.

243 2020 295 2070 405
310 2008 418 2070 Naides
441 2009 542 2069 effusis
566 2006 641 2067 aliae
664 2008 729 2068 sine
751 2009 878 2086 pectinis
901 2025 976 2087 usu,
1223 2017 1224 2020 ’

309 2185 360 2247 ilia
384 2203 475 2265 super
498 2201 583 2244 suras
606 2185 736 2244 tunicam
759 2182 882 2244 collecta
905 2186 1076 2269 ministrat,

354 2273 453 2334 Altera
477 2272 591 2333 dissuto
614 2279 721 2351 pectus
740 2279 840 2352 aperta
864 2274 949 2334 sinu.

310 2361 413 2423 Exerit
434 2362 507 2423 haec
532 2378 690 2442 umerum,
714 2369 826 2420 vestem
848 2360 939 2421 trahit
960 2360 1009 2422 illa
1031 2381 1094 2443 per
1120 2365 1214 2429 herbe.

244 2462 296 2511 410
355 2449 524 2530 impediunt
545 2457 666 2510 teneros
690 2448 805 2509 vincula
827 2448 907 2510 nulia
930 2449 1043 2528 pedes.
1222 2519 1223 2528 ¹

311 2537 387 2600 Hinc
411 2539 483 2600 aliae
507 2539 613 2617 satyris
637 2537 773 2598 incendia
795 2539 877 2598 mitia
899 2536 1066 2623 praebent3
1222 2551 1223 2608 1

354 2627 427 2688 Pars
451 2626 527 2708 tibi,
550 2628 602 2705 qui
625 2628 698 2706 pinu
720 2633 854 2729 tempora
877 2644 952 2688 nexa
974 2631 1081 2796 geris.

356 2802 494 2883 Nequitia
517 2811 584 2885 est,
608 2821 683 2883 quae
706 2810 735 2863 te
760 2820 819 2863 non
843 2804 915 2864 sinit
936 2821 1001 2864 esse
1027 2823 1157 2871 senem

245 2891 350 2954 41111
372 2891 486 2974 ruber,
509 2892 666 2953 hortorum
689 2891 781 2952 decus
804 2898 835 2951 et
857 2891 949 2952 tutela
961 2891 1135 2974 ,Priapus

355 2979 499 3041 Omnibus
524 2997 560 3041 ex
583 2979 641 3040 iliis
664 2978 767 3042 Lotide
791 2988 895 3059 captus
918 2987 998 3043 erat.

312 3067 394 3130 Hanc
418 3071 522 3150 cupit,
546 3067 622 3129 hanc
645 3075 748 3149 optat,
771 3067 833 3129 seia
857 3071 986 3148 suspirat
1006 3071 1043 3131 in
1063 3071 1142 3158 ilia,

356 3156 503 3237 Signaque
527 3157 576 3217 dat
599 3163 674 3217 nutu
688 3155 915 3238 ‚sollicitatque
939 3159 1036 3220 nutis.

311 3244 417 3307 Festus
440 3248 519 3307 inest
537 3244 690 3325 pulchris,
714 3247 909 3324 sequiturque
929 3244 1072 3325 superbia
1099 3252 1215 3314 forman:

246 3345 297 3396 420
355 3332 479 3395 irrisum
503 3333 582 3396 voitu
606 3333 733 3412 despicit
754 3332 803 3394 iiia
825 3350 898 3394 sun.

310 3420 374 3482 Nox
398 3429 483 3503 erat,
507 3431 538 3483 et
561 3423 628 3482 vine
652 3438 788 3482 somnum
811 3422 937 3483 iaciente
959 3421 1106 3487 iacebant

357 3507 488 3588 Corpora
511 3509 636 3570 dirersis
659 3512 735 3570 victa
758 3527 865 3588 sapere
888 3510 977 3572 iacis.

312 3594 394 3656 Lotis
416 3598 447 3656 in
470 3595 597 3657 herbosa
620 3595 676 3657 sub
699 3600 815 3657 acernis
837 3597 941 3660 ultima
963 3601 1077 3676 ramis,
