2467 4042
171 218 237 286 232
353 236 471 275 mon
585 217 765 275 nermo

259 383 397 447 Nominat
418 383 590 467 Alcyonen,
612 385 745 464 ipsisque
767 386 967 447 inmurmurat
988 385 1097 448 undis.

259 473 336 535 Eece
360 490 451 552 super
472 472 586 534 medies
608 471 719 534 1166666
741 475 826 553 niger
848 491 936 536 arcus
960 492 1108 554 aquarum

259 561 439 642 Frangitur,
461 568 494 622 et
514 569 603 641 rupta
625 579 757 623 mersum
780 571 869 642 caput
890 562 993 625 obruit
1015 563 1116 625 unda.

194 661 246 714 666
259 649 379 712 Luciier
401 648 570 731 obscurus,
593 667 650 711 nec
673 667 762 729 quem
784 667 965 729 cognoscere
988 669 1115 732 posses,

259 738 311 800 1116
332 738 400 801 luce
422 738 501 801 fnit:
524 740 723 818 quoniamque
746 738 890 800 excedere
914 738 995 800 caele

259 825 326 888 Non
348 826 433 890 licuit
444 873 454 908 ‚
477 824 578 888 densis
600 829 675 888 texit
697 844 751 889 sua
773 825 903 889 nubibus
926 845 995 889 era.

303 914 401 977 Aeolia
423 917 538 977 interea
559 921 711 980 tantorum
733 917 835 995 ignara
856 915 1003 978 malorum

260 1002 433 1065 Dinumeret
455 1009 581 1065 nectes:
603 1011 634 1065 et
655 1005 736 1085 iam,
758 1021 833 1083 quas
854 1004 959 1066 induat
980 1003 1050 1085 ille,

194 1103 246 1154 666
260 1092 392 1154 Festinat
413 1098 533 1172 vestes,
555 1093 614 1152 iam
637 1109 733 1172 quas,
749 1090 808 1153 >ubi
830 1094 945 1154 venerit
966 1091 1035 1173 ille,

259 1180 326 1261 lpsa
347 1188 432 1259 gerat
443 1227 453 1261 ,
475 1179 649 1259 reditusque
672 1178 730 1241 sibi
751 1181 899 1261 promittit
919 1182 1042 1242 inanes.

260 1267 406 1330 Omnibus
427 1267 476 1330 illa
499 1268 620 1347 quidem
643 1270 760 1348 superis
781 1270 831 1348 pia
852 1276 920 1330 tura
942 1268 1080 1330 ferebat:

260 1357 335 1431 inte
358 1363 457 1419 tamen
480 1364 603 1418 cunctos
626 1356 748 1418 lunonis
770 1356 880 1436 templa
901 1355 1035 1437 colebat,

260 1445 378 1524 Proque
401 1447 486 1526 vire,
509 1440 568 1524 qul
582 1444 682 1506 661166
705 1451 790 1526 erat,
812 1444 949 1507 veniebat
970 1443 1008 1506 ad
1031 1461 1119 1524 aras,

194 1544 246 1596 666
260 1531 358 1612 thue
381 1534 460 1596 ieret
481 1550 585 1613 sospes
608 1535 737 1594 coniunx
760 1551 834 1595 6666
846 1580 856 1614 ,
878 1540 971 1612 utque
994 1532 1128 1610 rediret,

260 1620 388 1702 Optabat
399 1669 408 1704 ,
431 1620 601 1701 nullamque
624 1620 682 1682 sibi
703 1622 890 1702 praeferret.
917 1620 1014 1682 atilli

261 1709 325 1771 llec
347 1710 384 1771 de
406 1717 452 1771 tet
473 1711 550 1771 vetis
571 1717 689 1789 peterat
711 1711 884 1789 contingere
907 1708 1021 1770 selum.

303 1798 342 1860 At
363 1797 418 1860 dea
440 1815 501 1859 non
523 1797 602 1859 ultra
624 1816 679 1879 pro
704 1798 807 1859 iuncto
830 1804 926 1858 morte
949 1800 1050 1876 rogari

260 1886 416 1967 Sustinet3
438 1894 531 1965 utque
554 1903 661 1948 manus
683 1886 816 1947 funestas
838 1892 938 1947 arceat
960 1888 1040 1965 aris,

194 1985 245 2038 666
261 1971 313 2036 ‘Iri
325 2022 334 2057 ,
357 1969 451 2036 meae’
474 1974 548 2036 dixit
570 1969 722 2035 ‘fidissima
744 1976 849 2052 nuntia
870 1976 969 2055 66616,

260 2062 327 2125 Vise
351 2063 544 2143 soporiferam
567 2061 671 2123 Semni
692 2061 833 2123 velociter
855 2061 969 2143 aulam,

259 2151 466 2230 Exstinetique
488 2150 558 2212 iube
581 2150 685 2231 Ceycis
707 2152 834 2229 imagine
856 2151 955 2212 mittat

261 2239 381 2302 Somnia
403 2240 440 2301 ad
462 2238 612 2319 Alcyonen
634 2255 720 2299 veros
743 2240 893 2300 narrantia
916 2233 1035 2300 casus?

260 2327 401 2390 Dixerat:
422 2327 557 2390 induitur
580 2326 722 2388 velamina
745 2325 825 2387 mille
848 2325 981 2388 celorum

194 2427 245 2479 666
260 2415 338 2498 Iria,
361 2425 392 2479 66
414 2424 535 2478 menate
557 2414 673 2477 caelum
695 2415 865 2477 curvamine
889 2416 1009 2494 signans

233 2512 236 2516 '
260 2504 352 2567 'l'ecta
373 2507 450 2585 petit
470 2505 545 2565 16661
567 2502 625 2564 sub
647 2501 727 2565 nube
749 2501 871 2564 latentia
893 2505 989 2582 regis.

304 2592 359 2655 Est
380 2610 474 2673 prope
497 2591 673 2654 Cimmerios
694 2591 782 2671 lengo
805 2590 947 2671 spelunca
969 2609 1110 2674 recessu,

258 2682 345 2744 11666
367 2699 480 2763 carue,
501 2682 599 2760 ignavi
622 2680 727 2742 domus
749 2687 780 2741 et
801 2679 964 2760 penetralia
987 2679 1108 2742 Somni:

261 2771 511 2849 Quo-numquam
533 2768 624 2832 radile
646 2770 747 2831 oriens
769 2767 920 2830 mediusve
943 2768 1090 2829 cadensve

194 2867 246 2921 666
260 2857 400 2922 Phoebus
422 2857 503 2920 adire
525 2865 647 2938 petest.
674 2855 799 2918 nebulae
822 2855 949 2936 caligine
969 2858 1079 2918 mixtae

259 2946 441 3010 Exhalantur
463 2946 554 3007 hume
577 2945 743 3025 dubiaeque
766 2944 941 3024 crepuscula
962 2943 1057 3025 lucis.

260 3036 326 3098 Non
348 3034 418 3115 vigil
441 3033 502 3096 6166
524 3033 566 3096 ibi
589 3035 704 3096 cristati
725 3031 862 3095 cantibus
884 3034 946 3095 oris

260 3124 371 3185 Evocat
392 3122 560 3205 Auroram,
582 3140 639 3184 nec
660 3139 733 3183 voce
755 3120 872 3182 silentia
893 3130 1038 3202 rumpunt

262 3212 422 3274 Sollicitive
444 3228 533 3273 canes
556 3210 714 3272 canibusve
738 3211 871 3289 sagacior
893 3227 998 3271 anser.

194 3312 247 3363 666
261 3300 327 3361 Non
350 3301 436 3381 iera,
458 3316 519 3362 666
540 3299 696 3380 pecudes,
717 3315 778 3360 nnn
800 3300 874 3360 meti
895 3298 1013 3359 demine
1036 3298 1125 3374 rami,

260 3387 447 3450 Humanaeve
471 3405 578 3449 sonum
599 3387 730 3449 reddunt
751 3387 883 3448 convicia
905 3386 1038 3465 linguae.

259 3475 341 3537 Muta
364 3478 449 3555 quies
471 3474 604 3537 habitat.
633 3494 703 3537 saxo
726 3476 824 3537 tamen
848 3476 909 3535 exit
931 3473 967 3535 ab
989 3477 1050 3536 ime

259 3563 352 3624 Rivus
370 3580 462 3642 aquae
481 3562 612 3644 Lethes,
634 3581 690 3643 ner
708 3580 802 3644 quern
816 3580 885 3625 cum
903 3579 1057 3625 murmure
1079 3560 1164 3624 labens
