2467 4042
412 232 447 282 11.
466 234 620 285 voe-vn
635 235 676 285 11.
986 227 1049 293 155

174 393 223 466 Sio
246 393 302 455 tibi
324 396 385 455 sint
407 395 515 454 iratres
538 400 659 473 totaque
684 393 761 456 salva
785 394 909 455 domus:

129 481 274 561 Quodque
298 481 376 543 soles
399 484 497 543 animo
520 500 660 562 semper,
685 482 763 562 qnod
786 499 858 543 vooe
880 483 1015 561 precari,

174 568 280 631 Omnia
303 569 479 633 Caesaribus
502 572 545 631 sio
568 579 620 632 tua
642 570 718 632 lacta
740 569 867 650 probes.

102 683 107 694 ¹
130 656 230 738 Turpe
244 661 312 719 'erit
334 660 366 719 in
388 659 506 719 miseris
529 661 623 719 reteri
645 657 700 720 tibi
721 657 813 720 rebus
835 660 930 719 amieo

82 758 115 808 20
173 746 323 807 Auxilium
347 746 427 808 nulla
449 754 534 826 parte
556 745 661 808 tulisse
684 756 787 808 tunm:

129 833 230 913 Turpe
253 835 367 896 referre
390 834 518 914 pedem,
540 851 597 895 neo
619 852 710 913 passu
733 843 811 896 stare
835 834 950 895 tenaci:

173 922 274 1003 Turpe
296 922 479 984 laborantem
502 922 670 983 deseruisse
694 931 805 984 ratem.

129 1009 243 1092 [Turpe
268 1013 354 1091 sequi
377 1028 479 1071 casum
502 1019 533 1071 et
555 1011 692 1074 fortunae
716 1009 822 1071 redere
845 1010 990 1070 amioum.

173 1098 211 1160 Et
233 1100 293 1160 nisi
315 1100 355 1159 sit
377 1098 470 1178 felix,
493 1116 559 1159 esse
582 1116 691 1177 negare
715 1096 835 1175 sunm]

81 1199 114 1248 25
128 1186 194 1249 Non
216 1190 258 1248 ita
280 1189 419 1248 vixerunt
443 1185 583 1266 Strophio
611 1193 700 1265 atque
724 1187 942 1265 Agamemnone
970 1185 1050 1266 nati,
1093 1217 1095 1223 ·

173 1274 239 1336 Non
262 1275 335 1336 haee
359 1274 486 1353 Aegidae
508 1273 694 1354 Pirithoique
717 1275 808 1337 fides:

130 1362 211 1432 Quos
233 1365 316 1442 prior
339 1372 385 1423 est
407 1365 534 1443 mirata,
557 1380 686 1442 sequens
709 1362 866 1424 mirabitur
889 1371 986 1443 aetas,

173 1449 208 1510 ln
232 1468 359 1529 quorum
381 1450 503 1530 plausus
526 1458 588 1511 tota
610 1450 725 1511 theatra
749 1459 872 1512 sonant.

130 1537 177 1598 Tu
200 1556 320 1618 quoque
342 1556 397 1618 per
420 1539 529 1601 durum
551 1547 667 1601 serrato
690 1546 807 1617 tempus
830 1541 924 1600 amico

82 1638 116 1687 30
175 1625 287 1706 Dignus
311 1644 343 1687 es
365 1628 397 1687 in
420 1628 510 1687 tantis
533 1644 642 1688 nomen
665 1626 774 1688 babere
800 1628 886 1688 viris.

129 1714 242 1794 Dignus
266 1733 316 1795 es,
340 1723 387 1795 et,
412 1716 551 1794 quoniam
568 1713 687 1777 laudem
708 1717 818 1796 pietate
841 1715 983 1795 mereris,
1007 1725 1050 1777 (⁵⁷)

174 1802 240 1864 Non
262 1805 321 1863 erit
343 1803 435 1873 olfieii
456 1804 550 1882 gratia
574 1802 664 1864 surda
686 1805 748 1868 tui.

131 1890 226 1953 Crede
250 1890 344 1971 mihi,
367 1899 504 1953 nostrum
527 1894 553 1952 si
576 1910 637 1953 non
659 1891 783 1953 mortale
806 1892 942 1954 futurum
965 1900 1011 1953 est

175 1979 323 2061 Carmen,
345 1982 377 2040 in
401 1997 453 2040 ore
476 1980 618 2059 frequens
641 1982 825 2061 posteritatis
848 1983 925 2043 eris.

80 2078 115 2129 35
129 2067 187 2129 Fae
211 2068 299 2129 modo
322 2085 496 2148 permaneas
519 2067 618 2149 lasso,
642 2067 808 2151 Graecine,
830 2066 944 2151 fidelis,

174 2155 268 2226 buret
291 2165 321 2218 et
344 2159 375 2217 in
399 2155 501 2235 longas
523 2157 654 2236 impetus
676 2159 733 2218 iste
757 2175 872 2219 moras.

130 2244 212 2317 Quae
236 2252 269 2304 tn
292 2262 360 2306 cum
383 2254 540 2325 praestes,
562 2260 646 2306 remo
669 2255 768 2307 tamen
791 2254 860 2307 utor
882 2248 914 2307 in
938 2263 1027 2327 aura,

174 2331 235 2393 Neo
257 2339 347 2394 nocet
370 2332 497 2393 admisso
522 2332 650 2394 subdere
673 2333 770 2396 oaloar
793 2352 890 2414 equo.

384 2623 389 2631 .
506 2526 584 2602 vu.

129 2685 203 2746 Esse
227 2684 386 2747 salutatum
408 2685 471 2747 vult
493 2694 524 2748 te
548 2704 612 2748 mea
634 2687 733 2750 littera
755 2688 886 2766 primum

172 2774 197 2835 Α
220 2774 296 2836 male
318 2776 454 2856 pacatis,
476 2775 595 2856 Attice,
618 2778 709 2837 missa
732 2774 832 2837 Getis.

128 2862 267 2924 Proxima
290 2863 507 2945 subsequitur,
530 2864 600 2943 quid
624 2883 714 2945 agas,
738 2863 841 2926 audire
856 2863 1018 2942 uoluptas,

173 2950 282 3030 Etsi,
306 2951 451 3030 quidquid
474 2952 556 3032 agis,
579 2955 619 3013 sit
641 2953 697 3014 tibi
720 2970 791 3014 eura
814 2954 890 3012 mei.

98 3036 190 3098 5Neo
214 3037 316 3099 dubito
341 3041 413 3117 quin
436 3041 496 3100 sit.
537 3039 590 3099 sed
618 3058 666 3101 me
695 3047 795 3100 tumor
819 3042 882 3117 ipse
905 3036 1048 3099 malorum

174 3124 269 3204 Saepe
292 3144 492 3206 supervacuos
515 3128 595 3204 cogit
616 3125 727 3187 habere
750 3133 868 3188 metus.

129 3211 170 3273 lla
193 3214 331 3293 veniam,
356 3230 488 3293 quaeso,
511 3215 662 3292 nimioque
685 3216 806 3292 ignosce
829 3214 948 3274 timori.

172 3301 359 3380 Tranquillas
383 3303 472 3363 etiam
494 3302 655 3381 naufragus
677 3301 781 3363 horret
804 3319 911 3380 aquas.

128 3389 187 3460 Qui
210 3390 302 3450 semel
326 3399 372 3452 est
394 3389 492 3452 laesus
514 3389 611 3451 fallari
633 3392 724 3470 pisois
747 3389 784 3450 ab
806 3389 911 3472 hamo,

80 3490 113 3540 10
173 3477 320 3541 Omnibus
343 3496 420 3541 unca
443 3477 517 3539 oibis
540 3496 609 3541 aera
632 3478 756 3540 subesse
777 3487 879 3558 putat.

129 3566 224 3649 Saepe
247 3585 350 3630 canem
373 3567 459 3647 louge
483 3570 578 3630 visum
601 3568 678 3648 fugit
700 3585 790 3652 agna,
813 3566 975 3648 lupumque
