2467 4042
487 271 521 323 r.
539 226 708 324 ero-oras
1028 265 1093 331 119

174 432 271 514 thue
293 452 386 515 nepos
409 434 559 515 Aethrae,
582 431 705 495 Veneris
730 434 894 494 moriturus
916 431 955 492 oh
978 434 1071 512 iram,

216 520 294 583 Exul
316 522 353 583 ab
376 524 508 584 attonitis
532 523 691 583 excutiaris
715 524 817 600 equis.

174 609 300 689 Propter
322 628 394 690 opes
417 627 537 688 magnas
561 616 596 670 ut
618 608 749 689 perdidit
770 608 879 688 hospes
902 607 1071 691 alumnum,

110 707 162 759 080
218 696 327 760 Perdat
349 697 387 759 ob
410 700 531 776 enigma
554 705 584 758 te
607 706 678 758 tuus
700 696 809 775 hospes
831 713 921 777 opes.

176 784 271 865 thue
302 786 405 847 terunt
436 802 538 847 caesos
570 802 623 846 sex
655 802 723 846 cum
756 783 1001 846 Damasichthone

722 873 851 952 iratres,
1050 883 1094 936 (00

220 960 350 1024 intereat
371 970 472 1023 tecum
495 963 540 1022 sic
561 978 656 1041 genus
679 977 766 1021 omne
789 969 893 1024 tuum.

177 1048 295 1111 Addidit
316 1058 351 1112 ut
373 1050 481 1110 fidicen
504 1050 622 1110 miseris
645 1067 699 1110 sua
721 1050 826 1110 lunera
849 1049 943 1124 natis,

220 1136 268 1200 Sic
292 1136 347 1199 tibi
370 1140 431 1199 sint
453 1139 529 1199 vitae
551 1137 647 1198 taedia
669 1139 748 1198 iusta
770 1144 856 1198 tuae.

110 1236 161 1287 080
176 1224 249 1288 Utve
271 1243 358 1288 soror
380 1225 521 1306 Pelopis,
545 1243 615 1286 saro
639 1224 758 1286 dureris
779 1224 904 1305 oborto,

220 1313 260 1375 Et
279 1314 378 1375 laesus
400 1313 500 1391 lingna
522 1313 626 1374 Battus
650 1312 686 1373 ab
708 1315 773 1393 ipse
796 1330 866 1375 sua.

176 1401 252 1463 hera
274 1403 301 1463 si
324 1403 414 1462 misso
436 1401 582 1481 liquidum
604 1400 772 1462 iaculabere
795 1401 895 1481 disco,

221 1488 286 1559 Ouo
308 1507 384 1569 puer
407 1487 585 1569 Oebalides,
607 1492 686 1551 ictus
709 1488 745 1550 ab
768 1488 841 1550 orbe
864 1488 968 1549 cadas.

177 1576 269 1657 Siqua
291 1595 345 1657 per
367 1577 497 1639 alternos
520 1576 687 1656 pulsabitur
710 1575 788 1638 unda
810 1576 955 1656 lacertos,

112 1675 164 1726 000
223 1663 326 1727 Omnis
348 1664 488 1744 Abydena
510 1668 549 1726 sit
571 1665 626 1727 tibi
648 1668 732 1746 peior
755 1682 848 1744 aqna.

178 1751 315 1815 Comicus
337 1761 373 1814 nt
394 1753 499 1814 mediis
522 1755 634 1834 periit,
657 1753 728 1815 dum
751 1752 860 1834 nabat,
883 1755 915 1814 in
936 1750 1043 1830 undis,

220 1839 261 1902 Et
281 1850 333 1903 tua
356 1843 399 1902 sic
423 1840 543 1920 Stygius
567 1843 731 1920 strangulet
753 1860 806 1902 ora
828 1841 942 1921 liquor.

177 1929 236 1991 hut
257 1928 310 1990 nbi
331 1935 487 1991 ventosum
510 1932 661 2009 superaris
684 1931 843 2009 naufragus
866 1946 997 2009 aequor,

221 2016 362 2080 Contacta
384 2036 511 2100 pereae,
534 2027 568 2080 ut
590 2018 771 2100 Palinurus,
794 2018 901 2080 humo.

113 2117 164 2169 000
178 2106 276 2187 thue
300 2106 510 2169 cothurnatum
532 2115 630 2168 ratem
653 2106 745 2168 tutela
767 2105 893 2185 Dianae,

222 2194 350 2256 Dilaniet
372 2195 493 2274 vigilum
515 2203 546 2256 te
569 2211 688 2275 qnoque
710 2194 800 2257 turba
822 2212 945 2283 canum.

177 2285 235 2345 dut
257 2291 293 2345 ut
313 2282 510 2364 Trinacrius,
533 2283 620 2345 salias
644 2301 734 2363 super
756 2301 809 2344 ora
832 2283 976 2362 gigantis,

221 2370 351 2432 Plurima
375 2389 433 2450 qua
455 2372 587 2433 flammas
610 2372 725 2433 Sicanis
748 2371 842 2433 Aetna
864 2372 972 2431 vomit.

179 2458 385 2537 Diripiantque
407 2467 477 2520 tuos
498 2462 610 2521 insanis
633 2458 784 2538 unguibus
806 2467 889 2521 artus

113 2559 165 2609 000
224 2545 409 2626 Strymoniae
433 2556 565 2627 matres,
587 2546 723 2627 Orpheos
746 2566 812 2609 esse
835 2553 934 2607 ratae.

178 2634 271 2696 Natus
293 2643 328 2696 ut
350 2634 488 2696 Althaeae
510 2635 636 2696 llammis
659 2635 832 2704 absentibus
855 2636 946 2716 arsit,

223 2721 272 2784 Sic
295 2729 365 2784 tuus
388 2723 524 2785 ardescat
545 2725 655 2803 stipitis
677 2727 745 2804 igne
768 2742 876 2805 rogus.

177 2809 216 2873 Ut
238 2828 313 2872 nova
335 2811 476 2874 Phasiaca
499 2830 674 2893 comprensa
697 2821 744 2873 est
766 2821 859 2892 nupta
881 2828 1008 2892 corona,
1054 2821 1098 2874 (2⁸)

222 2898 318 2979 thue
341 2910 426 2981 pater
449 2910 580 2983 nuptae,
603 2919 731 2980 cumque
753 2907 877 2981 parente
900 2900 1025 2979 domus3

113 2998 164 3049 000
178 2986 217 3048 Ut
240 3005 330 3049 cruor
352 2988 516 3050 Herculeos
538 2989 611 3050 abiit
633 2990 759 3051 diffusus
781 2992 814 3050 ln
836 2997 937 3068 artus3

223 3074 354 3155 Corpora
376 3076 552 3155 pestiferum
575 3079 618 3137 sic
641 3085 692 3138 tua
715 3079 796 3138 virus
820 3076 904 3138 edat.

113 3193 152 3206 -
179 3161 244 3233 Qua
266 3180 319 3223 sua
337 3161 530 3224 Penthaliden
552 3163 653 3243 proles
672 3172 719 3224 est
736 3164 798 3225 ulta
816 3163 1003 3243 Lycurgum,

222 3248 302 3310 flacc
325 3258 441 3311 maneat
463 3250 516 3312 teli
538 3260 567 3312 te
591 3269 710 3330 quoque
733 3251 817 3330 plaga
841 3253 925 3311 novi.

178 3336 275 3417 thue
298 3336 368 3398 blilo
391 3337 485 3400 robur
507 3338 649 3400 diducere
672 3337 762 3399 fissile
784 3336 931 3419 temptes,

112 3438 163 3488 010
221 3426 283 3488 Nec
305 3427 402 3506 possis
426 3435 525 3506 captas
548 3427 616 3488 inde
640 3427 753 3488 referre
777 3444 900 3488 manus.

176 3513 411 3594 Muneribusque
433 3516 495 3577 tuis
517 3515 666 3596 laedaris,
689 3523 723 3577 ut
747 3515 848 3577 lcarus
860 3562 870 3597 ,
892 3515 924 3575 in
948 3531 1037 3594 quem

221 3601 325 3665 lululit
347 3610 473 3665 armatas
496 3602 578 3665 ebria
600 3603 688 3666 turba
711 3621 834 3666 manns.
