<?xml version="1.0" encoding="UTF-8"?>
<!DOCTYPE html PUBLIC "-//W3C//DTD XHTML 1.0 Transitional//EN"
    "http://www.w3.org/TR/xhtml1/DTD/xhtml1-transitional.dtd">
<html xmlns="http://www.w3.org/1999/xhtml" xml:lang="en" lang="en">
 <head>
  <title>
</title>
<meta http-equiv="Content-Type" content="text/html;charset=utf-8" />
  <meta name='ocr-system' content='tesseract 3.04.00' />
  <meta name='ocr-capabilities' content='ocr_page ocr_carea ocr_par ocr_line ocrx_word'/>
</head>
<body>
  <div class='ocr_page' id='page_1' title='image "./povidiusnaso00ehwagoog_1033.png"; bbox 0 0 2467 4042; ppageno 0'>
   <div class='ocr_carea' id='block_1_1' title="bbox 433 222 1085 289">
    <p class='ocr_par' dir='ltr' id='par_1_1' title="bbox 433 222 1085 289">
     <span class='ocr_line' id='line_1_1' title="bbox 433 222 1085 289; baseline 0.015 -10"><span class='ocrx_word' id='word_1_1' title='bbox 433 228 479 281; x_wconf 85' lang='lat' dir='ltr'><strong>tv.</strong></span> <span class='ocrx_word' id='word_1_2' title='bbox 499 240 532 280; x_wconf 82' lang='lat' dir='ltr'><strong>vr</strong></span> <span class='ocrx_word' id='word_1_3' title='bbox 546 230 665 281; x_wconf 75' lang='lat' dir='ltr'><strong>ec-vu</strong></span> <span class='ocrx_word' id='word_1_4' title='bbox 679 230 721 281; x_wconf 84' lang='lat'><strong>54.</strong></span> <span class='ocrx_word' id='word_1_5' title='bbox 1022 222 1085 289; x_wconf 80' lang='lat'><strong>195</strong></span> 
     </span>
    </p>
   </div>
   <div class='ocr_carea' id='block_1_2' title="bbox 38 388 1089 3706">
    <p class='ocr_par' dir='ltr' id='par_1_2' title="bbox 38 388 1089 3706">
     <span class='ocr_line' id='line_1_2' title="bbox 211 388 859 467; baseline 0 -18"><span class='ocrx_word' id='word_1_6' title='bbox 211 388 277 467; x_wconf 90' lang='lat' dir='ltr'><strong>lpsa</strong></span> <span class='ocrx_word' id='word_1_7' title='bbox 301 397 398 449; x_wconf 87' lang='lat' dir='ltr'><strong>tamen</strong></span> <span class='ocrx_word' id='word_1_8' title='bbox 423 392 517 449; x_wconf 88' lang='lat' dir='ltr'><strong>virtus</strong></span> <span class='ocrx_word' id='word_1_9' title='bbox 540 390 644 450; x_wconf 84' lang='lat' dir='ltr'>ordine</span> <span class='ocrx_word' id='word_1_10' title='bbox 669 391 761 450; x_wconf 88' lang='lat' dir='ltr'><strong>maior</strong></span> <span class='ocrx_word' id='word_1_11' title='bbox 785 390 859 450; x_wconf 90' lang='lat' dir='ltr'><strong>erit.</strong></span> 
     </span>
     <span class='ocr_line' id='line_1_3' title="bbox 167 475 1064 558; baseline 0.001 -22"><span class='ocrx_word' id='word_1_12' title='bbox 167 475 231 536; x_wconf 92' lang='lat' dir='ltr'><strong>Non</strong></span> <span class='ocrx_word' id='word_1_13' title='bbox 255 487 342 556; x_wconf 87' lang='lat' dir='ltr'><strong>negat</strong></span> <span class='ocrx_word' id='word_1_14' title='bbox 365 477 421 537; x_wconf 91' lang='lat' dir='ltr'><strong>boc</strong></span> <span class='ocrx_word' id='word_1_15' title='bbox 444 476 566 558; x_wconf 84' lang='lat' dir='ltr'><strong>Hister,</strong></span> <span class='ocrx_word' id='word_1_16' title='bbox 590 479 676 538; x_wconf 89' lang='lat' dir='ltr'><strong>euius</strong></span> <span class='ocrx_word' id='word_1_17' title='bbox 701 487 750 538; x_wconf 91' lang='lat' dir='ltr'><strong>tua</strong></span> <span class='ocrx_word' id='word_1_18' title='bbox 773 477 893 537; x_wconf 87' lang='lat' dir='ltr'><strong>dextera</strong></span> <span class='ocrx_word' id='word_1_19' title='bbox 917 477 1064 555; x_wconf 86' lang='lat' dir='ltr'><strong>quondam</strong></span> 
     </span>
     <span class='ocr_line' id='line_1_4' title="bbox 119 563 905 643; baseline 0 -19"><span class='ocrx_word' id='word_1_20' title='bbox 119 575 154 624; x_wconf 78' lang='lat'><strong>20</strong></span> <span class='ocrx_word' id='word_1_21' title='bbox 211 563 371 625; x_wconf 87' lang='lat' dir='ltr'><strong>Puniceom</strong></span> <span class='ocrx_word' id='word_1_22' title='bbox 395 565 497 626; x_wconf 87' lang='lat' dir='ltr'><strong>Getico</strong></span> <span class='ocrx_word' id='word_1_23' title='bbox 521 569 665 643; x_wconf 86' lang='lat' dir='ltr'><strong>sanguiue</strong></span> <span class='ocrx_word' id='word_1_24' title='bbox 689 566 760 628; x_wconf 85' lang='lat' dir='ltr'><strong>lecit</strong></span> <span class='ocrx_word' id='word_1_25' title='bbox 783 582 905 642; x_wconf 89' lang='lat' dir='ltr'><strong>aquam.</strong></span> 
     </span>
     <span class='ocr_line' id='line_1_5' title="bbox 168 651 976 734; baseline 0 -22"><span class='ocrx_word' id='word_1_26' title='bbox 168 651 232 712; x_wconf 88' lang='lat' dir='ltr'><strong>Non</strong></span> <span class='ocrx_word' id='word_1_27' title='bbox 255 662 343 731; x_wconf 85' lang='lat' dir='ltr'><strong>negat</strong></span> <span class='ocrx_word' id='word_1_28' title='bbox 366 654 511 734; x_wconf 80' lang='lat' dir='ltr'>Aegisos,</span> <span class='ocrx_word' id='word_1_29' title='bbox 535 671 609 732; x_wconf 88' lang='lat' dir='ltr'><strong>quac</strong></span> <span class='ocrx_word' id='word_1_30' title='bbox 634 661 663 713; x_wconf 91' lang='lat' dir='ltr'><strong>te</strong></span> <span class='ocrx_word' id='word_1_31' title='bbox 687 652 833 714; x_wconf 79' lang='lat' dir='ltr'><strong>subeunte</strong></span> <span class='ocrx_word' id='word_1_32' title='bbox 857 659 976 732; x_wconf 89' lang='lat' dir='ltr'><strong>recepta</strong></span> 
     </span>
     <span class='ocr_line' id='line_1_6' title="bbox 213 739 848 819; baseline 0.003 -19"><span class='ocrx_word' id='word_1_33' title='bbox 213 739 313 801; x_wconf 86' lang='lat' dir='ltr'><strong>Sensit</strong></span> <span class='ocrx_word' id='word_1_34' title='bbox 336 742 366 799; x_wconf 90' lang='lat' dir='ltr'><strong>in</strong></span> <span class='ocrx_word' id='word_1_35' title='bbox 390 743 507 819; x_wconf 89' lang='lat' dir='ltr'><strong>ingenio</strong></span> <span class='ocrx_word' id='word_1_36' title='bbox 532 740 572 801; x_wconf 93' lang='lat' dir='ltr'><strong>nil</strong></span> <span class='ocrx_word' id='word_1_37' title='bbox 595 744 662 819; x_wconf 92' lang='lat' dir='ltr'><strong>opis</strong></span> <span class='ocrx_word' id='word_1_38' title='bbox 686 758 751 802; x_wconf 92' lang='lat' dir='ltr'><strong>esse</strong></span> <span class='ocrx_word' id='word_1_39' title='bbox 774 741 848 802; x_wconf 91' lang='lat' dir='ltr'><strong>loci.</strong></span> 
     </span>
     <span class='ocr_line' id='line_1_7' title="bbox 167 827 999 909; baseline 0.002 -22"><span class='ocrx_word' id='word_1_40' title='bbox 167 827 263 908; x_wconf 88' lang='lat' dir='ltr'><strong>Nam,</strong></span> <span class='ocrx_word' id='word_1_41' title='bbox 286 828 433 909; x_wconf 85' lang='lat' dir='ltr'><strong>dubium,</strong></span> <span class='ocrx_word' id='word_1_42' title='bbox 455 831 555 907; x_wconf 85' lang='lat' dir='ltr'><strong>positu</strong></span> <span class='ocrx_word' id='word_1_43' title='bbox 579 829 686 889; x_wconf 89' lang='lat' dir='ltr'><strong>melius</strong></span> <span class='ocrx_word' id='word_1_44' title='bbox 709 828 830 890; x_wconf 81' lang='lat' dir='ltr'><strong>defensa</strong></span> <span class='ocrx_word' id='word_1_45' title='bbox 853 846 999 909; x_wconf 77' lang='lat' dir='ltr'><strong>marture,</strong></span> 
     </span>
     <span class='ocr_line' id='line_1_8' title="bbox 212 913 947 996; baseline 0.001 -20"><span class='ocrx_word' id='word_1_46' title='bbox 212 913 290 977; x_wconf 90' lang='lat' dir='ltr'><strong>Urbs</strong></span> <span class='ocrx_word' id='word_1_47' title='bbox 313 926 377 977; x_wconf 86' lang='lat' dir='ltr'><strong>erat</strong></span> <span class='ocrx_word' id='word_1_48' title='bbox 398 919 431 977; x_wconf 90' lang='lat' dir='ltr'><strong>in</strong></span> <span class='ocrx_word' id='word_1_49' title='bbox 454 934 569 978; x_wconf 88' lang='lat' dir='ltr'><strong>summo</strong></span> <span class='ocrx_word' id='word_1_50' title='bbox 593 916 723 978; x_wconf 89' lang='lat' dir='ltr'><strong>nubibus</strong></span> <span class='ocrx_word' id='word_1_51' title='bbox 746 933 838 996; x_wconf 87' lang='lat' dir='ltr'><strong>aequa</strong></span> <span class='ocrx_word' id='word_1_52' title='bbox 861 918 947 994; x_wconf 85' lang='lat' dir='ltr'><strong>iugo.</strong></span> 
     </span>
     <span class='ocr_line' id='line_1_9' title="bbox 119 1002 820 1085; baseline 0.001 -22"><span class='ocrx_word' id='word_1_53' title='bbox 119 1014 153 1065; x_wconf 75' lang='lat'><strong>2⁶</strong></span> <span class='ocrx_word' id='word_1_54' title='bbox 170 1002 304 1065; x_wconf 90' lang='lat' dir='ltr'><strong>Sithonio</strong></span> <span class='ocrx_word' id='word_1_55' title='bbox 327 1007 392 1082; x_wconf 86' lang='lat' dir='ltr'><strong>regi</strong></span> <span class='ocrx_word' id='word_1_56' title='bbox 414 1004 500 1066; x_wconf 84' lang='lat' dir='ltr'><strong>lorus</strong></span> <span class='ocrx_word' id='word_1_57' title='bbox 520 1007 719 1085; x_wconf 78' lang='lat' dir='ltr'><strong>interceperat</strong></span> <span class='ocrx_word' id='word_1_58' title='bbox 741 1004 820 1065; x_wconf 89' lang='lat' dir='ltr'><strong>illam</strong></span> 
     </span>
     <span class='ocr_line' id='line_1_10' title="bbox 210 1091 882 1173; baseline 0 -21"><span class='ocrx_word' id='word_1_59' title='bbox 210 1091 311 1153; x_wconf 89' lang='lat' dir='ltr'><strong>Hostis</strong></span> <span class='ocrx_word' id='word_1_60' title='bbox 334 1101 364 1153; x_wconf 90' lang='lat' dir='ltr'><strong>et</strong></span> <span class='ocrx_word' id='word_1_61' title='bbox 387 1102 504 1172; x_wconf 89' lang='lat' dir='ltr'><strong>ereptas</strong></span> <span class='ocrx_word' id='word_1_62' title='bbox 527 1095 622 1154; x_wconf 83' lang='lat' dir='ltr'><strong>victor</strong></span> <span class='ocrx_word' id='word_1_63' title='bbox 644 1092 770 1154; x_wconf 84' lang='lat' dir='ltr'><strong>habebat</strong></span> <span class='ocrx_word' id='word_1_64' title='bbox 794 1109 882 1173; x_wconf 82' lang='lat' dir='ltr'><strong>opes3</strong></span> 
     </span>
     <span class='ocr_line' id='line_1_11' title="bbox 167 1178 834 1243; baseline 0.001 -2"><span class='ocrx_word' id='word_1_65' title='bbox 167 1178 266 1241; x_wconf 82' lang='lat' dir='ltr'><strong>llorree</strong></span> <span class='ocrx_word' id='word_1_66' title='bbox 289 1180 428 1243; x_wconf 89' lang='lat' dir='ltr'><strong>lluminea</strong></span> <span class='ocrx_word' id='word_1_67' title='bbox 452 1181 573 1243; x_wconf 84' lang='lat' dir='ltr'><strong>devecta</strong></span> <span class='ocrx_word' id='word_1_68' title='bbox 596 1180 731 1243; x_wconf 88' lang='lat' dir='ltr'><strong>Vitellius</strong></span> <span class='ocrx_word' id='word_1_69' title='bbox 755 1181 834 1242; x_wconf 84' lang='lat' dir='ltr'><strong>unda</strong></span> 
     </span>
     <span class='ocr_line' id='line_1_12' title="bbox 212 1266 861 1350; baseline 0.002 -22"><span class='ocrx_word' id='word_1_70' title='bbox 212 1266 336 1348; x_wconf 88' lang='lat' dir='ltr'><strong>lniulii,</strong></span> <span class='ocrx_word' id='word_1_71' title='bbox 359 1272 493 1348; x_wconf 80' lang='lat' dir='ltr'><strong>exposito</strong></span> <span class='ocrx_word' id='word_1_72' title='bbox 517 1271 632 1350; x_wconf 83' lang='lat' dir='ltr'><strong>milite,</strong></span> <span class='ocrx_word' id='word_1_73' title='bbox 656 1272 739 1349; x_wconf 88' lang='lat' dir='ltr'><strong>signa</strong></span> <span class='ocrx_word' id='word_1_74' title='bbox 761 1269 861 1332; x_wconf 80' lang='lat' dir='ltr'><strong>Getis.</strong></span> 
     </span>
     <span class='ocr_line' id='line_1_13' title="bbox 38 1354 879 1437; baseline 0.002 -23"><span class='ocrx_word' id='word_1_75' title='bbox 38 1423 40 1429; x_wconf 26' lang='lat'><strong>¹</strong></span> <span class='ocrx_word' id='word_1_76' title='bbox 168 1356 206 1415; x_wconf 78' lang='lat' dir='ltr'><strong>At</strong></span> <span class='ocrx_word' id='word_1_77' title='bbox 229 1354 305 1436; x_wconf 88' lang='lat' dir='ltr'><strong>tibi,</strong></span> <span class='ocrx_word' id='word_1_78' title='bbox 327 1360 485 1436; x_wconf 88' lang='lat' dir='ltr'><strong>progenies</strong></span> <span class='ocrx_word' id='word_1_79' title='bbox 508 1356 559 1418; x_wconf 90' lang='lat' dir='ltr'><strong>alii</strong></span> <span class='ocrx_word' id='word_1_80' title='bbox 582 1357 743 1418; x_wconf 77' lang='lat' dir='ltr'><strong>fortissima</strong></span> <span class='ocrx_word' id='word_1_81' title='bbox 765 1356 879 1437; x_wconf 85' lang='lat' dir='ltr'><strong>Donni,</strong></span> 
     </span>
     <span class='ocr_line' id='line_1_14' title="bbox 121 1441 857 1522; baseline -0.001 -19"><span class='ocrx_word' id='word_1_82' title='bbox 121 1454 154 1505; x_wconf 81' lang='grc' dir='ltr'><strong>3ο</strong></span> <span class='ocrx_word' id='word_1_83' title='bbox 213 1441 300 1503; x_wconf 91' lang='lat' dir='ltr'><strong>Venit</strong></span> <span class='ocrx_word' id='word_1_84' title='bbox 322 1446 354 1503; x_wconf 90' lang='lat' dir='ltr'><strong>in</strong></span> <span class='ocrx_word' id='word_1_85' title='bbox 376 1444 516 1505; x_wconf 87' lang='lat' dir='ltr'><strong>adversos</strong></span> <span class='ocrx_word' id='word_1_86' title='bbox 539 1447 668 1522; x_wconf 87' lang='lat' dir='ltr'><strong>impetus</strong></span> <span class='ocrx_word' id='word_1_87' title='bbox 692 1447 737 1505; x_wconf 85' lang='lat' dir='ltr'><strong>ire</strong></span> <span class='ocrx_word' id='word_1_88' title='bbox 759 1446 857 1504; x_wconf 87' lang='lat' dir='ltr'><strong>viros.</strong></span> 
     </span>
     <span class='ocr_line' id='line_1_15' title="bbox 169 1528 1007 1611; baseline 0 -21"><span class='ocrx_word' id='word_1_89' title='bbox 169 1528 230 1591; x_wconf 90' lang='lat' dir='ltr'><strong>Nec</strong></span> <span class='ocrx_word' id='word_1_90' title='bbox 254 1548 336 1591; x_wconf 83' lang='lat' dir='ltr'><strong>mora</strong></span> <span class='ocrx_word' id='word_1_91' title='bbox 348 1579 358 1609; x_wconf 91' lang='lat'>,</span> <span class='ocrx_word' id='word_1_92' title='bbox 381 1534 560 1610; x_wconf 87' lang='lat' dir='ltr'><strong>conspicuus</strong></span> <span class='ocrx_word' id='word_1_93' title='bbox 583 1531 671 1609; x_wconf 87' lang='lat' dir='ltr'><strong>longe</strong></span> <span class='ocrx_word' id='word_1_94' title='bbox 694 1529 876 1609; x_wconf 80' lang='lat' dir='ltr'><strong>fulgentibus</strong></span> <span class='ocrx_word' id='word_1_95' title='bbox 899 1533 1007 1611; x_wconf 86' lang='lat' dir='ltr'><strong>armis,</strong></span> 
     </span>
     <span class='ocr_line' id='line_1_16' title="bbox 213 1617 876 1698; baseline -0.003 -19"><span class='ocrx_word' id='word_1_96' title='bbox 213 1617 312 1679; x_wconf 84' lang='lat' dir='ltr'><strong>Fortia</strong></span> <span class='ocrx_word' id='word_1_97' title='bbox 336 1637 373 1679; x_wconf 89' lang='lat' dir='ltr'><strong>ne</strong></span> <span class='ocrx_word' id='word_1_98' title='bbox 396 1621 512 1697; x_wconf 85' lang='lat' dir='ltr'><strong>possint</strong></span> <span class='ocrx_word' id='word_1_99' title='bbox 535 1621 611 1680; x_wconf 87' lang='lat' dir='ltr'><strong>lacta</strong></span> <span class='ocrx_word' id='word_1_100' title='bbox 634 1619 749 1698; x_wconf 86' lang='lat' dir='ltr'><strong>latere,</strong></span> <span class='ocrx_word' id='word_1_101' title='bbox 772 1635 876 1697; x_wconf 88' lang='lat' dir='ltr'><strong>caves,</strong></span> 
     </span>
     <span class='ocr_line' id='line_1_17' title="bbox 170 1701 964 1785; baseline 0 -18"><span class='ocrx_word' id='word_1_102' title='bbox 170 1705 344 1785; x_wconf 83' lang='lat' dir='ltr'><strong>ingentique</strong></span> <span class='ocrx_word' id='word_1_103' title='bbox 367 1706 461 1785; x_wconf 84' lang='lat' dir='ltr'><strong>gradu</strong></span> <span class='ocrx_word' id='word_1_104' title='bbox 484 1701 587 1768; x_wconf 78' lang='lat' dir='ltr'><strong>cont&#39;ra</strong></span> <span class='ocrx_word' id='word_1_105' title='bbox 611 1709 785 1785; x_wconf 82' lang='lat' dir='ltr'><strong>ferrumque</strong></span> <span class='ocrx_word' id='word_1_106' title='bbox 807 1706 964 1785; x_wconf 83' lang='lat' dir='ltr'><strong>locumque</strong></span> 
     </span>
     <span class='ocr_line' id='line_1_18' title="bbox 214 1793 894 1874; baseline -0.003 -19"><span class='ocrx_word' id='word_1_107' title='bbox 214 1793 346 1874; x_wconf 79' lang='lat' dir='ltr'><strong>Saxaque</strong></span> <span class='ocrx_word' id='word_1_108' title='bbox 371 1794 498 1856; x_wconf 86' lang='lat' dir='ltr'><strong>brumali</strong></span> <span class='ocrx_word' id='word_1_109' title='bbox 518 1795 662 1874; x_wconf 81' lang='lat' dir='ltr'><strong>grandine</strong></span> <span class='ocrx_word' id='word_1_110' title='bbox 685 1795 771 1874; x_wconf 91' lang='lat' dir='ltr'><strong>plura</strong></span> <span class='ocrx_word' id='word_1_111' title='bbox 794 1793 894 1855; x_wconf 89' lang='lat' dir='ltr'><strong>subis.</strong></span> 
     </span>
     <span class='ocr_line' id='line_1_19' title="bbox 122 1882 981 1963; baseline 0 -20"><span class='ocrx_word' id='word_1_112' title='bbox 122 1894 156 1943; x_wconf 77' lang='lat' dir='ltr'><strong>aa</strong></span> <span class='ocrx_word' id='word_1_113' title='bbox 170 1882 231 1942; x_wconf 90' lang='lat' dir='ltr'><strong>Neo</strong></span> <span class='ocrx_word' id='word_1_114' title='bbox 255 1890 284 1943; x_wconf 91' lang='lat' dir='ltr'><strong>te</strong></span> <span class='ocrx_word' id='word_1_115' title='bbox 307 1886 396 1943; x_wconf 89' lang='lat' dir='ltr'><strong>missa</strong></span> <span class='ocrx_word' id='word_1_116' title='bbox 420 1901 511 1961; x_wconf 91' lang='lat' dir='ltr'><strong>super</strong></span> <span class='ocrx_word' id='word_1_117' title='bbox 533 1883 697 1945; x_wconf 84' lang='lat' dir='ltr'><strong>iaculorum</strong></span> <span class='ocrx_word' id='word_1_118' title='bbox 721 1882 808 1944; x_wconf 85' lang='lat' dir='ltr'><strong>turba</strong></span> <span class='ocrx_word' id='word_1_119' title='bbox 832 1890 981 1963; x_wconf 83' lang='lat' dir='ltr'><strong>moratur,</strong></span> 
     </span>
     <span class='ocr_line' id='line_1_20' title="bbox 213 1969 887 2050; baseline -0.001 -19"><span class='ocrx_word' id='word_1_120' title='bbox 213 1969 275 2032; x_wconf 88' lang='lat' dir='ltr'><strong>Nec</strong></span> <span class='ocrx_word' id='word_1_121' title='bbox 298 1989 374 2050; x_wconf 89' lang='lat' dir='ltr'><strong>quae</strong></span> <span class='ocrx_word' id='word_1_122' title='bbox 398 1974 517 2050; x_wconf 84' lang='lat' dir='ltr'><strong>vipereo</strong></span> <span class='ocrx_word' id='word_1_123' title='bbox 541 1971 598 2033; x_wconf 90' lang='lat' dir='ltr'><strong>tela</strong></span> <span class='ocrx_word' id='word_1_124' title='bbox 622 1989 729 2034; x_wconf 88' lang='lat' dir='ltr'><strong>cruore</strong></span> <span class='ocrx_word' id='word_1_125' title='bbox 753 1970 887 2032; x_wconf 88' lang='lat' dir='ltr'><strong>madent.</strong></span> 
     </span>
     <span class='ocr_line' id='line_1_21' title="bbox 171 2057 971 2138; baseline 0 -19"><span class='ocrx_word' id='word_1_126' title='bbox 171 2057 290 2137; x_wconf 81' lang='lat' dir='ltr'><strong>Spicula</strong></span> <span class='ocrx_word' id='word_1_127' title='bbox 313 2077 381 2120; x_wconf 89' lang='lat' dir='ltr'><strong>cum</strong></span> <span class='ocrx_word' id='word_1_128' title='bbox 404 2062 493 2138; x_wconf 86' lang='lat' dir='ltr'><strong>pictis</strong></span> <span class='ocrx_word' id='word_1_129' title='bbox 516 2059 641 2121; x_wconf 88' lang='lat' dir='ltr'><strong>haerent</strong></span> <span class='ocrx_word' id='word_1_130' title='bbox 662 2061 693 2121; x_wconf 88' lang='lat' dir='ltr'><strong>in</strong></span> <span class='ocrx_word' id='word_1_131' title='bbox 717 2059 831 2120; x_wconf 88' lang='lat' dir='ltr'><strong>casside</strong></span> <span class='ocrx_word' id='word_1_132' title='bbox 853 2060 971 2138; x_wconf 89' lang='lat' dir='ltr'><strong>pinnis,</strong></span> 
     </span>
     <span class='ocr_line' id='line_1_22' title="bbox 214 2147 904 2226; baseline 0.001 -19"><span class='ocrx_word' id='word_1_133' title='bbox 214 2147 346 2226; x_wconf 87' lang='lat' dir='ltr'><strong>Parsque</strong></span> <span class='ocrx_word' id='word_1_134' title='bbox 369 2148 432 2208; x_wconf 88' lang='lat' dir='ltr'><strong>iere</strong></span> <span class='ocrx_word' id='word_1_135' title='bbox 455 2151 534 2209; x_wconf 88' lang='lat' dir='ltr'><strong>souti</strong></span> <span class='ocrx_word' id='word_1_136' title='bbox 556 2147 678 2209; x_wconf 84' lang='lat' dir='ltr'><strong>vulnere</strong></span> <span class='ocrx_word' id='word_1_137' title='bbox 702 2147 781 2207; x_wconf 91' lang='lat' dir='ltr'><strong>nulla</strong></span> <span class='ocrx_word' id='word_1_138' title='bbox 805 2154 904 2209; x_wconf 84' lang='lat' dir='ltr'><strong>vacat.</strong></span> 
     </span>
     <span class='ocr_line' id='line_1_23' title="bbox 169 2234 1089 2314; baseline 0.003 -19"><span class='ocrx_word' id='word_1_139' title='bbox 169 2235 231 2296; x_wconf 87' lang='lat' dir='ltr'><strong>Nee</strong></span> <span class='ocrx_word' id='word_1_140' title='bbox 254 2253 363 2314; x_wconf 89' lang='lat' dir='ltr'><strong>corpus</strong></span> <span class='ocrx_word' id='word_1_141' title='bbox 386 2245 511 2297; x_wconf 88' lang='lat' dir='ltr'><strong>cunctos</strong></span> <span class='ocrx_word' id='word_1_142' title='bbox 534 2234 660 2297; x_wconf 87' lang='lat' dir='ltr'><strong>leliciter</strong></span> <span class='ocrx_word' id='word_1_143' title='bbox 683 2235 786 2314; x_wconf 83' lang='lat' dir='ltr'><strong>elingit</strong></span> <span class='ocrx_word' id='word_1_144' title='bbox 809 2236 904 2295; x_wconf 88' lang='lat' dir='ltr'><strong>ictus:</strong></span> <span class='ocrx_word' id='word_1_145' title='bbox 1032 2245 1089 2298; x_wconf 62' lang='grc' dir='ltr'><strong>(Μ)</strong></span> 
     </span>
     <span class='ocr_line' id='line_1_24' title="bbox 122 2321 911 2386; baseline 0 -3"><span class='ocrx_word' id='word_1_146' title='bbox 122 2334 157 2384; x_wconf 84' lang='lat'><strong>40</strong></span> <span class='ocrx_word' id='word_1_147' title='bbox 216 2322 274 2385; x_wconf 88' lang='lat' dir='ltr'><strong>Sed</strong></span> <span class='ocrx_word' id='word_1_148' title='bbox 298 2327 395 2384; x_wconf 90' lang='lat' dir='ltr'><strong>minor</strong></span> <span class='ocrx_word' id='word_1_149' title='bbox 417 2334 463 2386; x_wconf 89' lang='lat' dir='ltr'><strong>est</strong></span> <span class='ocrx_word' id='word_1_150' title='bbox 486 2326 548 2385; x_wconf 88' lang='lat' dir='ltr'><strong>aeri</strong></span> <span class='ocrx_word' id='word_1_151' title='bbox 570 2323 665 2385; x_wconf 87' lang='lat' dir='ltr'><strong>laudis</strong></span> <span class='ocrx_word' id='word_1_152' title='bbox 688 2341 788 2385; x_wconf 87' lang='lat' dir='ltr'><strong>amore</strong></span> <span class='ocrx_word' id='word_1_153' title='bbox 811 2321 911 2384; x_wconf 85' lang='lat' dir='ltr'><strong>dolor.</strong></span> 
     </span>
     <span class='ocr_line' id='line_1_25' title="bbox 171 2410 938 2491; baseline -0.001 -20"><span class='ocrx_word' id='word_1_154' title='bbox 171 2410 249 2472; x_wconf 82' lang='lat' dir='ltr'><strong>Talis</strong></span> <span class='ocrx_word' id='word_1_155' title='bbox 273 2411 351 2491; x_wconf 90' lang='lat' dir='ltr'><strong>apud</strong></span> <span class='ocrx_word' id='word_1_156' title='bbox 374 2412 492 2472; x_wconf 83' lang='lat' dir='ltr'><strong>Troiam</strong></span> <span class='ocrx_word' id='word_1_157' title='bbox 515 2411 622 2473; x_wconf 84' lang='lat' dir='ltr'><strong>Danais</strong></span> <span class='ocrx_word' id='word_1_158' title='bbox 645 2430 699 2491; x_wconf 92' lang='lat' dir='ltr'><strong>pro</strong></span> <span class='ocrx_word' id='word_1_159' title='bbox 722 2410 845 2472; x_wconf 88' lang='lat' dir='ltr'><strong>navibus</strong></span> <span class='ocrx_word' id='word_1_160' title='bbox 868 2412 938 2471; x_wconf 78' lang='lat' dir='ltr'><strong>Aiax</strong></span> 
     </span>
     <span class='ocr_line' id='line_1_26' title="bbox 215 2498 837 2562; baseline -0.002 -2"><span class='ocrx_word' id='word_1_161' title='bbox 215 2498 331 2561; x_wconf 87' lang='lat' dir='ltr'><strong>Dicitur</strong></span> <span class='ocrx_word' id='word_1_162' title='bbox 353 2499 515 2562; x_wconf 88' lang='lat' dir='ltr'><strong>Hectoreas</strong></span> <span class='ocrx_word' id='word_1_163' title='bbox 539 2501 717 2562; x_wconf 88' lang='lat' dir='ltr'><strong>sustinuisse</strong></span> <span class='ocrx_word' id='word_1_164' title='bbox 740 2501 837 2560; x_wconf 75' lang='lat' dir='ltr'><strong>laces,</strong></span> 
     </span>
     <span class='ocr_line' id='line_1_27' title="bbox 171 2585 1089 2669; baseline -0.001 -22"><span class='ocrx_word' id='word_1_165' title='bbox 171 2585 208 2649; x_wconf 89' lang='lat' dir='ltr'><strong>Ut</strong></span> <span class='ocrx_word' id='word_1_166' title='bbox 231 2590 354 2666; x_wconf 91' lang='lat' dir='ltr'><strong>propius</strong></span> <span class='ocrx_word' id='word_1_167' title='bbox 375 2597 495 2650; x_wconf 85' lang='lat' dir='ltr'><strong>ventum</strong></span> <span class='ocrx_word' id='word_1_168' title='bbox 518 2597 564 2649; x_wconf 87' lang='lat' dir='ltr'><strong>est</strong></span> <span class='ocrx_word' id='word_1_169' title='bbox 577 2634 586 2669; x_wconf 84' lang='lat'><strong><em>,</em></strong></span> <span class='ocrx_word' id='word_1_170' title='bbox 609 2589 784 2668; x_wconf 88' lang='lat' dir='ltr'><strong>admotaque</strong></span> <span class='ocrx_word' id='word_1_171' title='bbox 808 2586 928 2648; x_wconf 80' lang='lat' dir='ltr'><strong>dextera</strong></span> <span class='ocrx_word' id='word_1_172' title='bbox 952 2586 1089 2666; x_wconf 83' lang='lat' dir='ltr'><strong>dextrae,</strong></span> 
     </span>
     <span class='ocr_line' id='line_1_28' title="bbox 216 2675 929 2756; baseline -0.004 -19"><span class='ocrx_word' id='word_1_173' title='bbox 216 2675 334 2755; x_wconf 86' lang='lat' dir='ltr'><strong>Resque</strong></span> <span class='ocrx_word' id='word_1_174' title='bbox 358 2676 421 2737; x_wconf 88' lang='lat' dir='ltr'><strong>iero</strong></span> <span class='ocrx_word' id='word_1_175' title='bbox 445 2679 542 2756; x_wconf 88' lang='lat' dir='ltr'><strong>potuit</strong></span> <span class='ocrx_word' id='word_1_176' title='bbox 564 2679 731 2737; x_wconf 83' lang='lat' dir='ltr'><strong>cornminus</strong></span> <span class='ocrx_word' id='word_1_177' title='bbox 754 2693 825 2738; x_wconf 89' lang='lat' dir='ltr'><strong>ense</strong></span> <span class='ocrx_word' id='word_1_178' title='bbox 848 2677 929 2754; x_wconf 81' lang='lat' dir='ltr'><strong>geri,</strong></span> 
     </span>
     <span class='ocr_line' id='line_1_29' title="bbox 122 2761 1018 2845; baseline -0.002 -21"><span class='ocrx_word' id='word_1_179' title='bbox 122 2775 157 2825; x_wconf 74' lang='lat' dir='ltr'><strong>lt</strong></span> <span class='ocrx_word' id='word_1_180' title='bbox 172 2762 276 2826; x_wconf 86' lang='lat' dir='ltr'><strong>Dicere</strong></span> <span class='ocrx_word' id='word_1_181' title='bbox 300 2763 418 2825; x_wconf 85' lang='lat' dir='ltr'><strong>difficile</strong></span> <span class='ocrx_word' id='word_1_182' title='bbox 441 2773 509 2845; x_wconf 87' lang='lat' dir='ltr'><strong>est,</strong></span> <span class='ocrx_word' id='word_1_183' title='bbox 534 2765 605 2843; x_wconf 87' lang='lat' dir='ltr'><strong>quid</strong></span> <span class='ocrx_word' id='word_1_184' title='bbox 629 2764 707 2824; x_wconf 86' lang='lat' dir='ltr'><strong>Mers</strong></span> <span class='ocrx_word' id='word_1_185' title='bbox 730 2772 800 2826; x_wconf 88' lang='lat' dir='ltr'><strong>tuus</strong></span> <span class='ocrx_word' id='word_1_186' title='bbox 822 2765 917 2842; x_wconf 90' lang='lat' dir='ltr'><strong>egerit</strong></span> <span class='ocrx_word' id='word_1_187' title='bbox 940 2761 1018 2842; x_wconf 86' lang='lat' dir='ltr'><strong>illic,</strong></span> 
     </span>
     <span class='ocr_line' id='line_1_30' title="bbox 215 2849 1088 2935; baseline -0.005 -22"><span class='ocrx_word' id='word_1_188' title='bbox 215 2851 352 2933; x_wconf 83' lang='lat' dir='ltr'><strong>Quotque</strong></span> <span class='ocrx_word' id='word_1_189' title='bbox 372 2856 439 2914; x_wconf 91' lang='lat' dir='ltr'><strong>neci</strong></span> <span class='ocrx_word' id='word_1_190' title='bbox 457 2854 595 2935; x_wconf 84' lang='lat' dir='ltr'><strong>dederis,</strong></span> <span class='ocrx_word' id='word_1_191' title='bbox 616 2871 772 2933; x_wconf 88' lang='lat' dir='ltr'><strong>quosque,</strong></span> <span class='ocrx_word' id='word_1_192' title='bbox 791 2852 958 2931; x_wconf 86' lang='lat' dir='ltr'><strong>quibusque</strong></span> <span class='ocrx_word' id='word_1_193' title='bbox 978 2849 1088 2911; x_wconf 88' lang='lat' dir='ltr'><strong>modis.</strong></span> 
     </span>
     <span class='ocr_line' id='line_1_31' title="bbox 171 2940 876 3020; baseline -0.004 -18"><span class='ocrx_word' id='word_1_194' title='bbox 171 2940 250 3002; x_wconf 85' lang='lat' dir='ltr'><strong>Ense</strong></span> <span class='ocrx_word' id='word_1_195' title='bbox 273 2948 325 3002; x_wconf 89' lang='lat' dir='ltr'><strong>tuo</strong></span> <span class='ocrx_word' id='word_1_196' title='bbox 348 2941 441 3002; x_wconf 85' lang='lat' dir='ltr'><strong>laotos</strong></span> <span class='ocrx_word' id='word_1_197' title='bbox 465 2941 597 3003; x_wconf 90' lang='lat' dir='ltr'><strong>calcabas</strong></span> <span class='ocrx_word' id='word_1_198' title='bbox 621 2945 714 3002; x_wconf 78' lang='lat' dir='ltr'><strong>victor</strong></span> <span class='ocrx_word' id='word_1_199' title='bbox 738 2958 876 3020; x_wconf 86' lang='lat' dir='ltr'><strong>acervos,</strong></span> 
     </span>
     <span class='ocr_line' id='line_1_32' title="bbox 215 3028 934 3108; baseline -0.003 -20"><span class='ocrx_word' id='word_1_200' title='bbox 215 3028 406 3108; x_wconf 89' lang='lat' dir='ltr'><strong>lnpesituque</strong></span> <span class='ocrx_word' id='word_1_201' title='bbox 430 3029 519 3091; x_wconf 88' lang='lat' dir='ltr'><strong>Getes</strong></span> <span class='ocrx_word' id='word_1_202' title='bbox 542 3029 597 3091; x_wconf 89' lang='lat' dir='ltr'><strong>sub</strong></span> <span class='ocrx_word' id='word_1_203' title='bbox 621 3029 695 3107; x_wconf 91' lang='lat' dir='ltr'><strong>pede</strong></span> <span class='ocrx_word' id='word_1_204' title='bbox 719 3029 830 3089; x_wconf 90' lang='lat' dir='ltr'><strong>multus</strong></span> <span class='ocrx_word' id='word_1_205' title='bbox 854 3035 934 3087; x_wconf 87' lang='lat' dir='ltr'><strong>erat.</strong></span> 
     </span>
     <span class='ocr_line' id='line_1_33' title="bbox 171 3113 988 3196; baseline -0.002 -21"><span class='ocrx_word' id='word_1_206' title='bbox 171 3116 287 3195; x_wconf 88' lang='lat' dir='ltr'><strong>Pugnat</strong></span> <span class='ocrx_word' id='word_1_207' title='bbox 308 3115 344 3176; x_wconf 86' lang='lat' dir='ltr'><strong>ad</strong></span> <span class='ocrx_word' id='word_1_208' title='bbox 368 3117 536 3195; x_wconf 81' lang='lat' dir='ltr'><strong>exemplum</strong></span> <span class='ocrx_word' id='word_1_209' title='bbox 558 3119 648 3196; x_wconf 86' lang='lat' dir='ltr'><strong>primi</strong></span> <span class='ocrx_word' id='word_1_210' title='bbox 670 3119 767 3177; x_wconf 89' lang='lat' dir='ltr'><strong>minor</strong></span> <span class='ocrx_word' id='word_1_211' title='bbox 791 3114 894 3175; x_wconf 90' lang='lat' dir='ltr'><strong>ordine</strong></span> <span class='ocrx_word' id='word_1_212' title='bbox 917 3113 988 3193; x_wconf 88' lang='lat' dir='ltr'><strong>pili,</strong></span> 
     </span>
     <span class='ocr_line' id='line_1_34' title="bbox 124 3201 947 3282; baseline -0.004 -19"><span class='ocrx_word' id='word_1_213' title='bbox 124 3215 158 3265; x_wconf 83' lang='lat' dir='ltr'><strong>oo</strong></span> <span class='ocrx_word' id='word_1_214' title='bbox 216 3202 366 3281; x_wconf 81' lang='lat' dir='ltr'><strong>Multaque</strong></span> <span class='ocrx_word' id='word_1_215' title='bbox 390 3205 448 3264; x_wconf 87' lang='lat' dir='ltr'><strong>lert</strong></span> <span class='ocrx_word' id='word_1_216' title='bbox 471 3203 555 3264; x_wconf 91' lang='lat' dir='ltr'><strong>miles</strong></span> <span class='ocrx_word' id='word_1_217' title='bbox 578 3204 699 3264; x_wconf 81' lang='lat' dir='ltr'><strong>vtrlnera</strong></span> <span class='ocrx_word' id='word_1_218' title='bbox 712 3250 721 3282; x_wconf 85' lang='lat'><em>,</em></span> <span class='ocrx_word' id='word_1_219' title='bbox 745 3202 837 3263; x_wconf 88' lang='lat' dir='ltr'><strong>multa</strong></span> <span class='ocrx_word' id='word_1_220' title='bbox 861 3201 947 3261; x_wconf 83' lang='lat' dir='ltr'><strong>iacit.</strong></span> 
     </span>
     <span class='ocr_line' id='line_1_35' title="bbox 173 3290 965 3370; baseline -0.004 -19"><span class='ocrx_word' id='word_1_221' title='bbox 173 3290 231 3351; x_wconf 87' lang='lat' dir='ltr'><strong>Sed</strong></span> <span class='ocrx_word' id='word_1_222' title='bbox 255 3298 369 3352; x_wconf 81' lang='lat' dir='ltr'><strong>tantum</strong></span> <span class='ocrx_word' id='word_1_223' title='bbox 392 3293 488 3352; x_wconf 81' lang='lat' dir='ltr'><strong>virtus</strong></span> <span class='ocrx_word' id='word_1_224' title='bbox 511 3290 582 3351; x_wconf 91' lang='lat' dir='ltr'><strong>alios</strong></span> <span class='ocrx_word' id='word_1_225' title='bbox 606 3300 655 3351; x_wconf 89' lang='lat' dir='ltr'><strong>tua</strong></span> <span class='ocrx_word' id='word_1_226' title='bbox 679 3291 822 3368; x_wconf 87' lang='lat' dir='ltr'><strong>praeterit</strong></span> <span class='ocrx_word' id='word_1_227' title='bbox 844 3306 965 3370; x_wconf 86' lang='lat' dir='ltr'><strong>omnes,</strong></span> 
     </span>
     <span class='ocr_line' id='line_1_36' title="bbox 216 3377 927 3457; baseline -0.004 -17"><span class='ocrx_word' id='word_1_228' title='bbox 216 3379 292 3440; x_wconf 78' lang='lat' dir='ltr'><strong>Ante</strong></span> <span class='ocrx_word' id='word_1_229' title='bbox 315 3379 390 3439; x_wconf 89' lang='lat' dir='ltr'><strong>citos</strong></span> <span class='ocrx_word' id='word_1_230' title='bbox 413 3386 556 3457; x_wconf 88' lang='lat' dir='ltr'><strong>quantum</strong></span> <span class='ocrx_word' id='word_1_231' title='bbox 580 3377 710 3456; x_wconf 85' lang='lat' dir='ltr'><strong>Pegasus</strong></span> <span class='ocrx_word' id='word_1_232' title='bbox 732 3377 794 3437; x_wconf 88' lang='lat' dir='ltr'><strong>ibat</strong></span> <span class='ocrx_word' id='word_1_233' title='bbox 817 3393 927 3455; x_wconf 90' lang='lat' dir='ltr'><strong>equos.</strong></span> 
     </span>
     <span class='ocr_line' id='line_1_37' title="bbox 172 3466 983 3547; baseline -0.002 -21"><span class='ocrx_word' id='word_1_234' title='bbox 172 3467 307 3529; x_wconf 89' lang='lat' dir='ltr'><strong>Vincitur</strong></span> <span class='ocrx_word' id='word_1_235' title='bbox 329 3468 473 3547; x_wconf 80' lang='lat' dir='ltr'><strong>Aegisos.</strong></span> <span class='ocrx_word' id='word_1_236' title='bbox 515 3474 679 3546; x_wconf 90' lang='lat' dir='ltr'><strong>testataque</strong></span> <span class='ocrx_word' id='word_1_237' title='bbox 704 3476 820 3545; x_wconf 88' lang='lat' dir='ltr'><strong>tempus</strong></span> <span class='ocrx_word' id='word_1_238' title='bbox 843 3466 874 3525; x_wconf 90' lang='lat' dir='ltr'><strong>in</strong></span> <span class='ocrx_word' id='word_1_239' title='bbox 897 3482 983 3525; x_wconf 86' lang='lat' dir='ltr'><strong>omne</strong></span> 
     </span>
     <span class='ocr_line' id='line_1_38' title="bbox 217 3554 918 3637; baseline -0.004 -20"><span class='ocrx_word' id='word_1_240' title='bbox 217 3555 294 3619; x_wconf 88' lang='lat' dir='ltr'><strong>Sunt</strong></span> <span class='ocrx_word' id='word_1_241' title='bbox 317 3563 366 3616; x_wconf 89' lang='lat' dir='ltr'><strong>tua</strong></span> <span class='ocrx_word' id='word_1_242' title='bbox 379 3603 389 3637; x_wconf 85' lang='lat'>,</span> <span class='ocrx_word' id='word_1_243' title='bbox 412 3554 558 3636; x_wconf 88' lang='lat' dir='ltr'><strong>Vestalis,</strong></span> <span class='ocrx_word' id='word_1_244' title='bbox 582 3557 712 3616; x_wconf 87' lang='lat' dir='ltr'><strong>carmine</strong></span> <span class='ocrx_word' id='word_1_245' title='bbox 735 3555 812 3615; x_wconf 84' lang='lat' dir='ltr'><strong>lacta</strong></span> <span class='ocrx_word' id='word_1_246' title='bbox 835 3571 918 3614; x_wconf 90' lang='lat' dir='ltr'><strong>meo.</strong></span> 
     </span>
     <span class='ocr_line' id='line_1_39' title="bbox 878 3655 931 3706; baseline 0 0"><span class='ocrx_word' id='word_1_247' title='bbox 878 3655 931 3706; x_wconf 80' lang='lat'><strong>13*</strong></span> 
     </span>
    </p>
   </div>
   <div class='ocr_carea' id='block_1_3' title="bbox 0 4 1244 4042">
    <p class='ocr_par' dir='ltr' id='par_1_3' title="bbox 0 4 1244 4042">
     <span class='ocr_line' id='line_1_40' title="bbox 0 4 1244 4042; baseline 0 0"><span class='ocrx_word' id='word_1_248' title='bbox 0 4 1244 4042; x_wconf 95' lang='lat' dir='ltr'><strong> </strong></span> 
     </span>
    </p>
   </div>
  </div>
 </body>
</html>
