2467 4042
430 269 465 321 11.
485 278 531 319 vn
546 269 660 319 12-84.

168 431 274 494 Infelix
297 432 374 512 perii
397 430 517 492 dotibus
539 431 604 510 ipse
627 431 720 491 meis.

127 521 193 583 Vita
215 523 299 601 prior
322 521 393 580 vitio
416 526 499 580 caret
521 526 553 580 et
575 520 640 579 sine
663 516 727 578 lahe
750 524 887 596 peracta:

77 623 112 672 50
169 608 278 671 Anxiiii
300 611 411 670 misero
434 607 476 668 nii
501 607 570 668 tulit
592 607 642 667 iila
664 605 754 666 mihi.

125 698 218 778 Culpa
240 699 337 777 gravis
360 694 501 776 precihus
523 695 652 756 donatur
676 712 764 773 saepe
787 710 928 756 suorum:

172 786 276 848 Omnis
299 802 353 866 pro
377 784 463 848 nohis
486 785 580 863 gretia
603 789 685 844 muta
707 783 781 843 luit.
821 846 826 851 ,

127 874 305 936 Αάἰιιναῑιίῃ
328 873 412 934 duris
436 872 534 952 aliqua
556 873 725 950 praesentia
747 869 857 933 rebus:

171 962 280 1024 Obruit
302 962 359 1022 hoc
382 959 489 1022 absens
512 969 593 1021 vasta
616 958 746 1039 procella
769 967 874 1038 capnt.

77 1063 112 1113 55
127 1051 201 1124 eris
224 1069 284 1112 non
307 1050 461 1111 horruerit
483 1051 603 1110 tacitam
626 1065 745 1127 quoque
769 1047 903 1109 Caesaris
925 1042 1026 1108 iram?

169 1138 276 1201 Addita
298 1145 370 1200 sunt
391 1139 497 1218 poenis
520 1154 625 1217 aspera
647 1136 738 1197 verba
760 1137 852 1199 meis.

125 1228 173 1290 Fit
195 1229 264 1307 iuga
286 1226 473 1308 temporibus
495 1226 610 1286 levior:
651 1227 803 1304 proiectus
825 1227 857 1286 in
880 1241 992 1303 aequor

172 1315 333 1378 Arcturum
356 1314 436 1376 subii
459 1314 669 1393 Pleiadumque
692 1316 805 1375 minas.

129 1403 223 1483 Saepe
247 1404 344 1465 solent
366 1403 494 1465 hiemem
516 1402 662 1482 placidam
684 1405 796 1463 sentire
820 1403 955 1462 carinae:
1005 1414 1050 1467 teo)

80 1505 115 1554 co
173 1491 238 1553 Non
261 1491 378 1553 ithacae
401 1494 494 1571 puppi
517 1493 632 1552 saevior
655 1491 735 1551 unda
757 1491 831 1551 init.

127 1580 219 1642 Recta
242 1580 316 1642 tides
339 1581 481 1641 comitum
503 1588 622 1662 poterat
643 1579 719 1639 maia
740 1585 844 1639 nostra
866 1577 982 1640 levero:

173 1668 269 1730 Ditata
292 1677 338 1730 est
360 1668 462 1749 spoliis
484 1668 597 1747 perfida
620 1667 708 1728 turha
731 1669 823 1730 meis.

130 1756 231 1818 liiitius
255 1757 375 1818 exilium
398 1757 512 1819 iaciunt
533 1756 620 1817 loca:
660 1757 776 1817 tristior
798 1757 855 1817 ista

172 1845 344 1907 'ierra‘suh
367 1844 511 1906 amhohus
530 1862 590 1905 non
612 1846 691 1906 iacet
712 1843 772 1905 ulla
794 1845 890 1923 polis.

78 1932 183 1997 solist
204 1934 337 2016 aliquid,
359 1935 463 2014 patriis
485 1935 616 1994 ricinum
639 1932 749 1993 linibus
773 1949 857 1994 esser

173 2021 280 2085 llltima
303 2041 350 2084 me
374 2022 464 2084 tellus
476 2069 485 2103 ,
508 2021 632 2083 ultimus
655 2020 737 2083 orhis
759 2020 867 2083 hahet.

128 2112 264 2173 Praestat
285 2118 316 2173 et
339 2110 476 2173 exulibus
499 2128 602 2190 pacem
626 2119 677 2171 tua
699 2108 822 2191 laurea,
846 2108 971 2172 Caesar:

172 2200 296 2262 Pontica
318 2200 443 2261 finitimo
465 2208 547 2260 terra
570 2197 627 2261 suh
649 2198 736 2260 hoste
758 2200 852 2260 iacet.

128 2288 259 2368 Tempus
281 2291 313 2349 in
335 2305 475 2368 agrorum
498 2287 581 2348 cuitu
604 2305 782 2348 consumere
805 2286 892 2348 dulce
916 2295 978 2349 est:

86 2390 120 2438 ro
178 2375 243 2437 Non
266 2379 379 2457 patitur
401 2378 478 2439 verti
499 2374 645 2437 barbarus
667 2375 763 2437 hostis
785 2376 927 2438 humum.

129 2464 286 2545 Temperie
309 2465 383 2527 caeli
405 2483 574 2546 corpusque
597 2467 774 2544 animusque
795 2467 952 2526 iuvantur:

173 2553 296 2634 Frigore
319 2562 465 2635 perpetuo
488 2552 632 2614 Sarmatis
655 2571 707 2614 ora
729 2555 823 2633 riget.

129 2641 184 2703 Est
205 2645 238 2704 in
260 2660 335 2724 aqua
359 2643 438 2705 dirici
461 2660 522 2705 non
544 2642 689 2703 invidiosa
710 2642 863 2723 voluptas:

174 2731 330 2812 Aequoreo
354 2730 466 2794 hihitur
489 2748 558 2793 cum
582 2731 642 2792 sale
665 2734 756 2792 mixta
778 2729 880 2811 palus.

80 2831 114 2881 75
128 2819 233 2882 Omnia
257 2821 420 2884 deliciunt.
461 2822 577 2882 animus
600 2830 698 2882 tamen
722 2823 820 2881 omnia
843 2821 952 2881 vincit:

172 2909 224 2970 iiie
248 2913 337 2972 etiam
359 2913 439 2971 vires
462 2926 572 2990 corpus
594 2908 706 2970 hahere
729 2909 815 2972 iacit.

130 2995 283 3059 sustineas
306 3005 341 3059 ut
364 3016 462 3078 onus,
485 2997 641 3058 nitendum
663 2999 774 3057 vertice
797 2996 885 3076 pleno
910 3002 975 3076 est,

173 3085 233 3146 dut
254 3086 335 3146 flecti
357 3102 465 3146 nervos
488 3087 514 3145 si
536 3087 672 3164 patiere,
694 3083 798 3144 cades.

130 3171 205 3252 Spes
228 3190 370 3254 quoque,
393 3189 480 3252 posse
503 3189 587 3231 mora
610 3174 767 3231 mitescere
790 3172 936 3251 principis
958 3172 1050 3250 iram,

80 3271 115 3322 80
173 3259 278 3323 Vivere
301 3279 340 3322 ne
362 3260 453 3322 nolim
477 3260 693 3339 deiciamque,
717 3267 817 3320 caret.

127 3348 189 3411 Nec
211 3367 265 3412 ros
287 3367 377 3431 parva
400 3349 476 3410 datis
497 3350 585 3429 pauci
608 3348 718 3409 solacia
739 3345 843 3428 nohis,
1006 3360 1050 3412 (en

174 3438 309 3511 Quorum
333 3446 465 3520 spectata
487 3444 535 3498 est
556 3454 611 3517 per
634 3436 709 3497 maia
732 3444 835 3499 nostra
857 3436 949 3498 tides.

128 3525 239 3607 Coepta
258 3537 345 3610 tene,
360 3545 488 3608 quaeso,
502 3544 599 3606 neque
618 3527 650 3587 in
665 3542 794 3604 aequore
809 3524 914 3587 desere
933 3542 1050 3608 narem,

171 3615 278 3697 iieque
302 3617 390 3680 simul
414 3634 499 3678 serva
521 3615 724 3694 iudiciumque
748 3622 850 3676 tuum.
