2467 4042
167 286 231 350 2³4
552 281 720 345 abaco.
741 282 817 341 AM.

190 447 238 502 115
250 438 407 513 Languor,
428 442 459 496 51
472 433 616 495 inmodici
634 431 691 493 sub
705 432 788 496 nullo
803 433 925 494 vindice
938 434 1053 507 555151,

291 523 446 597 Aleaque,
467 525 499 579 51
511 519 604 578 515115
618 523 757 592 tempora
772 533 889 594 quassa
901 531 986 577 mero

250 605 388 681 Eripiunt
401 617 507 663 omnes
522 602 623 661 animo
639 600 707 659 sine
721 602 847 662 vulnere
861 616 984 661 nervos.

293 685 410 749 Adiluit
424 685 552 746 incautis
567 683 736 745 insidiosus
752 688 858 745 Amor.

251 771 408 833 Desidiam
423 784 500 845 puer
516 770 567 828 ille
581 767 670 842 sequi
685 767 772 828 solet.
797 768 862 828 odit
875 773 1012 842 agentes.

188 866 239 920 155
291 855 338 915 Da
355 868 472 914 vacuae
488 852 595 926 menti,
620 866 682 926 quo
696 857 849 925 teneatur,
872 867 963 926 opus.

252 939 329 1001 Sunt
342 939 417 998 iore.
440 943 511 997 5551
523 936 617 1010 leges.
641 941 726 1009 sunt,
747 950 826 1010 quos
840 933 970 1008 tuearis,
991 933 1110 995 5511515

292 1022 381 1083 Vade
396 1036 452 1097 per
464 1019 599 1080 urbanae
615 1018 780 1093 splendida
794 1025 896 1080 castra
909 1024 1011 1092 togae.

249 1107 308 1167 Vel
323 1114 354 1165 tu
368 1104 527 1178 sanguinei
541 1101 694 1163 iuvenaba
712 1118 838 1162 munera
851 1101 955 1161 Martis

293 1188 434 1263 Suscipe.
457 1186 585 1246 deliciae
599 1185 659 1246 iarn
673 1184 727 1246 tibi
741 1192 827 1260 terga
841 1185 965 1245 dabunt.

188 1282 238 1336 155
248 1273 344 1344 Ecce,
366 1272 459 1345 fugax
472 1269 614 1342 Parthus,
635 1269 736 1344 magni
749 1284 833 1329 nova
845 1283 940 1330 551155
955 1265 1118 1343 triumphi,

292 1356 355 1415 iam
370 1355 453 1415 videt
464 1352 494 1413 15
511 1352 629 1428 campis
645 1353 786 1412 05555115
800 1368 885 1413 51155
899 1351 976 1412 auis.

249 1439 348 1501 Vince
362 1438 548 1514 Cupidineas
563 1436 676 1512 pariter
686 1435 876 1512 Parthasque
890 1435 1027 1511 sagittas,

291 1522 329 1582 Et
341 1522 421 1583 reler
435 1522 476 1581 ad
490 1520 606 1594 patrios
621 1519 693 1579 11155
706 1527 834 1594 tropaea
848 1519 936 1580 deos.
958 1592 967 1599 ι

250 1607 290 1668 Ut
303 1606 397 1667 555151
412 1603 522 1663 Aetola
536 1604 643 1664 Venus
659 1610 740 1664 5515
755 1602 884 1678 cuspide
898 1604 994 1674 laesa,

190 1699 239 1754 160
289 1689 414 1749 Mandat
427 1687 554 1748 amatori
568 1686 650 1746 bella
663 1687 799 1761 gerenda
816 1701 884 1746 suo.

250 1773 415 1848 Quaeritis,
436 1769 603 1844 Aegisthus
619 1785 713 1844 quare
729 1770 883 1831 siclaetus
900 1769 1040 1830 adulteri

292 1858 327 1917 ln
342 1861 486 1932 promptu
501 1861 666 1914 causaest.
689 1853 867 1914 1551115555
884 1860 957 1914 5151.
1078 1897 1080 1902 .

248 1940 427 2015 Pugnabant
443 1937 492 1997 alii
510 1938 605 1997 tardis
623 1937 706 2011 apud
721 1937 798 1998 ilion
812 1937 920 1998 armis:

291 2023 498 2084 Transtulerat
511 2021 593 2080 vires
609 2020 737 2081 Graecia
751 2027 816 2082 tota
829 2037 913 2081 5555.

189 2107 463 2182 16581155551515
480 2105 569 2165 bellis
585 2105 779 2179 1511511515,
800 2106 883 2166 nulla
895 2103 1036 2181 gerebat:

188 2209 193 2224 ¹
292 2189 365 2251 Sive
379 2190 462 2262 loro,
484 2203 615 2249 vacuum
630 2188 733 2248 lilibus
746 2191 849 2263 Argos
865 2194 937 2248 5151

250 2274 339 2349 Quod
355 2272 465 2349 potuit,
488 2288 528 2333 ne
542 2271 583 2331 nil
599 2272 660 2330 illic
675 2279 829 2346 ageretur,
852 2271 972 2333 amavit.

293 2357 344 2418 Sic
358 2356 442 2417 venit
455 2357 506 2417 ille
521 2371 612 2432 puer,
634 2355 680 2416 sic
696 2356 837 2431 puerilia
852 2363 961 2415 manet.

249 2443 333 2504 Rura
348 2455 472 2517 quoque
486 2439 638 2500 oblectent
652 2440 770 2499 animos
786 2439 982 2515 studiumque
997 2437 1135 2500 colendi.

187 2532 238 2589 175
290 2525 448 2600 Quaelibet
463 2522 533 2583 lruic
548 2538 642 2583 curae
656 2524 768 2584 cedere
782 2539 855 2594 cura
869 2530 981 2598 potest

251 2609 334 2670 Colla
348 2609 419 2669 iube
433 2607 565 2669 domitos
582 2607 668 2666 oneri
683 2605 857 2682 subponere
872 2615 985 2681 155155,

292 2691 414 2753 Sauciet
427 2700 461 2753 51
474 2691 581 2751 duram
594 2706 701 2750 vomer
714 2691 853 2752 aduncus
868 2689 1005 2751 humumr

250 2774 351 2836 Obrue
366 2782 487 2835 versata
502 2773 630 2835 Cerialia
644 2774 761 2834 semina
776 2782 864 2847 terra,

292 2858 377 2933 Quae
390 2859 443 2919 tibi
461 2874 530 2918 curn
544 2859 636 2917 inulto
652 2856 777 2919 iaenore
790 2855 901 2918 151151
914 2873 997 2932 ager.

188 2949 237 3007 175
247 2942 363 3019 Aspice
377 2949 520 3003 55115155
536 2957 695 3018 pomorum
712 2943 849 3018 pondere
863 2956 976 3015 ramos,

291 3027 331 3088 Ut
344 3042 414 3098 sua,
435 3027 518 3101 quod
534 3025 664 3101 peperit,
688 3026 740 3085 vix
755 3026 831 3086 lerat
844 3023 936 3085 arbor
949 3040 1042 3085 5555.

249 3110 365 3186 Aspice
379 3109 665 3176 labentesiucundo
681 3125 834 3169 murmure
848 3108 948 3168 rivos:

291 3192 407 3270 Aspice
421 3194 583 3254 tondentes
600 3192 698 3253 1511115
711 3208 835 3268 5151555
851 3207 939 3253 oves.

249 3277 344 3351 11555,
368 3283 473 3353 petunt
484 3293 578 3353 rupes
594 3283 820 3353 praeruptaque
834 3291 911 3336 saxa
925 3275 1073 3351 capellae,

188 3370 239 3423 115
290 3361 353 3420 1551
368 3362 499 3421 15151551
512 3360 621 3420 haedis
634 3358 730 3422 511515
743 3362 835 3436 plena
849 3360 925 3421 suis.

249 3444 359 3505 Pastor
372 3443 525 3520 inaequali
540 3443 714 3505 modulatur
727 3441 876 3505 arundine
891 3457 1022 3515 carmen,

290 3526 353 3586 Nec
369 3527 480 3588 desunt
494 3527 636 3599 comites,
657 3527 766 3588 sedula
778 3527 883 3601 turba,
903 3541 1006 3587 canes.
