2467 4042
210 238 275 304 330
614 239 808 290 sauronam

298 402 439 481 Displicet
460 401 564 463 heredi
587 401 717 462 mandati
739 420 812 463 cura
833 404 1013 482 sepulchri:

342 490 476 551 Mortuus
499 492 628 550 Ausonia
650 489 789 550 conditur
811 490 922 570 hospes
944 492 1045 555 lrnrno
1056 544 1067 575 ‚

299 577 420 657 Scirpea
442 595 496 656 pro
519 578 638 638 domiuo
661 576 763 637 Tiberi
784 580 911 639 iactatur
934 582 1061 661 imago,
1177 598 1203 637 m

233 680 283 729 666
342 665 381 726 Ut
402 673 517 743 repetat
539 665 642 726 Graias
664 683 718 743 por
741 666 816 725 lreta
838 666 925 745 longa
948 666 1107 732 domos!

298 753 471 833 Hactenus,
494 761 525 814 et
547 752 639 814 subiit
660 755 725 813 vivo
748 756 878 815 rorantia
901 773 975 815 saxo

343 842 455 921 Antra,
478 841 558 902 leves
580 859 702 901 cursum
725 843 909 902 sustinuistis
932 861 1054 923 aquae.

485 976 759 1044 lucain-tu
807 980 855 1044 16.
878 979 943 1043 HF

468 1064 597 1131 17.Αο
646 1068 695 1132 18.
718 1065 778 1132 BC
828 1067 877 1132 19.
900 1065 958 1133 00

299 1192 383 1254 Clare
406 1210 499 1272 nepos
521 1192 667 1274 Atlantis,
690 1193 777 1255 ades!
810 1212 898 1272 quern
921 1196 1089 1260 montibus
1114 1200 1173 1261 olim

344 1280 442 1342 Edidit
463 1280 596 1342 Arcadiis
618 1281 714 1343 Pleias
737 1280 794 1343 uda
817 1282 896 1343 lovi:

235 1383 285 1431 666
300 1368 385 1432 Pacis
408 1379 438 1430 et
460 1387 609 1430 armorum
634 1372 750 1449 superis
772 1372 898 1449 imisque
922 1371 1055 1434 deorum

341 1457 481 1538 Arbiter,
504 1457 580 1518 alato
604 1461 655 1537 qui
677 1458 753 1537 pede
777 1460 873 1538 carpis
895 1461 971 1520 iter:

299 1545 386 1608 Lacte
409 1545 488 1626 lyrae
512 1545 622 1626 pulsu,
645 1546 736 1606 nitida
760 1563 877 1625 quoqne
900 1546 975 1608 laeta
1003 1549 1168 1629 palaestra,

343 1634 406 1706 Quo
431 1633 534 1695 didicit
556 1634 635 1695 culte
658 1634 756 1712 lingua
779 1634 903 1695 docente
926 1635 1033 1714 loqui:

299 1721 419 1800 Teurnia
442 1721 497 1783 tibi
519 1740 647 1801 posuere
670 1732 769 1802 patres
792 1726 953 1801 spectantia
977 1724 1110 1787 Circum

234 1823 285 1872 666
344 1809 467 1891 ldibus3
491 1810 599 1871 exilio
623 1818 669 1871 est
690 1810 763 1871 haec
786 1810 841 1871 tibi
864 1811 937 1871 testa
959 1811 1048 1874 dies.

298 1897 362 1977 Te,
386 1901 565 1978 quicumque
588 1917 657 1960 suas
680 1899 837 1979 profitetur
859 1898 987 1960 vendere
1014 1920 1154 1981 merces,

343 1986 422 2047 Ture
446 1986 536 2067 dato,
561 1988 674 2049 tribuas
697 1995 731 2047 ut
754 1987 810 2047 sibi
833 1986 913 2047 lucra
925 2035 935 2067 ,
959 2000 1092 2069 rogant.

299 2073 352 2137 Est
374 2092 449 2153 aqua
472 2073 611 2136 Mercurii
634 2085 736 2156 portae
759 2077 853 2136 vicina
876 2074 1033 2159 Capenae3

343 2162 374 2223 Si
398 2165 478 2223 iuvat
500 2166 630 2242 expertis
653 2164 798 2244 credere,
821 2181 928 2224 numen
953 2163 1063 2227 habet.

233 2264 284 2313 att
299 2250 363 2311 lluo
387 2252 467 2312 venit
489 2252 638 2313 incinctus
661 2254 791 2312 tunicam
814 2259 960 2312 mercator
973 2300 982 2332 ,
1007 2263 1041 2315 et
1065 2274 1143 2316 urna

341 2340 441 2400 Purus
464 2340 583 2418 6611166,
606 2358 695 2420 quam
718 2340 814 2420 ierat,
837 2340 935 2400 haurit
958 2359 1087 2419 notram.

299 2426 360 2488 Uda
383 2426 507 2488 11616166
530 2427 653 2508 laurus,
677 2427 759 2489 lauro
782 2436 971 2507 spargunturx
985 2428 1026 2489 ab
1050 2431 1112 2492 uda

342 2514 445 2576 Omnia
458 2561 467 2596 ,
491 2534 566 2595 quae
589 2516 725 2577 dominos
748 2527 817 2577 sunt
839 2515 975 2576 habitura
998 2536 1116 2581 noros.

298 2602 416 2682 spargit
439 2611 469 2663 et
490 2606 554 2683 ipse
578 2623 648 2665 suos
671 2604 754 2664 lauro
777 2614 896 2665 rorante
919 2604 1062 2685 capillos,

233 2703 284 2752 666
343 2691 380 2751 Et
403 2694 517 2771 precepit
540 2691 624 2753 solita
648 2693 748 2753 1611666
771 2709 841 2753 6666
864 2711 988 2771 preces:

297 2773 402 2840 ‘ablue
425 2783 577 2859 praeteriti
600 2783 730 2861 periuria
754 2782 895 2859 temporis
908 2775 933 2859 ‚'
956 2782 1059 2860 inquit

340 2862 446 2929 ‘Ablue
468 2872 627 2948 praeterita
651 2868 761 2949 perlida
784 2867 872 2929 verba
895 2867 960 2930 diei

297 2956 365 3016 8166
388 2974 443 3034 ego
466 2965 496 3016 te
520 2957 576 3017 ieci
598 2966 728 3038 testem,
751 2955 860 3017 1616666
882 2958 970 3017 citavi

341 3043 406 3105 Non
430 3044 559 3106 audituri
583 3047 703 3106 numina
728 3062 830 3124 magna
852 3043 946 3125 lovis3

232 3143 282 3193 666
298 3132 366 3192 8166
389 3131 478 3194 derum
501 3134 634 3212 prudens
657 3132 745 3193 alium
769 3134 900 3193 divamve
923 3131 1032 3214 fefelli,

340 3220 524 3283 Abstulerint
546 3221 660 3282 celeres
682 3220 816 3299 improba
839 3219 915 3280 dicta
940 3223 1016 3280 noti.

295 3307 333 3369 Et
356 3318 475 3387 pateant
497 3312 633 3370 veniente
656 3309 704 3369 die
727 3310 857 3387 periuria
881 3307 982 3390 nobis,

233 3442 236 3447 .
341 3395 401 3457 Nec
424 3408 530 3459 curent
553 3400 655 3476 superi
678 3399 761 3475 siqua
784 3396 901 3457 locutus
924 3414 994 3456 ero.

297 3483 337 3543 lla
361 3486 448 3545 rnodo
471 3487 553 3548 lucra
577 3486 669 3564 milri,
693 3484 729 3545 da
752 3484 828 3545 lacto
851 3484 955 3561 guardia
978 3483 1083 3567 lucro,

232 3579 282 3608 ⁰⁰⁴
337 3569 374 3631 Et
397 3573 443 3632 lac
456 3618 465 3651 ‚
489 3583 522 3635 ut
545 3576 670 3651 emptori
694 3571 783 3632 verba
804 3571 923 3632 dedisse
946 3567 1065 3632 iuvet?
