2467 4042
480 250 503 300 Ι.
521 261 535 301 1
550 252 663 302 loa-11
676 249 720 302 43.

183 412 294 474 Oderat
316 412 436 473 Aenean
458 412 581 491 propior
605 409 744 473 Saturnia
766 411 887 475 Tirrnc:

182 500 233 561 llle
256 508 356 562 tamen
378 499 503 560 Veneris
525 501 647 561 numine
671 507 754 561 tutus
778 507 859 563 erat.

184 587 278 668 Saepe
301 588 386 649 ferox
408 594 528 649 cautum
551 589 639 667 petiit
656 585 812 668 Neptunus
837 587 957 650 Ulixen:

134 689 168 738 10
182 676 302 757 Eripuit
323 684 430 756 patruo
454 692 542 754 saepe
565 674 697 736 Minerva
719 693 791 738 sno.

181 763 221 825 Et
243 762 329 825 nubis
352 762 494 845 aliquod,
518 765 651 842 quamvis
674 763 818 826 distamus
841 763 877 825 ab
900 763 978 846 illis,

182 852 256 924 Quis
279 860 359 914 vetat
381 854 457 913 irate
481 868 592 912 numen
615 852 721 913 adesse
743 848 826 913 deo?

181 940 278 1002 Verba
300 942 392 1002 miser
415 941 527 1001 trustra
549 956 609 1000 nen
633 940 818 1019 proficientia
843 940 954 1020 perdo.

182 1028 248 1108 lpsa
270 1046 376 1109 graves
400 1035 545 1109 spargunt
567 1025 792 1107 cra'loqucntis
815 1045 926 1111 aquae,

134 1129 167 1179 15
183 1116 398 1196 Terribilisque
422 1124 511 1178 notus
534 1118 624 1178 iactat
646 1133 711 1178 mea
734 1115 812 1178 dicta
824 1163 834 1198 ‚
859 1134 1024 1198 precesque

183 1206 225 1266 Ad
250 1223 325 1286 quos
349 1207 531 1285 mittuntur,
554 1221 614 1264 nun
637 1206 709 1265 sinlt
730 1206 775 1265 ire
798 1205 887 1266 deos.

182 1293 262 1372 Ergo
285 1293 365 1354 idem
387 1295 469 1354 renti
480 1339 491 1373 ‚
514 1309 552 1353 ne
572 1310 660 1354 causa
682 1292 782 1354 laedar
804 1296 836 1355 in
858 1310 936 1375 una,

182 1380 311 1460 Velaque
334 1382 520 1460 nescioquo
543 1387 670 1459 votaque
692 1388 795 1442 nostra
818 1381 935 1443 lerunt.

183 1466 231 1529 lle
253 1471 419 1550 miserum,
443 1470 547 1548 quanti
568 1476 685 1530 montes
707 1469 867 1531 volvuntur
890 1469 1050 1550 aquaruml
1101 1463 1108 1472 ⁴

134 1569 168 1618 20
183 1556 244 1617 lam
267 1559 325 1618 iam
348 1563 482 1618 tacturus
506 1556 603 1618 sidera
626 1574 741 1618 summa
763 1566 869 1637 putes.

182 1643 315 1715 Quantae
339 1644 460 1706 diducto
484 1644 644 1707 subsidunt
665 1663 795 1725 aequore
817 1644 927 1709 raNesl

183 1732 244 1794 lam
267 1736 326 1794 iam
348 1740 479 1795 tacturas
503 1732 626 1795 Tartara
648 1736 733 1813 nigra
756 1741 860 1814 putee.
1043 1729 1046 1734 ’

181 1820 375 1901 Quocumque
398 1824 509 1902 aspicio
521 1868 530 1902 ,
553 1820 629 1883 nihil
651 1830 698 1883 est
719 1824 778 1883 nisi
800 1830 911 1902 pentus
933 1827 1057 1904 11111,

181 1909 336 1971 Fluctibus
358 1909 407 1970 hic
430 1909 584 1991 tumidus,
606 1909 737 1971 nubibus
758 1910 809 1972 ille
831 1912 948 1974 minax.

134 2010 167 2059 25
182 1997 263 2059 lnter
286 2005 451 2077 utrumque
474 1998 606 2059 fremunt
628 2000 741 2059 inmani
762 2017 915 2061 murmure
938 2001 1036 2061 venti.

180 2086 305 2168 Nescit,
328 2089 378 2147 cui
401 2086 520 2147 dominc
543 2094 646 2166 pareat
658 2133 668 2168 ,
690 2086 770 2148 unda
792 2090 899 2150 maris.

179 2174 253 2236 Nam
276 2173 364 2235 modu
387 2191 540 2254 purpureo
563 2176 643 2235 vires
666 2177 746 2256 capit
768 2193 860 2237 eurus
878 2175 915 2236 ab
938 2183 1026 2256 ertu,

179 2261 266 2323 Nunc
289 2261 436 2342 zephyrus
460 2279 528 2323 seru
551 2279 677 2341 vespere
700 2265 811 2325 missus
834 2264 934 2343 adest,

179 2348 266 2411 Nunc
289 2351 368 2411 sicca
391 2349 506 2429 gelidus
528 2348 635 2412 boreas
657 2349 820 2413 bacchatur
842 2352 878 2414 ab
902 2359 1004 2434 arcto,

131 2451 165 2499 30
179 2437 265 2499 Nunc
288 2445 378 2499 notus
401 2437 524 2499 adversa
546 2439 659 2519 proelia
682 2439 780 2501 fronte
803 2442 898 2519 gerit.

180 2525 290 2587 Rectnr
312 2528 344 2587 in
366 2528 482 2587 incerto
505 2535 574 2609 est,
595 2546 652 2589 nec
676 2528 748 2607 quid
771 2528 902 2607 fugiatve
922 2536 1039 2607 petatve

179 2613 318 2676 lnrenit:
341 2613 487 2695 ambiguis
510 2633 559 2677 ars
582 2624 684 2697 stupet
705 2619 769 2696 ipsa
793 2616 894 2683 malis.

180 2703 301 2767 Scilicet
324 2702 510 2786 occidimus,
536 2722 593 2766 nec
616 2722 686 2783 spes
709 2714 756 2766 est
777 2704 837 2767 ulla
860 2705 986 2789 salutis,

178 2791 315 2873 Dumque
338 2792 468 2872 loquer,
490 2792 590 2855 vultus
613 2793 715 2856 obruit
740 2794 819 2855 unda
841 2811 942 2855 meus.

129 2893 163 2942 35
178 2880 335 2962 Opprimet
357 2880 433 2942 liene
460 2884 588 2943 animam
615 2880 750 2964 fluctus3
772 2883 943 2962 frustraque
965 2884 1100 2962 precanti

178 2968 237 3029 Ore
260 2976 419 3029 necaturas
442 2971 623 3049 accipiemus
645 2987 758 3050 aquas.

163 3055 216 3141 ,111
237 3058 286 3135 pia
308 3056 351 3116 nil
374 3055 452 3117 aliud
476 3071 566 3135 quam
587 3073 636 3117 me
659 3057 739 3118 delet
761 3058 848 3119 exule
872 3059 1018 3120 coniunx:

176 3142 241 3204 lluc
264 3161 358 3205 unum
381 3145 478 3204 nestri
500 3146 616 3222 scitque
640 3147 790 3224 gemitque
814 3145 899 3208 mali.

176 3230 279 3293 Nescit
300 3233 332 3293 in
355 3233 490 3293 inmenso
513 3233 618 3293 iactari
641 3249 766 3311 corpora
789 3241 900 3314 ponto,

127 3332 162 3382 4ο
176 3319 279 3381 Nescit
301 3321 349 3398 agi
371 3321 491 3400 ventis,
513 3321 611 3381 nescit
633 3320 737 3381 adesse
760 3337 882 3383 necem.

176 3408 201 3469 0
224 3406 323 3489 bene,
347 3406 427 3487 quud
445 3425 505 3468 ncn
528 3425 595 3468 sum
615 3426 733 3470 mecum
751 3408 954 3471 conscendere
974 3428 1098 3493 passus,

175 3496 219 3558 Ne
243 3495 317 3557 milri
338 3513 421 3557 mors
444 3498 553 3558 misere
575 3493 624 3557 bis
646 3496 785 3576 patienda
807 3496 901 3559 lcrcti

175 3586 213 3647 At
235 3601 339 3667 nunc,
361 3592 396 3648 ut
417 3601 561 3666 peream,
585 3587 725 3664 queniam
748 3593 831 3648 caret
852 3585 901 3647 illa
922 3586 1052 3668 periclo,
