2467 4042
447 222 494 272 VI.
512 223 661 274 tot-325.
992 217 1055 283 341

140 385 216 456 Quid
239 386 371 465 mirum,
394 384 477 462 virgo
500 385 525 443 si
549 384 663 462 virgine
685 380 761 444 lacta
784 384 919 445 ministra

78 485 128 535 too
184 471 320 533 Admittit
343 479 438 533 castas
460 470 497 532 ad
520 488 573 533 sua
597 488 680 532 sacra
704 468 835 533 manus?

139 559 200 623 Nec
217 568 253 621 tu
271 559 349 621 aliud
368 558 503 640 Vestam,
523 577 609 638 quam
629 560 723 619 vivam
741 558 878 637 intellege
898 558 1057 638 dammam3

184 647 317 727 Nataque
340 647 377 709 dc
400 646 517 708 llamma
539 664 665 726 corpora
688 646 767 708 nulla
789 646 886 708 rides.
1034 642 1042 647 ’

141 734 209 797 lure
231 738 323 816 igitur
345 737 428 815 virgo
452 742 519 815 est,
543 752 618 814 quae
642 736 754 796 semina
776 734 856 797 nulla
879 736 1003 796 remittit

183 823 245 885 Nec
269 825 348 902 capit
360 869 369 904 ,
395 831 426 883 et
448 825 571 884 comites
594 823 771 900 virginitatis
793 822 898 883 babet.

77 923 127 975 coo
141 910 214 974 Esse
237 911 289 974 diu
312 911 422 974 stultus
444 909 550 972 Vestae
573 910 729 972 simulacra
751 913 869 991 putavi,

184 998 252 1061 blox
274 998 365 1061 didici
387 1017 478 1061 curvo
502 998 583 1060 nulla
605 996 728 1059 subesse
752 998 855 1059 tholo.

139 1086 218 1167 lgnis
240 1090 421 1149 inextinctus
444 1086 554 1166 templo
578 1086 692 1147 celatur
714 1088 745 1146 iu
767 1086 834 1147 illo.

183 1175 318 1254 Effigiem
343 1175 453 1237 nullam
475 1173 563 1235 Vesta
586 1192 642 1235 uec
664 1176 741 1254 ignis
764 1173 869 1236 babet.

141 1262 206 1324 Stat
226 1266 256 1323 vi
278 1271 358 1324 terra
381 1281 457 1324 sua:
488 1264 517 1323 vi
539 1261 645 1323 stando
669 1261 757 1323 Vesta
780 1272 919 1344 vocatur3

75 1363 126 1414 300
185 1350 338 1429 Causaque
361 1368 415 1428 par
439 1348 508 1409 Grai
530 1352 659 1410 nominis
683 1367 748 1410 esse
771 1358 886 1429 potest.

140 1438 177 1499 lt
199 1437 285 1499 iocus
307 1455 323 1497 a
345 1436 471 1497 llammis
494 1443 525 1496 et
548 1437 627 1515 quod
651 1436 730 1497 louet
753 1440 872 1517 omnia,
895 1438 1011 1520 dictus3

185 1525 243 1596 Qui
265 1533 365 1586 tamen
387 1527 418 1585 iu
441 1525 546 1603 primis
568 1523 691 1585 aedibus
714 1533 782 1586 aute
804 1526 877 1588 luit.

140 1613 216 1674 llinc
235 1630 354 1692 quoque
373 1611 551 1673 vestibulum
565 1611 625 1673 dici
642 1630 729 1674 reor:
751 1610 820 1674 inde
839 1615 987 1693 precando
1001 1629 1058 1680 troc)

184 1701 356 1762 Praelamur
378 1699 519 1780 Vestam,
542 1717 618 1779 quae
641 1699 705 1761 loca
728 1703 823 1780 prima
845 1710 943 1764 teuet.

76 1799 128 1852 30⁶
142 1790 217 1851 Ante
240 1790 323 1851 locos
346 1787 417 1849 olim
439 1789 568 1849 scamnis
591 1789 746 1851 considere
769 1788 864 1869 longis

183 1876 246 1938 llos
270 1884 334 1938 erat
346 1924 355 1957 ,
378 1883 409 1937 et
431 1894 551 1937 mensae
575 1876 698 1938 credere
721 1876 824 1939 adesse
848 1878 941 1941 deos.

139 1964 225 2026 Nunc
248 1981 390 2045 quoque,
413 1982 481 2026 cum
504 1965 580 2025 liunt
602 1967 741 2045 antiquae
763 1984 847 2027 sacra
869 1965 1022 2047 Vacunae,

184 2054 260 2114 Ante
283 2051 446 2114 Vacunales
469 2060 607 2132 stantque
631 2054 794 2134 sedentque
818 2055 917 2117 iocos.

142 2138 230 2202 Venit
250 2143 283 2202 in
305 2140 360 2201 bos
383 2157 476 2202 aunos
499 2140 609 2220 aliquid
633 2140 672 2203 de
695 2158 776 2202 more
800 2150 935 2205 vetusto:

73 2240 126 2291 310
184 2227 257 2289 Fert
278 2231 385 2289 missos
408 2227 513 2289 Vestae
536 2247 611 2308 pura
634 2228 740 2309 patella
764 2228 863 2291 cibos.

141 2315 219 2377 Ecce
242 2318 392 2378 coronatis
414 2319 498 2395 panis
521 2315 669 2396 dependet
692 2316 806 2399 asellis,
878 2336 883 2345 “

187 2402 225 2465 lit
246 2404 345 2465 velant
367 2403 486 2465 scabras
508 2404 612 2465 ilorida
635 2412 715 2466 serta
738 2404 846 2467 molas.

141 2491 209 2553 Sola
231 2494 315 2571 prius
338 2493 434 2554 turnis
456 2491 611 2554 torrebant
633 2492 711 2554 farra
735 2493 848 2573 coloni,

185 2579 223 2641 Et
245 2578 399 2641 Fornacali
421 2588 492 2641 sunt
514 2598 568 2641 sua
591 2597 673 2641 sacra
697 2580 786 2641 deae:

72 2678 126 2729 315
141 2666 335 2747 suppositum
358 2670 452 2729 cineri
474 2686 580 2747 panem
603 2668 688 2730 iocus
713 2671 777 2748 ipse
799 2666 922 2747 parabat

186 2755 343 2835 Strataque
365 2773 416 2816 cra
439 2755 539 2836 tepido
562 2755 660 2836 tegula
684 2774 790 2838 quassa
814 2757 894 2818 solo.

139 2841 212 2904 lude
235 2842 334 2905 iocum
357 2852 456 2905 serrat
477 2846 572 2924 pistor
594 2844 802 2924 dominamque
825 2846 960 2906 iocorum

184 2930 224 2992 Et
246 2949 321 3011 quae
344 2933 495 3011 pumiceas
516 2940 615 2994 versat
638 2932 725 2993 asella
748 2933 858 2994 molas.

139 3017 350 3099 Praeteream,
373 3021 539 3082 referamne
562 3028 669 3101 tuum,
692 3018 858 3082 rubicunde
881 3018 1004 3101 Priape,

68 3117 125 3168 320
185 3103 351 3168 Dedecus?
382 3115 429 3168 est
451 3107 537 3170 multi
559 3107 656 3169 labula
678 3125 767 3187 parva
789 3110 865 3170 ioci.

137 3192 300 3273 Turrigero
322 3194 451 3257 irontem
474 3194 581 3276 Cybele
604 3195 741 3257 redimita
764 3213 873 3257 corona

183 3282 333 3344 Convocat
354 3292 491 3345 aeternos
515 3283 550 3345 ad
574 3302 628 3345 sua
650 3283 725 3345 iesta
748 3283 836 3345 doos.

138 3368 288 3432 Convocat
310 3379 341 3433 et
363 3379 479 3451 satyros
502 3379 532 3433 et
544 3419 553 3453 ,
577 3374 688 3433 rustica
713 3374 854 3452 numina,
877 3370 1038 3454 nymphas3

184 3457 324 3541 Silenus,
347 3461 481 3540 quamvis
504 3477 592 3522 nemo
615 3468 734 3521 vocarat
746 3507 755 3542 ,
779 3459 878 3521 adest.

66 3555 122 3607 aas
137 3543 200 3606 Nec
216 3545 288 3608 licet
304 3555 335 3608 ct
357 3547 477 3628 longum
496 3555 543 3609 est
565 3548 667 3628 opulas
686 3565 807 3610 narrare
831 3547 972 3611 deorum.
1001 3558 1058 3614 (ui)
