2467 4042
464 219 500 271 11.
519 221 669 272 ead-⁷03.
720 250 725 257 ·
1003 215 1069 281 253

151 380 331 460 Terminus,
354 391 389 444 ut
410 391 528 445 veteres
549 390 715 445 meruerant
727 427 736 460 ,
765 383 904 444 inventus
926 383 957 443 in
981 381 1069 462 aede,

86 482 136 532 oto
194 469 315 532 Restitit
337 479 368 531 et
390 488 497 549 magno
518 488 588 532 etun
608 469 677 534 love
700 469 808 548 templa
833 478 931 531 tenet.

151 556 237 619 Nune
260 577 401 639 quoque,
424 577 457 621 se
480 577 569 639 supra
593 577 631 621 ne
654 558 725 638 quid
750 561 807 621 uisi
830 559 927 621 sidera
951 568 1069 640 cernat,

195 646 341 727 Exigtrum
365 646 467 727 templi
489 655 565 707 tecta
590 647 722 709 foramen
745 645 870 709 babent.

151 734 312 815 Termine,
336 744 404 814 post
425 734 497 797 illud
521 735 624 799 levitas
647 735 700 795 tibi
723 733 816 795 libera
838 752 898 797 non
922 743 982 795 esta

196 823 260 896 Qua
284 827 398 903 positus
422 826 518 886 iueris
537 825 569 888 in
591 826 740 903 statione,
765 841 868 903 mane3

86 923 137 973 675
152 909 213 973 Nee
236 920 269 972 tu
292 915 388 975 vicino
412 915 573 992 quiequam
593 911 729 975 concede·
747 914 881 992 roganti,

195 999 238 1061 Ne
262 1001 379 1062 videare
402 1001 554 1065 hominem
575 1002 783 1080 praeposuisse
806 998 885 1060 lovi:

150 1088 189 1150 Et
211 1107 265 1150 seu
288 1088 479 1170 uolneribus,
503 1108 557 1153 seu
580 1100 611 1153 tu
635 1088 793 1168 pulsabere
816 1090 938 1169 rastris,

194 1177 324 1241 clamato
348 1173 437 1243 ‘suus
461 1187 507 1239 est
529 1178 577 1255 bie
601 1196 695 1257 ager,
717 1177 766 1241 ille
788 1172 905 1241 tuus!''

151 1263 208 1326 Est
227 1268 295 1344 via,
318 1285 393 1346 quae
417 1266 559 1346 populum
581 1265 747 1331 Laurentes
770 1266 853 1329 deren
875 1269 906 1331 in
930 1283 1034 1345 agros,

12 1322 14 1363 ἱ
86 1365 138 1415 181
197 1353 351 1425 Quondam
374 1354 522 1415 bardanio
543 1372 634 1433 regna
657 1358 748 1433 petita
771 1354 857 1419 doct.

152 1439 202 1501 llla
226 1441 350 1520 lanigeri
372 1445 489 1522 peeoris
512 1441 588 1521 tibi,
610 1441 751 1503 Ternune
763 1488 772 1522 ,
795 1442 878 1503 libris

198 1528 289 1591 Sacra
311 1529 391 1592 videt
413 1530 479 1593 lieri
502 1536 606 1593 sextus
626 1529 663 1591 ab
687 1529 766 1593 Urbe
789 1530 881 1609 lapis.

154 1616 311 1695 [Gentibus
335 1627 381 1680 est
403 1619 467 1681 aliis
490 1617 581 1681 tellus
601 1617 668 1679 daia
691 1617 784 1681 limite
807 1627 907 1680 certe:

196 1705 345 1769 Romanae
367 1709 497 1787 spatium
517 1715 564 1771 est
586 1705 675 1770 Urbis
698 1716 729 1768 et
751 1705 833 1769 orbis
855 1704 965 1783 idom]

399 1844 451 1909 24.
474 1843 503 1910 a
526 1842 735 1931 unsrun

86 1983 137 2035 685
152 1972 237 2033 Nune
260 1972 332 2034 milri
353 1972 478 2037 dicenda
501 1980 547 2037 est
569 1975 651 2051 regis
672 1973 763 2051 iuge.
800 1974 889 2035 traxit
911 1971 947 2032 ab
970 1971 1019 2032 ilia

197 2060 306 2123 Sextus
328 2060 365 2125 ab
387 2069 520 2124 extremo
543 2063 664 2123 nomina
686 2079 788 2123 mense
812 2060 893 2121 dies.
968 2075 972 2081 ·

152 2147 259 2211 Ultima
282 2149 464 2230 Tarquinius
485 2149 634 2213 Romanae
657 2151 754 2229 gentis
777 2148 904 2211 habebat

194 2237 318 2319 Regna,
341 2241 385 2299 vir
408 2241 563 2320 iniustus,
581 2238 670 2300 fortis
692 2238 728 2299 ad
751 2255 834 2299 arma
855 2244 972 2299 tamen.
1037 2264 1040 2267 ·

152 2324 277 2406 Ceperat
298 2326 348 2386 bio
371 2325 464 2406 alias,
487 2326 557 2387 alias
580 2334 728 2387 everterat
751 2325 859 2406 urbes,
1028 2339 1071 2390 (eoi

87 2425 138 2476 oao
197 2414 235 2475 Et
257 2413 369 2476 Gabios
388 2417 469 2493 turpi
492 2415 604 2479 lecerat
626 2424 692 2477 arte
713 2432 800 2477 suos.

152 2501 283 2583 Namque
307 2504 397 2565 trium
421 2504 582 2583 minimum,
605 2503 705 2582 proies
728 2503 884 2567 manifesta
907 2500 1053 2583 Superbi,

196 2589 232 2653 ln
253 2589 368 2653 medios
390 2590 491 2653 hostes
515 2600 602 2655 noete
626 2591 731 2654 silente
754 2595 851 2655 venit.

151 2677 305 2742 Nudaeanl
326 2678 462 2759 gladios:
494 2674 651 2743 ‘occidite'
676 2680 750 2743 dixit
773 2675 950 2761 ‘inermem

195 2767 261 2831 iioo
281 2771 403 2850 daphni
425 2769 536 2833 iratres
556 2769 796 2848 Tarquiniusque
818 2779 922 2849 pater,

84 2869 135 2919 seo
150 2856 208 2927 Qui
231 2875 297 2921 mea
319 2856 436 2919 erudeli
456 2857 741 2923 remaneremus
765 2852 881 2937 terga.'

194 2945 299 3009 [licere
322 2956 357 3008 ui
379 2946 437 3011 boc
459 2957 561 3025 posset
573 2993 586 3027 ,
605 2945 731 3009 verbera
754 2965 859 3027 passus
882 2953 966 3007 erat.

151 3032 233 3095 Luna
256 3036 330 3098 init:
362 3042 498 3115 spectant
519 3038 680 3117 iuvenem,
697 3035 870 3114 gladiosque
889 3034 1071 3114 recondunt,

195 3122 371 3203 Tergaque,
395 3122 521 3187 dedtaele
543 3132 648 3203 veste,
671 3131 774 3195 notate
794 3123 913 3183 rident:

150 3207 237 3272 Fient
255 3229 393 3291 quoque,
412 3220 443 3272 et
461 3219 495 3272 ui
513 3230 615 3273 secum
638 3219 759 3272 tueatur
777 3210 873 3290 bella,
892 3220 1069 3290 precantur.

12 3337 13 3359 t
84 3310 137 3361 700
196 3297 323 3361 Callidus
346 3302 457 3377 ignaris
481 3299 584 3362 adnuit
606 3299 656 3363 ille
679 3301 767 3361 viris.

149 3385 270 3466 lamque
292 3396 420 3467 potens,
443 3391 533 3453 misso
557 3392 723 3468 genitorem
747 3387 874 3468 appellat
896 3391 1007 3469 amieo,

193 3474 342 3539 Perdendi
365 3476 472 3539 Gabios
496 3478 575 3556 quod
600 3475 656 3539 sibi
680 3485 826 3539 monstret
848 3479 923 3539 iter.

148 3563 260 3626 Hortus
282 3565 413 3628 odoratis
437 3564 559 3628 suberat
581 3565 764 3629 cultissimus
787 3564 906 3646 herbis,
