2467 4042
407 257 477 328 XII,
496 262 653 315 sas-504.
757 279 873 317 0000000
974 263 1037 329 251

18 420 249 506 47οἻ1110,
273 423 385 506 Caeni,
403 420 527 486 leram?
549 442 618 486 nam
635 432 669 486 tu
687 424 760 485 mihi
778 426 887 487 femina
906 446 1039 509 semper,

100 513 158 573 'l'u
181 510 256 572 mihi
279 511 385 573 Caenis
408 515 490 574 eris.
517 522 627 574 00010
650 513 755 574 0010110
778 516 861 594 origo

102 600 325 683 (1000000011,
348 608 539 681 mentemque
562 600 667 683 subit,
691 619 750 680 quo
772 606 903 682 praemia
926 606 1020 685 lacto,

102 688 238 768 Quaque
260 689 318 750 viri
340 688 443 751 lalsam
466 692 596 769 speciem
618 689 758 751 mercede
780 689 925 771 pararis?

102 776 164 838 Vel
187 777 261 856 quid
284 786 374 860 nata,
396 777 487 859 vide,
508 778 554 839 rel
578 777 650 857 quid
672 780 714 839 sis
731 796 840 861 passa3
863 781 1037 862 columque,

25 866 147 947 0701,
170 883 245 945 cape
269 883 339 927 cum
361 866 506 947 calathis,
529 873 560 928 et
582 869 708 928 stamina
729 867 836 947 pollice
859 877 984 949 torque:

103 953 193 1016 Bella
215 953 353 1033 relinque
375 948 495 1016 01010.”
517 957 641 1017 iactanti
662 953 732 1016 talia
754 954 888 1019 Caeneus

101 1042 277 1104 Extentum
299 1060 391 1104 cursu
412 1045 504 1104 missa
526 1042 603 1105 latus
626 1044 707 1105 eruit
727 1043 828 1126 hasta,

104 1131 176 1202 Qua
194 1130 242 1191 010
264 1148 342 1210 equo
366 1133 543 1194 commissus
567 1140 653 1194 erat.
679 1132 824 1194 1110111110
847 1132 967 1217 dolore,

102 1218 257 1299 Nudaque
277 1217 395 1300 Phyllei
415 1222 532 1281 iuvenis
555 1221 626 1281 10011
647 1237 701 1281 000
722 1222 848 1284 sarissa.

29 1320 89 1373 100
103 1307 178 1369 Non
196 1314 286 1369 secus
303 1306 377 1369 haec
395 1308 512 1391 resilit,
530 1326 620 1389 quam
637 1310 710 1371 tecti
727 1326 745 1369 a
763 1310 891 1372 00101100
910 1311 1038 1393 grando,

103 1397 170 1458 Aut
193 1397 289 1475 siquis
313 1413 405 1475 parvo
427 1397 516 1458 feriat
538 1415 608 1458 cava
630 1405 769 1478 tympana
791 1416 879 1461 saxo.

106 1483 288 1546 Comminus
310 1484 504 1567 aggreditur,
526 1484 673 1565 laterique
695 1486 859 1549 recondere
883 1486 958 1550 duro

105 1571 257 1634 luctatur
279 1571 431 1651 gladium:
453 1573 550 1653 gladio
573 1573 638 1635 loca
658 1576 760 1657 pervia
783 1592 844 1637 000
866 1584 953 1637 sunt.

107 1656 224 1721 “Haud
248 1667 347 1721 minen
370 1660 517 1741 effugies!
539 1662 638 1724 medio
661 1661 842 1743 iugulaberis
866 1681 955 1745 0000,

35 1760 92 1813 100
109 1747 363 1827 Quandoquidem
384 1767 489 1811 mucro
513 1758 560 1811 est
581 1745 699 1812 hehes'’
720 1753 840 1835 inquit,
863 1761 894 1814 et
914 1756 946 1814 10

835 1840 913 1903 latus
936 1860 1039 1905 ensem

109 1925 254 2005 obliquat
276 1924 422 2006 longaque
446 1925 635 2008 amplectitur
656 1928 706 1989 ilia
729 1927 850 2013 dextra,

109 2013 216 2093 [Plaga
239 2014 309 2076 lacit
330 2017 458 2094 gemitus
480 2018 512 2077 in
535 2033 662 2096 corpore
684 2019 842 2078 marmoris
863 2019 916 2080 1011
924 2016 947 2100 ,]

108 2101 277 2181 Fractaque
295 2102 424 2165 1110011011
445 2121 590 2184 percusso
612 2103 752 2166 lammina
774 2104 864 2167 callo.

108 2189 150 2251 Ut
174 2191 248 2251 satis
269 2190 388 2253 illaesos
410 2194 532 2253 miranti
553 2191 694 2273 praebuit
714 2200 817 2276 artus,

39 2292 96 2343 400
112 2273 224 2340 “Naum
247 2296 300 2358 age
312 2274 334 2362 ,⁹
357 2281 399 2341 ait
421 2279 555 2341 Caeneus
578 2277 694 2343 ‘nostro
717 2289 768 2343 tua
791 2299 918 2362 corpora
939 2282 1020 2344 terro

112 2367 307 2447 Temptemus
321 2361 354 2429 l”
377 2367 542 2448 capuloque
564 2376 655 2431 tenus
677 2369 797 2431 demisit
818 2371 851 2431 in
874 2387 972 2432 armm

111 2454 225 2517 Ensem
247 2456 421 2540 fatiferum,
444 2465 622 2537 caecamque
644 2459 677 2519 in
698 2460 814 2519 uiscera
836 2461 929 2520 movit

109 2542 305 2623 versavitque
327 2561 471 2627 manum,
493 2545 661 2625 vulnusque
683 2548 715 2607 10
738 2545 861 2608 vulnere
883 2547 971 2609 lecit.

111 2631 194 2693 Ecce
217 2641 311 2694 ruunt
333 2640 416 2695 vasto
439 2632 535 2695 rabidi
557 2633 687 2696 clamore
707 2633 907 2717 bimembres,

44 2732 98 2784 000
112 2719 245 2800 Telaque
267 2722 299 2781 10
320 2720 401 2783 huno
424 2740 529 2785 omnes
546 2741 640 2785 unum
658 2725 841 2804 mittuntque
859 2725 1036 2804 feruntque.

111 2808 184 2870 Tela
205 2816 309 2871 retusa
331 2809 464 2892 cadunt,
486 2821 586 2872 manet
607 2812 795 2892 inperfossus
817 2811 854 2873 als
878 2814 959 2874 omni

110 2897 205 2977 loque
229 2905 403 2960 cruentatus
426 2897 561 2960 Caeneus
582 2898 715 2961 Elateius
736 2903 817 2962 ictu.

111 2985 237 3047 Fecerat
259 2988 400 3048 attonitos
422 3005 498 3048 nova
519 3005 590 3050 res.
614 2983 698 3049 “heu
721 2988 851 3051 dedecus
873 2982 1007 3069 ingensl'

112 3072 275 3154 Monychus
298 3073 443 3137 exclamat
465 3070 604 3156 ‘populus
628 3095 805 3156 superamur
827 3076 864 3145 ab,
887 3096 966 3159 nno,

48 3160 225 3242 soovixqae
248 3164 335 3227 viro.
363 3180 542 3244 quamquam
564 3164 614 3226 ille
637 3166 683 3225 vir
706 3172 753 3227 001
764 3213 774 3247 ,
797 3182 853 3227 000
875 3164 1016 3244 segnibus

965 3254 1038 3314 actis

115 3338 198 3410 Quod
212 3340 269 3402 fuit
283 3339 352 3422 ille,
370 3358 492 3403 sumus.
511 3341 582 3421 quid
596 3340 731 3405 membra
743 3342 873 3403 10010010
886 3337 1039 3421 prosunt?

114 3426 191 3499 Quid
213 3430 350 3508 geminae
373 3431 475 3510 vires,
498 3437 530 3491 et
552 3429 631 3509 quod
655 3431 817 3491 fortissima
839 3446 942 3492 rerum

113 3514 146 3576 10
167 3515 255 3577 uobis
278 3515 387 3596 duplex
409 3525 517 3579 natura
539 3517 676 3579 animalia
696 3514 819 3579 iunxit?

113 3601 173 3664 Nee
195 3622 252 3666 nos
274 3612 370 3666 matre
393 3604 471 3690 dea,
492 3622 549 3668 000
571 3623 628 3667 000
650 3606 751 3667 101000
774 3614 861 3669 00100
