2467 4042
1019 2 1049 149 l

187 218 254 283 300
594 217 788 270 aasuoumt

277 382 377 461 Dixit,
400 389 432 444 et
454 380 609 461 egrediens
631 381 742 443 nnhem
765 381 878 460 trahit,
901 383 1000 460 inque
1027 383 1173 444 dnoonet

320 469 461 549 Transit,
484 478 515 530 et
537 468 640 530 alifero
663 468 778 530 tollitur
799 487 853 530 axe
876 468 989 531 Ceres.

278 558 391 620 Sunion
415 559 580 638 expositum
604 557 766 638 Piraeaque
789 566 853 618 tuta
876 575 1004 619 reoessu

320 646 464 726 Linquit,
487 654 517 706 et
540 648 570 706 in
593 644 731 706 dextrum
755 664 830 725 quaa
852 647 929 706 iaoet
953 664 1012 707 ora
1035 648 1142 710 latus.

211 745 262 796 555
277 731 353 796 llius
374 736 430 796 init
452 735 624 814 Aegaeum,
647 752 706 813 quo
730 732 870 813 Cycladas
891 736 1004 812 aspicit
1029 754 1160 818 omues,

321 822 496 902 Ioniumque
518 839 608 900 rapax
630 821 817 902 laudumque
840 822 928 901 legit,

276 911 394 990 Perque
417 910 509 972 tahas
530 911 616 971 Asiae
638 910 758 989 longum
781 912 856 989 petit
877 909 1140 995 Hellespontum,

322 998 536 1078 Diversumque
559 999 633 1059 loois
655 998 714 1060 alta
735 1005 871 1078 pererrat
893 1001 967 1059 iter.

277 1086 350 1149 Nam
374 1087 460 1148 modo
482 1086 625 1164 turilegos
648 1086 781 1166 Arabas,
804 1086 891 1146 modo
912 1086 1049 1166 despicit
1076 1090 1178 1167 ludos,

212 1187 264 1237 tao
323 1173 398 1236 ilino
421 1173 532 1256 Libys,
556 1174 626 1235 hina
648 1174 748 1235 Meroe
771 1177 909 1253 monaque
931 1182 1021 1236 terra
1041 1178 1169 1239 snhest:

278 1262 364 1324 Nunc
388 1263 449 1325 adit
471 1261 654 1343 Hesperios,
677 1262 813 1324 Rhenum
836 1261 1085 1343 Rhodanumque

825 1350 999 1430 Padumque

323 1438 447 1520 Teque,
470 1440 570 1501 lutnre
593 1456 702 1519 parens
714 1486 724 1521 ,
746 1438 857 1519 ‘lhyhri
869 1485 879 1518 ,
901 1443 1037 1518 potentis
1063 1460 1174 1521 aquae.

280 1529 344 1600 Quo
368 1524 479 1588 seror?
510 1530 678 1588 inmensum
701 1536 748 1589 est
770 1536 883 1589 erratas
904 1528 1008 1589 dicere
1032 1536 1155 1591 terras.

322 1616 507 1677 Praeteritus
531 1615 633 1676 Cereri
656 1615 756 1677 nullus
778 1618 810 1676 in
832 1614 912 1676 orbo
927 1615 1032 1677 loeus.

214 1716 266 1767 tto
279 1705 367 1766 Errat
391 1706 474 1766 etin
497 1703 599 1783 caelo,
623 1704 791 1783 liquidique,
809 1706 941 1765 inmunia
963 1708 1054 1782 ponti

324 1792 500 1871 Adloquitur
521 1791 618 1871 gelido
641 1794 775 1871 proxima
797 1794 879 1869 signa
902 1791 989 1871 polo.

281 1877 487 1942 ‘Parrhasides
502 1879 623 1958 stellae,
637 1912 672 1924 -
687 1898 815 1959 namque
834 1882 931 1941 omnia
949 1899 1042 1941 nosse
1064 1887 1197 1962 potestis,

325 1971 497 2048 Aequoreos
518 1986 680 2047 numquam
703 1987 771 2030 oum
794 1968 924 2030 subeatis
947 1986 1042 2048 aquas
1070 2005 1108 2015 —

280 2058 490 2137 Persephonen
512 2064 610 2118 natam
635 2059 760 2117 miserae
783 2066 944 2117 monstrate
967 2056 1131 2136 parentil'

215 2158 267 2210 580
325 2146 465 2208 Dixerat.
507 2145 577 2206 huia
600 2144 703 2206 ileliae
725 2145 792 2206 talia
813 2144 905 2205 rerha
925 2146 1041 2207 relert:

281 2231 427 2298 ‘Crimine
449 2252 508 2295 nox
531 2252 621 2295 vaona
645 2242 713 2314 est3
737 2232 836 2295 Solem
858 2233 895 2294 de
918 2235 1033 2312 virgine
1058 2248 1150 2316 rapta

325 2322 474 2403 Consule,
498 2324 549 2403 qui
572 2321 630 2383 late
653 2323 729 2383 iacta
752 2322 859 2383 dinrua
880 2317 995 2382 videt?

283 2412 334 2474 Sol
357 2412 453 2473 aditus
477 2406 581 2490 ‘quam
605 2413 724 2489 quaeris
736 2405 761 2491 ,'
784 2412 826 2472 ait
847 2406 902 2471 ‘oe
923 2428 997 2471 rana
1021 2410 1167 2493 lahores,

325 2501 422 2581 Nupta
444 2499 521 2560 lovis
544 2500 629 2560 fratri
651 2501 739 2560 tertia
760 2516 852 2578 regna
876 2493 989 2559 tenet.'

216 2600 267 2651 585
282 2590 391 2661 Questa
415 2589 464 2649 diu
488 2605 611 2668 seeum,
635 2589 679 2648 sio
702 2594 748 2648 est
770 2587 865 2648 adlata
888 2586 1076 2668 Tonantem,

222 2703 225 2707 ·
326 2678 509 2756 Maximoque
531 2679 563 2737 in
586 2676 666 2739 voltu
689 2678 772 2755 signa
795 2674 923 2736 dolentis
945 2684 1049 2735 erantt

284 2763 333 2828 ‘Si
356 2783 468 2827 memor
491 2782 525 2826 es
537 2813 547 2845 ,
570 2764 606 2825 de
630 2782 688 2843 qno
712 2764 785 2825 mihi
807 2766 847 2824 sit
867 2763 1047 2843 Proserpina
1075 2774 1170 2847 nata,

326 2853 487 2916 Dimidium
510 2870 599 2913 aurae
622 2851 711 2913 dehet
733 2851 843 2913 hahere
865 2859 950 2914 tuae.

283 2942 362 3005 Orbe
386 2950 540 3023 pererrato
563 2941 624 3002 sola
648 2950 694 3002 est
715 2942 823 3002 iniuria
845 2940 916 3001 iaoti

217 3044 268 3096 590
326 3032 469 3111 Cognita.
511 3031 661 3090 commissi
683 3031 813 3108 praemia
835 3035 938 3108 raptor
959 3025 1069 3090 hahet.

282 3123 320 3183 At
342 3137 439 3201 neque
461 3118 651 3197 Persephone
674 3118 762 3196 digna
784 3127 830 3179 est
851 3116 1000 3196 praedone
1024 3120 1164 3201 marito,

326 3209 388 3271 Neo
410 3226 502 3287 gener
524 3205 582 3267 hoo
604 3205 691 3266 nohis
715 3223 796 3266 more
819 3205 967 3285 parandus
990 3211 1075 3266 erat.

284 3298 360 3369 Quid
384 3299 502 3377 graviore
524 3298 637 3356 viatore
660 3294 739 3373 Gyge
763 3296 875 3374 captim
897 3292 1053 3372 tulissem,

329 3385 422 3456 Quam
446 3402 526 3445 nune
548 3392 579 3444 te
601 3382 675 3443 caeli
698 3389 816 3462 sceptra
838 3389 958 3442 tenente
980 3376 1066 3443 tull?

219 3484 270 3535 595
284 3472 393 3535 Verum
417 3477 537 3551 impune
561 3472 659 3551 ierat,
682 3489 736 3532 nos
759 3470 832 3531 haee
854 3472 1001 3549 patiemur
1023 3469 1161 3555 inultae3

328 3559 461 3641 Reddat,
488 3570 519 3621 et
540 3558 679 3619 emendet
702 3559 777 3619 laeta
800 3560 900 3638 priora
922 3560 1006 3619 noris
1019 3552 1043 3618 .'
