2467 4042
156 264 221 328 114
604 265 716 318 IBIDIS

244 428 283 491 Ut
304 431 382 490 iacet
403 428 497 490 honio
520 427 648 490 luctator
671 427 708 489 ah
731 428 848 507 hospite
871 428 975 512 lusus,

288 516 368 595 Qui,
390 518 522 597 mirum,
545 517 663 597 victor,
686 533 756 579 cum
778 516 935 579 cecidisset
948 527 1062 600 ,χο00οε

177 603 282 667 300110
305 623 380 685 quos
402 606 507 666 Antaei
529 604 622 665 sortes
645 622 783 684 pressere
806 604 929 667 lacerti:

289 685 441 776 [Quosque
463 693 543 753 ieras
566 694 656 753 morti
679 691 800 754 Lemnia
823 692 911 754 turba
933 694 1015 756 dedit
1024 694 1047 772 :]

242 779 282 842 Ut
305 783 357 860 qui
378 789 447 859 post
469 780 590 858 longum
602 827 612 860 ,
635 783 712 842 sacri
735 788 916 843 monstrator
939 784 1053 865 iniqui,
1126 798 1169 850 (00)

287 868 398 930 Elicuit
420 868 534 947 pluvias
557 870 676 929 victima
699 886 804 930 caesus
827 887 937 948 aquas:

243 955 347 1018 Frater
370 956 412 1017 ut'
426 956 530 1017 Antaei
552 974 612 1035 quo
636 959 778 1034 sanguine
802 956 928 1038 debuit,
951 975 1017 1020 aras

176 1056 229 1106 400
287 1044 388 1105 Tinxit
400 1091 409 1126 ,
433 1055 463 1105 et
485 1044 627 1123 exemphs
650 1044 761 1106 occidit
782 1046 847 1124 ipse
871 1048 955 1107 suis:

243 1129 282 1193 Ut
304 1135 356 1213 qui
378 1131 527 1193 terribiles
550 1150 605 1211 pro
629 1150 749 1211 0000000
773 1132 951 1195 habentibus
973 1133 1076 1196 herbis

287 1219 399 1300 lmpius
421 1219 550 1281 humano
573 1221 687 1281 viscere
710 1222 791 1300 pavit
813 1239 925 1300 equosa

243 1306 284 1370 Ut
306 1308 365 1370 duo
388 1308 512 1369 dirersis
535 1307 592 1369 suh
615 1308 720 1370 eodem
741 1308 857 1370 vindice
881 1311 961 1371 oaesi

287 1394 488 1478 Vulneribus,
510 1395 623 1457 Nessus
645 1395 864 1476 Dexamenique
887 1415 997 1476 gener:

177 1482 283 1546 400110
304 1502 454 1564 pronepos
466 1530 475 1565 ,
499 1483 649 1564 Saturne,
673 1493 765 1565 tuus,
791 1502 879 1564 quem
901 1485 1029 1548 reddere
1051 1489 1146 1549 vitam

287 1570 367 1633 Urbe
390 1571 552 1633 Coronides
575 1572 649 1633 vidit
672 1571 709 1633 ab
732 1575 796 1651 ipse
820 1590 892 1634 sua:

244 1659 283 1722 Ut
306 1660 385 1721 Sinis
408 1668 439 1722 et
462 1659 569 1720 Sciron
591 1668 623 1721 00
645 1678 714 1720 oum
736 1660 935 1740 Polypemone
959 1669 1064 1723 natus:

288 1748 406 1828 Quique
428 1748 517 1809 homo
540 1756 624 1827 purte
647 1750 695 1809 sui
707 1795 717 1830 ,
739 1756 825 1827 parte
847 1752 991 1811 iuvencus
1015 1757 1097 1811 erat:

245 1837 363 1916 Quique
385 1836 485 1898 trabes
508 1854 627 1916 pressas
649 1838 681 1897 in
699 1836 824 1897 humum
846 1837 983 1899 mittebat
1004 1839 1035 1899 in
1059 1856 1168 1918 auras,

177 1938 229 1986 400
288 1925 434 2004 Aequoris
457 1927 603 2005 aspiciens
627 1924 716 1986 huius
739 1931 770 1985 00
791 1924 882 1986 buius
904 1943 1012 2005 aquus:

125 2062 141 2093 ,
244 2011 385 2092 Quaeque
408 2012 499 2074 Ceres
521 2012 598 2074 laeto
621 2013 694 2074 vidit
715 2015 871 2091 pereuntia
895 2013 977 2075 vultu

288 2100 419 2181 Corpora
441 2101 556 2162 Thesea
579 2100 748 2180 Cercyonea
770 2119 877 2163 manu.

244 2189 324 2251 11000
346 2188 419 2270 tibi,
447 2207 536 2269 quem
559 2191 674 2250 meritis
697 2189 838 2267 precibus
863 2206 929 2250 mea
953 2189 1077 2251 (1000000
1099 2192 1167 2271 ira,

287 2276 454 2358 Eveniant,
477 2286 528 2339 000
549 2278 597 2338 his
620 2295 680 2338 non
703 2278 813 2339 leviora
835 2277 937 2339 malis:

177 2378 229 2428 415
244 2365 345 2437 Qualis
367 2366 600 2448 Achaemenides
624 2364 722 2427 Sicula
745 2365 882 2427 desertus
905 2368 937 2427 in
959 2365 1070 2447 Aetna,

288 2454 395 2516 Troica
417 2472 486 2515 cum
509 2453 583 2515 vidit
605 2454 668 2514 vela
692 2455 815 2533 venire,
838 2454 913 2515 suit:

245 2541 347 2615 Qualis
369 2550 434 2603 erat
456 2560 512 2603 nee
534 2560 595 2603 uon
618 2541 736 2603 fortuna
758 2541 918 2603 binominis
941 2540 1000 2623 lri,

290 2629 421 2710 [Quique
444 2638 549 2692 tenent
569 2639 713 2711 pontem,
736 2647 812 2709 quae
835 2629 896 2691 tibi·
912 2631 1006 2690 maior
1027 2629 1119 2708 erit]

244 2718 337 2779 Filius
360 2726 391 2780 00
412 2718 531 2780 Cereris
553 2719 664 2780 frustra
686 2717 742 2779 tibi
764 2736 882 2797 semper
905 2725 1036 2798 ametur,
1120 2722 1168 2791 (00)

178 2819 230 2869 400
288 2806 494 2886 Destituatque
517 2814 584 2868 0000
607 2824 703 2886 usque
726 2808 837 2885 petitus
861 2824 953 2886 opes:

245 2894 342 2974 thue
365 2913 420 2975 per
443 2894 572 2956 alternos
595 2895 674 2956 unda
696 2894 813 2955 labente
836 2911 977 2956 recursus

290 2982 482 3046 Subtrahitur
503 3001 607 3062 presso
631 2982 727 3045 mollis
749 2982 859 3044 harena
882 2982 968 3061 pedi,

247 3071 296 3133 Sic
318 3079 369 3133 tua
392 3073 493 3133 nescio
517 3090 576 3151 qua
598 3089 716 3151 semper
739 3071 858 3132 fortuna
881 3070 1041 3150 liquescat,

290 3159 443 3241 Lapsaque
466 3177 520 3240 per
542 3159 654 3222 medias
678 3159 779 3221 eilluat
802 3177 897 3238 usque
920 3176 1040 3219 manus.

181 3262 231 3311 400
246 3247 344 3328 thue
367 3257 452 3328 pater
474 3249 577 3311 solitae
597 3250 693 3310 varias
716 3257 831 3310 mutare
855 3247 982 3327 ligures,

222 3383 228 3394 .
290 3337 400 3399 Plenus
423 3339 585 3399 inextincta
608 3336 771 3399 destituare
794 3337 889 3396 lame.

247 3424 308 3486 Nec
331 3426 414 3505 dapis
437 3426 581 3488 humanae
605 3424 661 3486 tibi
683 3427 744 3486 sint
766 3424 904 3486 fastidia.
940 3437 1055 3502 quaque

290 3513 378 3575 Parte
401 3521 487 3592 potes
499 3560 509 3594 ,
532 3513 649 3593 Tydeus
672 3514 815 3591 temporis
838 3512 928 3574 huius
951 3511 1026 3572 eris.

247 3601 344 3680 dtque
367 3600 477 3680 aliquid
500 3601 611 3681 iacias,
635 3620 651 3663 a
674 3619 797 3682 vespere
821 3600 897 3662 Solis
920 3598 1061 3661 adortus
