2467 4042
1018 249 1056 304 xl

27 429 93 478 nv
110 419 156 477 98
183 418 260 495 100,
283 418 403 478 abedit
420 434 507 478 ceum
526 414 831 491 Verborum-posse
844 418 927 491 55555
943 420 1056 477 walum

27 506 221 581 -reliqait,·
239 506 328 566 1655
348 506 868 580 retices-tautameosptrtadaeis;
885 505 999 566 1v264
1017 517 1057 564 1x

28 593 97 656 265
123 594 257 654 x1280.
293 593 471 670 compendia
492 594 651 670 utriusque
672 594 755 653 vocis
776 593 887 654 leviter
904 593 1056 655 differunt.

122 677 196 742 474
226 693 277 742 en
307 692 460 742 senonen
491 693 626 741 55555.
671 682 711 742 ad
738 682 844 757 facien
875 680 991 756 (faties
1016 682 1057 756 E)

28 770 120 849 libri,
148 769 234 848 quod
262 787 331 828 curn
352 786 516 846 numquam
537 770 760 848 intellegerem,
787 769 860 831 olim
881 770 970 846 posui
991 770 1058 830 lati·

31 876 104 936 oem,
126 861 165 918 ut
189 858 239 918 est
261 860 327 919 499
350 860 505 933 ceceanu
527 859 560 917 ie
580 859 701 927 audam,
723 859 856 919 1v353:
878 874 957 918 nunc
980 869 1057 919 enn-

33 958 133 1025 51555,
164 965 202 1006 eo
231 964 337 1023 sensu,
368 965 428 1022 quo
451 946 536 1006 extet
556 947 674 1007 11473
699 948 816 1007 51677
839 948 966 1008 17199
992 947 1055 1006 252

34 1036 111 1096 450.
191 1030 272 1095 ,641
296 1044 423 1106 mouri
447 1046 641 1096 55555555.
675 1035 749 1094 olim
769 1036 865 1109 55555
881 1032 987 1095 Aeaee
1009 1033 1058 1093 de·

33 1123 155 1202 derum,
190 1122 272 1199 quod
304 1123 360 1183 sub
390 1139 497 1182 nesure
522 1123 555 1181 M
581 1123 679 1183 lutere
704 1123 813 1185 visum
849 1123 956 1183 estid
982 1122 1058 1183 setis

33 1213 102 1272 veri
131 1211 250 1289 simile;
282 1211 336 1271 sed
361 1212 464 1271 555555
490 1212 595 1290 ofellae,
623 1211 703 1288 quod
725 1229 805 1271 nunc
826 1210 931 1288 hebet,
964 1212 1012 1271 est
1039 1229 1059 1270 5

33 1318 129 1360 manu
152 1300 264 1377 prime,
286 1317 322 1359 55
343 1299 515 1376 putaverim
536 1300 570 1359 in
591 1301 756 1376 archetypo
773 1300 940 1376 antiquitus
962 1299 1058 1359 fuisse

35 1407 132 1466 supra
166 1387 320 1465 adscripto
352 1392 446 1448 aeoete
473 1389 505 1448 et
536 1387 654 1449 adiecto
682 1388 775 1465 aliqui
801 1406 892 1448 versu
920 1387 1057 1464 proximo

35 1478 153 1555 epurlo,
177 1494 238 1554 quo
259 1495 314 1553 pro
338 1476 473 1536 subiecto
496 1477 649 1536 enunciati
666 1479 786 1551 5555555
802 1475 964 1553 inducitur,
986 1479 1060 1536 tacet

35 1565 77 1625 ed
90 1564 297 1643 supplendam
309 1564 502 1640 aposiopesin
517 1565 665 1641 scriptum
681 1565 776 1625 fuisse
789 1564 922 1625 videtin:
944 1564 1059 1623 habent

36 1655 144 1714 tumen
176 1655 256 1713 55555
285 1651 384 1729 ΜΙιΕ,
415 1653 507 1730 etque
539 1671 575 1714 55
606 1670 697 1714 ceusu
727 1652 800 1731 fuit,
831 1670 885 1712 cur
912 1652 1059 1728 scriptum

37 1747 136 1803 «caete
158 1741 192 1802 in
207 1740 241 1799 Μ
259 1740 420 1816 deleretur,
443 1741 528 1801 cuius
551 1741 683 1802 scribam
699 1741 868 1802 intellectui
885 1740 1058 1818 prospicere

34 1830 146 1891 uidens
168 1841 223 1890 vn
238 1829 302 1891 756
325 1842 351 1888 x
366 1830 429 1889 658
455 1831 518 1906 697
542 1832 662 1891 51170.
697 1829 898 1907 interpoletur
914 1833 990 1889 nutu
1007 1828 1057 1888 ad·

39 1918 134 1997 didit,
163 1917 235 1995 quie
261 1917 424 1994 ignorabat
449 1918 617 1992 5595555555
644 1917 677 1977 id
697 1918 799 1994 ipsum
821 1936 900 1996 esse,
926 1918 1003 1977 nutu
1026 1917 1059 1977 55

40 2008 139 2085 signis
162 2005 263 2085 loqui,
285 2006 322 2064 ut
342 2005 437 2065 lexieu
460 2005 575 2065 docent.
610 2009 742 2067 55555555
764 2007 797 2067 55
817 2007 917 2082 ipsum
937 2006 1058 2082 imperi-

40 2099 107 2155 tum
128 2111 255 2154 menum
276 2093 388 2170 prodit,
409 2111 466 2153 uec
486 2096 558 2170 post
575 2088 701 2156 ‘laecum
717 2087 795 2169 pete'
809 2095 942 2154 omnium
959 2094 1058 2154 locum

40 2184 146 2244 55555
236 2176 303 2242 675
326 2192 542 2254 aminoen
565 2193 668 2244 canis
690 2194 836 2243 555555
859 2191 1057 2244 umora.

41 2272 94 2333 A'l·
121 2281 228 2332 mers
255 2281 528 2332 5557155508-.
572 2287 649 2348 quae
676 2290 696 2331 5
726 2292 755 2332 v.
775 2273 838 2333 672
867 2271 1057 2348 antecedunt,

43 2361 116 2421 elim
138 2378 158 2419 5
179 2377 231 2419 me
253 2358 420 2438 emendate,
441 2359 535 2436 volgo
557 2361 680 2436 recepta
700 2360 780 2420 5555
816 2377 1004 2420 correxeram
1021 2378 1059 2419 ex

43 2454 193 2524 etpreeso
214 2446 273 2506 ML
295 2464 438 2526 eaperecea
460 2446 541 2524 quod
561 2447 627 2509 lere
649 2448 723 2507 dicit
744 2447 862 2508 Plinius
884 2449 1002 2508 11102
1025 2450 1060 2507 ie

42 2539 164 2598 8555555
186 2536 309 2597 aaa:
329 2536 577 2612 interpunxerum
598 2537 671 2613 post
691 2538 767 2609 flecti
789 2537 822 2596 et
842 2537 926 2596 iunxi
948 2537 1059 2611 Incipit

43 2627 118 2704 5555,
141 2624 280 2703 quumvis
308 2625 452 2701 sequente
473 2625 563 2698 cica-
591 2642 721 2701 numque
748 2625 793 2684 ite
815 2637 853 2685 lv
868 2627 931 2687 790
954 2627 1060 2698 caepa

43 2729 326 2789 55555-55555555,
345 2725 398 2772 vn
413 2714 475 2774 681
491 2712 736 2789 17555555-55-
768 2716 774 2727 “
798 2715 824 2771 '.
852 2713 988 2789 sequitur
1001 2713 1059 2789 igi·

44 2806 95 2862 tur
121 2802 155 2864 in
182 2801 270 2862 libris
297 2801 436 2862 omnibus
462 2818 671 2876 squamamque
697 2803 771 2863 cretio
797 2801 952 2871 55555555,-·
967 2801 1057 2861 nimis

45 2890 212 2952 absurdum
234 2888 315 2966 apud
335 2888 528 2950 Helieuticon
549 2892 680 2966 poetenu
724 2890 1059 2966 delphines-intepretetur

47 2981 121 3043 corio
142 2982 260 3039 555555
282 2977 359 3037 Plin
380 2978 419 3038 N.
439 2978 469 3037 5.
492 2980 598 3039 1140.
633 2979 789 3056 putaveris
817 2978 932 3039 scribae
958 2979 1058 3038 locum

48 3068 180 3129 obfuisse
202 3077 241 3127 lv
255 3066 320 3127 577
342 3067 533 3141 Darauaeoae
554 3067 614 3127 5555·
636 3084 774 3141 squamus
795 3068 959 3127 5555555555
995 3065 1058 3144 sed,

46 3159 130 3235 puto,
158 3154 289 3215 maxime
315 3155 419 3216 nocuit
444 3154 584 3216 vocabuli
609 3154 815 3216 insolentioris
846 3155 999 3232 ignoratio
1026 3156 1059 3214 55

47 3245 124 3324 quod
151 3260 308 3320 55555555
333 3244 447 3304 eadee
475 3243 590 3303 dictum
611 3243 768 3305 videretur
789 3244 826 3303 ut
847 3255 871 3303 v
886 3245 949 3304 205
972 3248 1059 3305 eata

46 3352 109 3395 racc
131 3332 260 3401 tradere,
292 3344 345 3392 vn
359 3334 422 3394 289
447 3331 569 3392 colorem
594 3348 713 3407 rapere,
744 3344 811 3392 vm
827 3333 891 3392 760
913 3333 1059 3408 palloreu

47 3424 155 3502 555555,
177 3439 276 3498 neque
294 3420 379 3481 uliud
396 3419 560 3499 significari
577 3438 669 3499 quem
690 3433 754 3481 xlv
769 3422 833 3481 282
853 3419 947 3495 05555
963 3438 1059 3481 mecm

46 3514 120 3573 55555
144 3510 251 3586 pando
281 3509 462 3571 occallescere
491 3514 602 3570 rosto:
633 3527 702 3570 cum
733 3508 924 3569 artificiosius
948 3509 1059 3585 duplex

45 3599 205 3679 indicetur,
227 3597 260 3658 et
275 3597 413 3660 indurari
430 3598 544 3660 corium
562 3599 593 3658 55
610 3598 678 3675 ipso
696 3616 731 3659 ec
745 3598 848 3675 rigore
862 3598 978 3658 servari
992 3615 1058 3658 sen·
