2467 4042
311 267 317 276 ·
398 235 694 314 111‚1,1—2,3.

99 392 272 470 Inparibus
288 400 389 451 tamen
410 407 444 451 es
459 390 594 457 numeris
611 391 735 466 dignata
749 393 875 453 moveri.

148 480 183 538 ln
200 493 249 538 mc
264 476 409 552 pugnasti
423 474 566 535 versibus
584 491 643 535 usa
655 477 743 536 meis.

96 565 173 624 Non
190 578 249 637 ego
265 559 446 621 contulerim
461 558 603 620 sublimia
618 560 754 621 carmina
768 569 897 622 nostris:

44 658 89 711 40
151 645 263 708 Obruit
278 645 408 721 exiguas
423 643 508 719 regia
523 652 628 704 vestra
643 644 736 705 iores.

100 732 185 794 Sum
201 731 296 804 levis,
318 737 349 790 et
362 743 483 788 mecum
500 728 579 789 levis
594 735 657 801 est,
681 745 751 791 mea
766 747 853 808 cura,
878 734 1006 812 Cupido.

146 818 218 877 Non
233 831 303 876 sum
317 813 446 874 materia
460 812 569 874 lortior
581 813 653 888 ipsa
666 829 743 875 mea.

100 902 236 962 Rustica
251 899 290 959 sit
305 899 374 958 sine
387 913 437 957 me
452 896 562 957 lascivi
576 905 673 958 mater
687 900 822 961 Amoris.

146 985 229 1044 Huic
244 999 303 1059 ego
319 981 452 1060 proveni
466 983 537 1041 lena
551 996 720 1058 comesque
735 984 823 1045 deae.

49 1082 90 1137 45
105 1071 209 1146 Quam
222 1076 255 1129 tu
269 1083 331 1128 non
347 1067 466 1142 poteris
482 1066 560 1126 duro
574 1081 716 1127 reserare
732 1068 899 1147 cothurno,

145 1155 235 1214 llaec
249 1159 298 1212 est
311 1151 468 1212 blanditiis
483 1150 576 1212 ianua
590 1152 662 1211 laxa
676 1154 764 1212 meis.

99 1240 141 1301 Et
154 1248 261 1299 tamen
277 1236 392 1296 emerui
408 1238 493 1312 plus,
516 1251 607 1311 quam
623 1243 672 1309 tn,
697 1253 794 1312 posse
809 1240 936 1303 terendo

147 1322 246 1383 Multa
263 1319 430 1398 supercilio
448 1337 511 1381 non
526 1320 672 1396 patienda
688 1329 750 1382 tuo.

100 1408 163 1468 Per
178 1423 229 1467 me
244 1407 377 1482 decepto
395 1404 501 1465 didicit
516 1406 646 1467 custode
662 1406 793 1467 corinna

52 1505 92 1558 50
151 1489 282 1551 Liminis
297 1488 438 1551 adstricti
453 1488 620 1551 sollicitare
636 1489 746 1567 fidem,

100 1575 280 1652 Delabique
298 1581 369 1636 toro
385 1574 490 1634 tunica
504 1574 606 1634 velata
621 1578 737 1650 soluta,

145 1663 254 1736 Atque
268 1660 481 1735 inpercussos
495 1664 588 1719 nocte
603 1676 730 1721 movere
745 1667 855 1737 pedes.

101 1747 164 1806 Vel
181 1744 327 1819 quotiens
343 1743 462 1804 loribus
478 1742 564 1804 duris
578 1743 679 1804 incisa
695 1746 845 1821 pependi,

144 1829 217 1889 Non
233 1829 331 1889 verita
346 1844 365 1887 a
380 1828 495 1904 populo
512 1835 727 1902 praetereunte
740 1830 811 1905 legi.

55 1926 93 1980 ss
106 1915 190 1989 Quin
205 1929 265 1989 ego
279 1929 330 1973 me
345 1911 485 1985 memini,
510 1912 583 1972 dum
598 1918 705 1974 custos
720 1929 834 1977 saevus
850 1916 960 1993 abiret,

146 1997 291 2058 Ancillae
306 1996 435 2057 missam
451 1996 610 2057 delituisse
627 1996 706 2058 sinu.

104 2083 201 2158 Quid,
222 2097 292 2142 cnm
307 2097 357 2142 me
372 2097 482 2141 munus
498 2082 592 2140 natali
607 2082 714 2157 mittis,
737 2091 767 2144 at
781 2084 834 2144 illa

146 2167 290 2244 Rumpit,
314 2173 345 2226 et
362 2164 506 2242 adposita
520 2164 653 2226 barbara
667 2168 774 2228 mersit
789 2177 893 2244 aqua?

103 2252 207 2312 Prima
219 2258 291 2312 tuae
307 2250 391 2310 movi
405 2249 508 2310 telicia
522 2250 640 2310 semina
654 2252 776 2315 mentis.

59 2347 96 2402 σο
150 2335 265 2396 Munus
279 2334 389 2408 habet,
412 2335 497 2409 quod
510 2340 541 2394 te
555 2334 615 2394 iam
630 2335 720 2411 petit,
743 2337 801 2397 ista
815 2342 940 2398 meum!

103 2421 258 2482 Desierat.
288 2418 380 2495 coepi
398 2422 467 2494 ‘per
480 2435 539 2480 vos
554 2425 717 2495 utramque
731 2437 892 2497 rogamus,

147 2505 184 2564 ln
199 2519 317 2564 vacuas
331 2519 424 2563 aures
439 2503 534 2564 verba
549 2504 681 2566 timentis
696 2515 776 2567 eant.

102 2590 213 2650 Altera
227 2604 276 2649 me
292 2595 417 2664 sceptro
433 2587 563 2649 decoras
583 2590 710 2665 altoque
725 2590 891 2651 cothurno:

146 2674 212 2733 lam
227 2689 310 2733 nunc
326 2678 466 2733 contacto
482 2688 613 2748 magnus
628 2673 658 2733 ln
674 2689 728 2735 ore
744 2690 852 2735 sonus.

61 2768 96 2822 6⁵
106 2760 216 2819 Altera
231 2758 290 2818 das
305 2764 413 2818 nostro
427 2757 578 2818 victurum
591 2774 704 2818 nomen
719 2760 832 2819 amori:

146 2843 231 2917 Ergo
249 2841 341 2918 ades,
362 2848 393 2903 et
406 2842 506 2916 longis
524 2843 665 2904 versibus
680 2843 762 2904 adde
775 2843 891 2904 brevis.

102 2927 259 3001 Exiguum
277 2925 341 2986 vati
357 2925 510 3000 concede,
534 2925 721 3002 Tragoedia,
745 2935 877 3003 tempus.

145 3010 192 3069 Tu
207 3009 297 3072 labor
310 3017 464 3072 aeternus.
494 3011 581 3087 quod
594 3013 671 3087 petit
684 3011 752 3086 illa,
774 3012 870 3073 breve
885 3016 955 3074 est’

102 3095 192 3157 Mota
209 3094 295 3156 dedit
309 3097 441 3157 veniam.
469 3095 565 3155 teneri
581 3103 787 3173 properentur
802 3113 938 3172 amores,

62 3187 96 3243 to
150 3180 233 3241 Dum
249 3186 347 3240 vacat.
377 3187 496 3255 atergo
510 3181 659 3255 grandius
673 3188 783 3257 urguet
798 3199 887 3257 opus.

53 3315 78 3404 2
110 3310 205 3407 ‘Non
221 3364 280 3424 ego
297 3348 444 3411 nobilium
464 3351 560 3412 sedeo
576 3351 735 3412 studiosus
751 3368 915 3426 equorumr

146 3430 204 3493 Cui
218 3437 319 3494 tamen
335 3435 405 3511 ipsa
420 3434 525 3509 faves,
545 3437 650 3496 vincat
663 3442 697 3497 ut
712 3436 778 3512 ille,
800 3452 920 3512 precor.

100 3518 142 3579 Ut
157 3517 305 3592 loquerer
316 3525 433 3592 tecum,
455 3519 542 3596 veni,
564 3526 729 3596 tecumque
743 3520 900 3596 sederem,
