2467 4042
501 237 547 309 X,
565 243 670 295 l-iti.
791 257 909 296 carnus
1033 237 1094 304 19¹2

164 408 337 471 Tendimus
349 406 409 469 huc
422 423 548 488 omncs,
570 405 645 467 haec
663 412 710 467 est
722 403 829 468 dumus
843 405 964 488 ultima,
984 424 1096 487 rusque

100 509 145 560 8⁶
163 497 302 561 Humani
324 497 444 577 genech
466 495 639 575 longissima
661 511 753 576 regua
774 495 901 557 tenetis.

163 585 252 648 Haec
275 602 419 666 quoquc,
442 602 512 647 cum
532 585 629 645 iustus
651 590 768 646 matura
789 585 942 664 peregerit
963 599 1075 666 anuos,

163 674 250 738 luris
273 676 333 737 erit
354 674 468 736 vestri:
490 690 545 754 pru
567 688 694 733 munere
715 673 867 753 poscimus
888 689 994 735 usum.

165 762 261 836 Quod
282 764 310 825 si
331 761 390 824 lata
411 769 523 842 negant
543 762 659 823 reniam
680 778 737 842 pru
755 761 899 845 coniuge,
921 767 1037 824 certum
1051 768 1098 823 est

165 851 257 915 Nolle
279 850 379 914 redire
401 850 498 912 mihi:
518 848 579 912 leto
602 848 729 931 gaudete
752 845 910 912 ducrum?

101 951 150 1004 40
166 939 255 1003 Talia
277 941 426 1002 dicentem
447 956 615 1018 nervosque
639 938 676 999 ad
698 936 789 1000 rcrhc
810 946 978 1002 merentem

167 1029 347 1110 Exsauqucs
368 1027 480 1091 flebant
501 1029 638 1090 animae:
660 1045 717 1089 nec
738 1025 880 1089 Tantalus
902 1027 1013 1091 undana

168 1117 309 1199 Captavlt
329 1118 487 1200 refugam,
508 1118 684 1197 stupuitque
702 1113 817 1178 Ixionis
839 1114 938 1200 urhis,

166 1207 237 1270 Nec
258 1223 397 1288 carpsere
419 1207 505 1268 iectu
526 1203 665 1267 uolucres
676 1252 687 1287 ,
708 1206 854 1285 urnisque
875 1212 1019 1266 vacarunt

165 1293 290 1358 Belides
302 1296 425 1378 ,inqua
447 1301 500 1357 uro
523 1293 628 1356 sedisti
640 1292 821 1377 ,Sisyphe,
843 1311 931 1355 saxo

106 1395 153 1447 ιδ
169 1384 261 1446 Τιιιιι
281 1385 413 1464 primum
434 1382 565 1445 lacrimis
587 1384 733 1445 victarum
756 1341 886 1444 carmine
908 1382 986 1444 lama
1008 1389 1055 1444 est

167 1470 373 1535 Eumenidum
394 1471 544 1534 maduisse
566 1489 678 1551 genas.
706 1488 763 1533 nec
780 1472 863 1550 regia
885 1472 1014 1532 coniunx

169 1560 311 1624 Sustinet
332 1562 429 1622 oranti
440 1608 451 1642 ,
472 1578 530 1622 nec
552 1561 605 1639 qui
627 1560 705 1639 regit
726 1561 786 1639 ima
797 1606 807 1641 ,
829 1577 956 1640 negare:

168 1647 403 1729 Eurydicenque
425 1656 553 1712 vocant.
579 1647 701 1709 umbrae
724 1647 859 1709 cratilla
881 1655 1018 1710 recentes

171 1737 280 1820 Inter,
303 1745 334 1799 et
354 1739 478 1799 incessit
499 1755 589 1818 passu
613 1735 651 1798 de
673 1735 795 1798 vulnere
818 1735 921 1799 tardo

114 1838 155 1889 au
170 1824 259 1888 Hauc
280 1824 369 1888 simul
391 1833 423 1888 ct
443 1824 540 1907 legem
558 1824 750 1905 Rhodopeius
773 1826 881 1905 accipit
902 1823 1059 1906 Orpheus,

170 1913 219 1977 Ne
240 1913 342 1976 flectat
362 1921 445 1976 retro
467 1931 522 1977 sua
543 1915 678 1997 lumina,
700 1914 796 1976 donec
817 1914 948 1975 Avernas

171 2001 292 2064 Exicrit
311 2000 424 2085 valles,
447 2011 499 2065 aut
520 2004 606 2065 irrita
628 2002 706 2064 dona
728 2002 846 2064 lutura.
957 2040 959 2043 .

173 2089 315 2170 Carpitur
337 2091 455 2153 acclivis
477 2109 532 2172 pcr
554 2098 637 2153 muta
659 2090 776 2152 silentia
798 2099 927 2175 hamas,

172 2178 316 2261 Arduus,
338 2178 485 2242 obscurus
497 2179 653 2261 ,caligine
676 2179 787 2241 densus
809 2197 916 2261 upaca

116 2279 157 2332 ts
172 2266 238 2331 Nec
259 2268 364 2349 procul
387 2269 527 2332 afuerunt
549 2268 665 2330 telluris
686 2270 819 2348 margine
842 2284 993 2331 summaer

173 2355 255 2439 llic,
276 2374 315 2419 us
338 2355 504 2434 deiiceret,
525 2346 665 2418 metuens
677 2352 873 2439 ,avidusque
895 2355 1033 2438 videndi,

173 2445 271 2508 Fluxit
292 2462 394 2508 amaus
416 2444 542 2508 uculus·
564 2453 596 2507 et
616 2446 755 2526 protinus
777 2444 827 2507 illa
848 2444 964 2524 relapsa
986 2453 1050 2526 est,

174 2532 376 2615 Bracchiaque
398 2532 557 2596 intendens
579 2533 746 2615 prendique
773 2542 805 2603 ct
826 2533 975 2615 prendere
998 2539 1099 2596 cartus

174 2621 224 2684 Nil
245 2624 305 2685 nisi
327 2623 468 2686 cedentes
489 2622 594 2692 infelix
616 2625 723 2703 arripit
745 2640 851 2685 auras.

118 2711 296 2792 solamque
317 2713 430 2774 lterum
451 2713 583 2773 moriens
605 2729 667 2773 uun
682 2719 729 2775 cst
745 2710 783 2772 de
801 2713 926 2792 coniuge
941 2713 1100 2792 quicquam

175 2799 288 2872 Questa
310 2817 388 2862 sue:
411 2799 483 2881 quid
506 2802 587 2863 enim
609 2801 669 2861 nisi
692 2817 725 2861 se
747 2808 926 2879 quereretur
948 2794 1101 2862 amatam?

175 2887 415 2968 Supremumque
438 2887 524 2970 sale,
546 2887 627 2969 quud
649 2890 708 2949 iam
729 2888 778 2949 vix
795 2886 918 2950 auribus
940 2887 990 2949 ille

173 2977 354 3059 Acciperet,
376 2977 451 3038 dixit
463 2976 689 3059 ,revolutaque
712 2994 819 3038 rursus
841 2974 947 3038 eodem
970 2985 1033 3038 est

173 3064 241 3127 Non
264 3064 350 3128 aliter
372 3067 489 3146 stupuit
510 3067 627 3145 gemina
649 3082 724 3127 neec
746 3067 881 3145 coniugis
904 3063 1061 3146 Orpheus,

120 3164 161 3216 su
176 3153 272 3226 Quam
293 3155 353 3216 tria
362 3156 427 3242 qul
448 3153 594 3236 timidus,
615 3154 714 3215 medio
736 3161 875 3234 portante
898 3161 1034 3235 catenas,

173 3241 257 3304 Cella
278 3244 362 3305 canis
382 3242 479 3325 vidit3
503 3259 592 3323 quem
613 3260 676 3303 nun
697 3260 789 3321 pavor
811 3249 880 3304 ante
903 3240 1043 3323 reliquit,

174 3329 270 3402 Quam
287 3338 394 3393 natura
411 3332 519 3413 prior,
540 3348 610 3392 saxu
627 3348 683 3411 per
702 3348 811 3411 corpus
830 3329 954 3392 oborto:
994 3340 1018 3384 t
1032 3339 1100 3384 cxlv

174 3418 293 3500 Quique
315 3421 348 3481 in
370 3436 404 3480 se
426 3420 541 3481 crimen
563 3420 655 3481 traxit
676 3418 828 3498 voluitque
850 3416 946 3480 videri

173 3506 285 3570 Olenus
308 3526 376 3570 csse
398 3524 532 3588 nuceas,
554 3515 671 3589 tuque,
693 3524 712 3567 u
735 3506 845 3568 confisa
867 3506 998 3589 figurae,

123 3606 161 3660 tu
173 3594 281 3659 luicllx
302 3594 454 3678 hethaea,
476 3602 569 3678 tuae,
591 3596 779 3658 iunctissima
800 3594 950 3675 quendam
