2467 4042
441 232 462 284 L
483 234 631 286 ltu-248.
977 228 1043 295 219

124 397 294 478 Quaerere,
313 404 348 457 ut
366 395 541 475 absumant,
560 393 716 474 absumpta
738 398 892 474 requirere
911 403 1042 476 certant,

168 487 265 565 Atque
288 487 370 563 ipsae
393 485 471 544 vitiis
495 492 565 545 sunt
587 482 726 544 alimenta
748 485 844 546 vices.

57 586 109 636 215
125 574 175 635 Sic
199 573 308 654 quibus
331 573 474 633 intumuit
497 573 608 633 suffusa
631 579 736 633 venter
759 571 795 632 ab
818 572 914 652 unda,

168 661 233 733 Quo
256 661 323 740 plus
346 668 417 722 sunt
438 666 546 741 potae,
568 659 636 739 plus
659 661 802 721 sitiuntur
824 677 935 739 aquae.

124 751 158 812 ln
182 753 278 829 pretio
300 751 430 830 pretium
452 766 532 808 nunc
556 756 620 808 est:
652 747 702 809 dat
725 766 833 809 census
856 748 1004 830 bonores,

171 839 286 899 Census
309 838 476 917 amicitias3
497 854 611 916 pauper
635 835 746 916 ubique
769 839 862 898 iacet.

124 927 170 987 Tu
194 934 292 988 tamen
316 927 480 1005 auspicium
504 928 530 985 si
553 926 592 985 sit
607 926 701 1003 ¹stipis
725 924 817 1007 utile,
841 926 978 1008 quaeris,

55 1028 110 1078 220
168 1014 288 1093 Corque
311 1016 414 1075 iuvent
435 1021 550 1074 vestras
572 1030 642 1073 aera
663 1019 779 1074 vetusta
802 1010 934 1074 manus?

123 1104 199 1165 Aera
222 1102 330 1164 dabant
353 1101 444 1163 olim.
486 1100 592 1161 melius
616 1119 696 1162 nunc
719 1119 807 1162 omen
830 1104 861 1162 in
885 1120 956 1164 auro
981 1110 1044 1182 est,

167 1190 309 1270 Victaque
334 1192 482 1251 concessit
504 1192 603 1269 prisca
626 1197 745 1263 moneta
767 1208 877 1251 novae.

124 1279 184 1340 llos
208 1297 327 1358 quoque
351 1278 460 1357 templa
482 1279 585 1339 iuvant
597 1325 606 1360 ,
630 1280 764 1358 quamvis
787 1282 907 1358 antiqua

673 1365 850 1446 probemus,

168 1455 285 1515 Aurea:
321 1455 458 1513 maiestas
481 1454 621 1513 convenit
643 1455 699 1513 ista
722 1453 795 1515 deo.

55 1555 110 1605 225
124 1542 291 1603 Laudamus
313 1550 453 1621 veteres,
476 1539 528 1600 sed
552 1542 664 1600 nostris
687 1543 799 1602 utimur
822 1543 925 1603 annis:

168 1631 232 1691 blus
254 1637 354 1690 tamen
378 1636 423 1691 est
446 1646 539 1707 aeque
563 1627 670 1707 dignus
694 1635 819 1708 uterque
843 1626 933 1692 culi.'

124 1720 257 1780 Finierat
279 1719 431 1779 monitus.
472 1716 595 1796 placidis
618 1718 660 1778 ita
682 1735 810 1798 rursus,
833 1725 868 1779 ut
890 1726 977 1800 ante,

169 1806 354 1886 Clavigorum
377 1805 475 1866 verbis
498 1804 641 1884 adloquor
663 1808 727 1886 ipse
751 1805 858 1868 deum:

125 1892 231 1956 ‘Multa
255 1895 374 1974 quidem
397 1893 510 1955 didici:
542 1893 594 1954 sed
618 1912 673 1955 our
696 1894 806 1955 navalis
828 1898 860 1955 in
883 1912 950 1955 aere

58 1997 111 2047 230
170 1983 270 2044 Altera
292 1986 405 2062 signata
428 1990 474 2042 est
486 2028 495 2062 ,
518 1981 610 2043 altera
632 1983 727 2043 lorma
749 1979 893 2063 biceps?

125 2069 270 2133 ‘Nascere
294 2090 341 2132 me
365 2069 478 2151 duplici
499 2088 603 2151 posses
626 2079 660 2132 ut
682 2073 809 2149 imagine
823 2067 849 2153 ,'
873 2071 946 2132 dixit

170 2157 222 2220 ‘Ni
246 2167 331 2220 vetus
353 2162 418 2239 ipsa
441 2158 504 2220 dies
528 2166 717 2220 extenuasset
740 2177 832 2239 opus.

125 2249 219 2311 Causa
241 2251 314 2310 ratis
337 2255 492 2326 superest:
525 2246 657 2308 Tuscum
684 2255 747 2308 rate
770 2250 905 2309 venitin
929 2265 1044 2309 amnem

170 2337 245 2397 Ante
268 2343 423 2416 pererrato
446 2334 560 2396 falcifer
583 2335 655 2396 orbe
678 2336 769 2398 deus.

61 2438 113 2489 235
127 2424 189 2486 llac
212 2442 267 2504 ego
291 2423 452 2484 Saturnum
474 2425 596 2484 memini
618 2423 725 2485 tellure
748 2433 920 2505 receptum:

172 2512 333 2573 Caelitibus
356 2513 457 2591 regnis
479 2530 496 2572 a
517 2511 586 2572 love
609 2511 714 2590 pulsus
737 2520 818 2575 erat.
894 2509 898 2515 ’

126 2601 198 2662 lude
222 2600 273 2661 diu
297 2603 378 2680 genti
400 2602 509 2662 mansit
531 2599 670 2661 Saturnia
692 2619 819 2682 nomen,

169 2690 253 2750 Dicta
275 2707 395 2772 quoque
418 2698 464 2750 est
485 2687 602 2749 Latium
625 2696 727 2770 terra,
749 2689 859 2751 latente
882 2690 954 2752 deo.

125 2778 262 2839 Athona
285 2780 444 2858 posteritas
466 2796 597 2858 puppem
620 2778 757 2840 formavit
779 2780 810 2839 in
833 2796 919 2860 aere,

59 2879 111 2930 240
169 2867 302 2946 Hospitis
325 2865 483 2928 adventum
506 2866 661 2927 testificata
684 2867 750 2929 dei.

124 2956 191 3035 lpse
215 2956 310 3016 solum
334 2954 413 3016 colui
425 3004 434 3035 ,
458 2957 544 3016 cuius
566 2954 765 3033 placidissima
787 2955 902 3016 laevum

171 3041 257 3103 Radit
280 3043 419 3103 harenosi
441 3042 599 3123 Thybridis
623 3043 701 3104 unda
724 3042 818 3105 latus.

125 3130 202 3210 llic,
225 3128 277 3190 ubi
300 3148 380 3190 nunc
402 3129 496 3190 Roma
518 3138 564 3190 est
576 3178 586 3211 ,
608 3131 752 3192 incaedua
775 3129 847 3191 silva
870 3128 999 3209 virebat,

170 3217 322 3295 Tantaque
345 3235 395 3278 res
417 3219 520 3295 paucis
542 3235 653 3297 pascua
675 3216 773 3278 bubus
796 3224 876 3278 erat.

61 3318 112 3368 tto
126 3307 185 3367 Arx
208 3323 274 3366 mea
297 3303 380 3365 collis
403 3312 469 3365 erat
491 3303 611 3386 volsus,
635 3324 723 3384 quem
747 3308 865 3366 nomine
888 3313 991 3367 nostro

170 3394 330 3474 Nuncupat
352 3393 425 3454 haec
448 3400 545 3474 aetas,
568 3393 791 3474 laniculumque
815 3403 915 3455 vocat.

125 3482 210 3545 Tunc
233 3500 288 3562 ego
311 3481 491 3562 regnabam,
514 3484 630 3562 patiens
653 3500 722 3543 cum
744 3490 825 3544 terra
847 3481 970 3543 deorum

170 3571 279 3653 Esset,
302 3580 332 3633 et
354 3570 491 3633 humanis
514 3573 637 3633 numina
658 3573 748 3633 mixta
771 3571 862 3633 locis.
