2467 4042
464 290 507 353 69
518 324 556 348 -.
570 288 641 351 144.

124 446 160 507 Si
172 453 275 507 101000
288 441 394 505 auxilii
410 442 566 519 perierunt
579 449 718 518 tempora
731 441 830 517 primi,

166 530 203 589 Et
217 534 309 589 vetus
323 526 356 587 in
370 535 460 602 capto
475 534 600 601 pectore
616 527 698 587 sedit
710 541 804 601 amor,

122 614 223 674 Maius
241 627 323 688 opus
339 618 490 686 superest.
513 611 661 684 sednon,
684 611 756 686 quin
771 609 870 670 serior
884 625 977 685 aegro

55 710 109 765 110
163 698 327 767 Advocor,
350 695 400 754 ille
414 694 487 754 mihi
502 693 715 755 destituendus
730 694 794 754 erit.

123 781 220 855 Quam
235 782 341 840 laesus
355 779 454 839 iuerat
467 785 584 854 partem
599 779 763 840 Poeantius
778 778 881 849 beros,

165 865 273 924 Altera
287 862 437 924 debuerat
451 863 668 939 praesecuisse
682 877 801 923 manus.

120 948 196 1009 Post
209 954 311 1007 tamen
326 947 377 1007 hic
390 947 503 1008 multos
518 954 645 1008 sanatus
660 947 792 1009 creditur
806 962 904 1007 annos

165 1031 349 1108 Supremam
363 1030 452 1091 bellis
467 1031 656 1106 imposuisse
669 1046 801 1091 manum.

56 1117 176 1191 11st
190 1115 285 1177 modo
301 1115 459 1175 nascentis
474 1115 679 1191 properabam
696 1116 810 1190 pellere
826 1112 960 1186 morbos,

162 1200 329 1259 Admoveo
345 1199 463 1258 tardam
477 1214 558 1259 nnnc
572 1214 697 1274 quoque
711 1199 811 1259 lentus
827 1214 927 1274 opem.

119 1286 183 1346 Aut
199 1298 298 1355 0000,
323 1282 350 1342 01
367 1283 486 1359 000010,
508 1284 619 1344 sedare
634 1282 776 1343 10000010
789 1288 928 1358 temptes,

162 1374 227 1429 Aut
240 1366 294 1427 ubi
309 1382 366 1442 per
380 1367 462 1427 vires
476 1367 670 1443 procubuere
685 1383 769 1427 suas.

122 1452 199 1513 Cum
213 1451 299 1512 luror
313 1450 344 1510 in
359 1466 451 1511 cursu
466 1457 526 1525 est,
551 1451 683 1511 currenti
698 1452 774 1510 cede
789 1450 893 1511 furori.

57 1547 109 1599 100
161 1536 312 1597 Difficiles
327 1534 429 1595 aditus
443 1535 574 1610 impetus
590 1534 689 1594 omnis
703 1534 804 1594 habet.

121 1620 256 1692 Stultus,
279 1617 319 1677 ab
336 1618 436 1679 oblico
453 1618 506 1693 qui
523 1635 593 1679 oum
607 1618 799 1680 descendere
816 1618 924 1694 possit,

160 1704 282 1778 Pugnat
293 1702 326 1761 in
341 1702 493 1763 adversas
509 1702 553 1761 ire
568 1708 689 1762 natator
702 1718 811 1777 aquas.

119 1788 287 1864 ImpatIens
303 1785 439 1858 animus,
464 1801 522 1847 nec
536 1785 638 1846 adhuc
651 1786 817 1846 0001001110
832 1793 906 1859 arte,

161 1870 294 1947 Respuit
311 1877 402 1945 atque
418 1870 491 1931 odio
507 1870 601 1931 verba
617 1870 771 1930 monentis
784 1869 886 1931 babet.

57 1966 106 2019 115
116 1956 293 2031 Adgrediar
307 1952 415 2014 melius
429 1961 506 2029 tum,
528 1968 597 2013 cum
612 1971 670 2014 sua
685 1955 811 2014 vulnera
824 1954 907 2030 tangi

161 2040 228 2100 Iam
242 2038 338 2112 sinet,
360 2044 392 2098 et
405 2038 488 2099 veris
503 2036 631 2098 vocibus
646 2046 737 2114 aptus
755 2039 820 2098 erit.

121 2123 196 2198 Quis
210 2129 354 2196 matrem,
376 2122 436 2183 nisi
449 2122 559 2183 mentis
574 2123 681 2198 inops,
702 2122 734 2181 in
749 2123 855 2182 lunare
871 2122 932 2181 nati

161 2206 252 2266 Flere
265 2211 369 2266 vetet?
401 2206 469 2266 Non
483 2206 543 2267 hoc
556 2206 609 2265 illa
622 2206 778 2266 monenda
791 2208 860 2267 loco
875 2212 931 2265 est.

119 2290 196 2352 Cum
215 2289 336 2351 dederit
356 2290 512 2363 lacrimas,
535 2290 731 2366 animumque
746 2289 916 2366 impleverit
931 2305 1065 2365 aegrum,

57 2384 109 2440 rao
159 2375 216 2434 1110
231 2374 322 2435 dolor
336 2373 440 2434 verbis
454 2375 681 2435 emoderandus
696 2375 761 2436 erit.

118 2458 282 2534 Temporis
297 2474 350 2518 ars
364 2457 515 2518 medicina
531 2460 595 2519 lere
611 2466 667 2519 001.
690 2459 761 2518 data
775 2465 913 2534 tempore
928 2464 1064 2534 prosunt

165 2543 203 2602 Et
215 2542 288 2603 data
301 2557 364 2601 non
379 2549 451 2617 0010
466 2549 605 2617 tempore
618 2544 688 2602 0100
703 2551 824 2604 nocent.

120 2626 200 2701 Quin
214 2626 305 2686 etiam
319 2626 472 2687 accendas
487 2626 562 2687 vitia
575 2626 745 2703 inritesque
759 2628 902 2702 vetando,

161 2709 366 2785 Temporibus
381 2710 408 2770 si
423 2726 484 2770 000
499 2709 681 2786 adgrediare
695 2712 770 2771 suis.
910 2770 912 2774 ,

58 2804 106 2858 teo
117 2795 201 2868 Ergo
216 2792 269 2854 ubi
285 2792 372 2853 visus
387 2793 449 2855 eris
464 2801 590 2855 nostrae
607 2794 797 2855 medicabilis
812 2802 877 2869 arti,

162 2877 226 2938 100
240 2876 363 2937 monitis
379 2878 478 2953 fugias
494 2878 556 2938 otia
570 2878 667 2953 prima
681 2879 767 2939 meis.

118 2963 221 3035 Haec,
240 2967 275 3022 01
290 2976 390 3034 ames,
414 2961 537 3023 iaciunt.
560 2962 638 3022 haec
653 2964 735 3038 quod
751 2964 867 3037 lacere,
887 2968 1021 3024 tuantur·

164 3045 249 3104 11000
262 3051 335 3106 0001
348 3045 471 3106 1000001
489 3061 585 3106 00000
600 3046 750 3123 abusque
761 3048 844 3107 mali.

121 3127 190 3191 Otia
205 3128 233 3188 si
247 3128 352 3204 101100,
372 3131 492 3205 periere
507 3129 665 3205 Cupidinis
680 3146 779 3206 arcus,

63 3221 108 3276 110
163 3212 404 3287 Contemtaeque
418 3213 517 3275 iacent
531 3221 563 3274 et
576 3214 644 3274 sine
658 3215 727 3275 1000
744 3217 840 3276 10000.

120 3297 218 3372 Quam
234 3298 378 3371 platanus
394 3297 464 3359 vino
480 3298 609 3373 gaudet,
633 3315 724 3374 quam
738 3301 872 3376 populus
886 3298 978 3372 unda,

163 3380 201 3440 Et
216 3395 309 3457 quam
323 3380 436 3442 limosa
450 3396 549 3442 canna
564 3383 709 3457 palustris
724 3384 825 3456 burno,

119 3464 193 3525 Tam
207 3464 315 3525 Venus
330 3464 393 3525 otia
407 3473 497 3526 amat
533 3465 590 3540 Qui
605 3465 696 3527 linem
712 3467 835 3542 quaeris
850 3472 994 3542 amoris..

164 3547 251 3608 Cedit
264 3564 351 3610 amor
363 3548 477 3610 rebus..
493 3565 544 3610 res
559 3564 631 3626 age,
655 3557 737 3611 10100
751 3551 823 3612 eris.
