2467 4042
354 237 485 304 202
699 254 963 292 mmm
1183 233 1539 295 usim.

531 403 670 465 Flos
715 401 894 464 habet
935 403 1293 482 inscriptum
1318 448 1337 484 ,
1381 402 1735 482 funestaque
1778 402 1978 465 littera
2025 404 2215 466 dueta
2258 417 2384 468 est.

531 491 656 553 Nec
701 493 975 572 genuisse
1019 490 1206 571 pudet
1251 489 1504 570 Sparten
1547 490 1919 571 Hyacinthon
1944 539 1963 574 ,
2009 492 2331 574 honorque

534 580 720 642 Durat
762 581 825 641 in
869 579 986 641 hoc
1030 581 1162 640 aevi
1178 626 1198 659 ,
1244 577 1713 659 celebrandaque
1756 597 1926 641 more
1967 583 2251 660 priorum

532 669 741 731 Annua
783 666 1044 748 praelata
1087 666 1344 729 redeunt
1386 654 1735 747 Hyacinthia
1776 686 1992 748 pompa
2013 716 2028 730 .

403 769 506 820 220
620 757 697 818 At
740 758 792 817 si
835 756 990 817 forte
1034 773 1211 836 roges
1257 754 1573 816 fecundam
1614 755 1970 819 Amathunta
2016 758 2274 820 metallis
2290 807 2310 840 ,

533 846 623 907 An
668 846 946 925 genuisse
965 861 972 868 ·
988 844 1131 906 velit
1173 843 1561 923 Propoetidas
1584 890 1605 927 ‚
1649 843 1871 907 abnuet
1911 862 2104 925 aeque

534 935 724 1013 Atque
769 933 902 994 illos
928 981 947 1017 ,
988 933 1227 1013 genuno
1275 932 1573 1011 quondam
1617 932 1833 1012 quibus
1870 950 2090 1013 aspera
2134 954 2321 997 cornu

533 1021 724 1085 Frons
767 1029 939 1098 erat3
983 1021 1142 1083 inde
1181 1022 1367 1082 etiam
1411 1039 1631 1082 nomen
1674 1028 1909 1083 traxere
1949 1022 2240 1085 Cerastae
2260 1071 2274 1085 .

537 1112 688 1173 Ante
734 1110 895 1172 fores
939 1109 1156 1171 horum
1200 1108 1397 1171 stabat
1439 1108 1595 1170 Iovis
1637 1107 1902 1190 Hospitis
1940 1129 2043 1172 ara
2058 1159 2079 1194 ,

403 1211 505 1261 22⁶
533 1199 797 1279 Ingluvie
843 1196 1086 1260 sceleris
1114 1244 1130 1259 .
1185 1215 1363 1277 quam
1408 1199 1595 1278 siquis
1639 1201 1951 1278 sanguine·
1970 1201 2225 1262 tinctam

534 1288 772 1349 Advena
814 1287 1060 1348 vidisset
1080 1333 1101 1368 ‚
1145 1293 1434 1348 mactatos
1478 1285 1753 1348 crederet
1794 1287 1917 1348 illic

534 1375 846 1437 Laetantes
889 1374 1105 1436 vitulos
1149 1374 1706 1455 Amathusiacasque
1751 1374 2025 1437 bidentes
2042 1423 2059 1438 .

533 1463 765 1545 Hospes
811 1470 939 1526 erat
983 1480 1192 1524 caesus
1227 1510 1242 1524 .
1299 1465 1485 1524 sacris
1530 1464 1753 1524 offensa
1797 1463 2069 1525 nefandis
2086 1511 2106 1547 ,

534 1552 668 1632 Ipsa
714 1569 852 1614 suas
895 1551 1079 1614 urbes
1125 1550 1528 1631 Ophiusiaque
1574 1569 1711 1614 arva
1752 1551 2001 1632 parabat

404 1653 507 1704 280
536 1641 826 1702 Deserere
871 1640 1022 1702 alma
1066 1639 1266 1701 Venus
1295 1686 1310 1701 .
1367 1635 1518 1700 “sed
1563 1639 1707 1718 quid
1751 1640 1882 1701 loca
1926 1648 2097 1720 grata
2119 1688 2139 1722 ,
2186 1643 2325 1721 quid

2200 1730 2376 1800 urbes

536 1819 868 1881 Peccavere
914 1835 1081 1880 meae
1107 1813 1144 1879 ⁸?
1185 1817 1348 1897 quod
1396 1812 1646 1879 crimen’
1693 1817 1840 1878 dixit
1886 1813 1973 1878 ‘in
2015 1817 2137 1880 illis
2152 1814 2191 1880 ⁴?

534 1907 725 1969 Exilio
770 1924 1023 1989 poenam
1065 1907 1268 1987 potius
1313 1923 1460 1985 gens
1504 1908 1683 1986 impia
1726 1906 1947 1985 pendat
1962 1953 1982 1988 ‚

536 1994 641 2057 Vel
684 2013 832 2057 nece
858 2043 877 2078 ,
920 1994 1015 2057 vel
1060 1994 1256 2073 siquid
1300 1995 1561 2056 medium
1605 1996 1934 2074 mortisque
1980 1996 2278 2076 fugaeque
2297 2043 2311 2057 .

535 2083 720 2164 quue
750 2083 892 2164 quid
921 2101 1054 2144 esse
1080 2090 1315 2165 potest,
1340 2085 1458 2143 nisi
1475 2100 1679 2144 versae
1698 2101 1889 2163 poena
1905 2083 2134 2163 figurae
2148 2079 2284 2145 Y’ae.
2301 2096 2374 2138 ou.

405 2185 509 2235 235
537 2172 691 2234 Dum
736 2171 969 2234 dubitat
992 2219 1012 2252 ,
1054 2189 1175 2251 quo
1219 2178 1415 2232 mutet
1457 2188 1561 2232 eos
1586 2217 1605 2254 ‚
1648 2170 1722 2232 ad
1769 2188 1995 2233 cornua
2036 2173 2271 2235 vultum

532 2261 729 2324 Flexit
759 2308 780 2343 ‚
824 2269 887 2322 et
931 2261 1228 2322 admonita
1274 2266 1368 2321 est
1406 2258 1556 2320 haec
1598 2259 1716 2322 iliis
1757 2276 1935 2347 posse
1981 2260 2278 2341 relinqui:

539 2349 913 2430 Grandiaque
954 2351 1021 2410 in
1064 2357 1268 2410 torvos
1310 2349 1695 2409 transfumat
1745 2347 2014 2409 membra
2063 2351 2372 2412 iuvencos.

629 2437 785 2499 Sunt
834 2446 1035 2499 tamen
1089 2435 1382 2499 obscenae
1427 2434 1721 2498 Venerem
1763 2435 2155 2518 Propoetides
2207 2456 2372 2501 ausae

538 2526 688 2588 Esse
733 2544 953 2606 negare
998 2525 1170 2587 deam
1197 2572 1213 2587 .
1267 2542 1379 2606 pro
1426 2543 1544 2604 quo
1590 2543 1699 2586 sua
1722 2571 1742 2604 ,
1785 2527 2047 2587 numinis
2092 2529 2219 2609 ira,

408 2626 512 2678 240
541 2615 804 2695 Corpora
849 2633 987 2677 cum
1029 2615 1221 2675 forma
1264 2615 1491 2693 primae
1533 2613 1805 2694 vulgasse
1850 2614 2165 2694 feruntur:

541 2703 737 2782 thue
781 2702 978 2784 pudor
1024 2705 1240 2783 cessit,
1284 2703 1645 2781 sanguisque
1688 2701 1961 2764 induruit
2003 2705 2166 2786 oris,

545 2794 609 2854 lu
657 2791 911 2872 rigidum
954 2808 1137 2872 parvo
1182 2791 1411 2853 silicem
1456 2790 1797 2852 discrimine
1838 2809 2050 2852 versae
2068 2839 2082 2854 .
2219 2806 2258 2847 r.
2275 2806 2367 2848 αι.

633 2880 791 2952 Quas
832 2883 975 2960 quia
1017 2879 1360 2960 Pygmalion
1405 2897 1615 2940 aevum
1658 2897 1768 2959 per
1813 2881 2042 2940 crimen
2087 2890 2320 2961 agentes

545 2970 782 3030 viderat
804 3016 823 3052 ,
867 2970 1131 3030 offensus
1174 2970 1334 3029 vitiis
1356 3014 1377 3049 ‚
1423 2984 1575 3047 quae
1618 2967 1874 3048 plurima
1915 2972 2105 3030 menti

417 3070 513 3118 245
549 3058 857 3119 Femineae
903 3066 1117 3119 natura
1162 3056 1329 3118 dedit
1350 3104 1370 3138 ,
1416 3058 1545 3117 sine
1592 3058 1843 3136 coniuge
1888 3055 2121 3120 caelebs

549 3145 787 3207 vivebat
810 3193 830 3228 ‚
873 3145 1233 3224 thalann'que
1280 3144 1383 3205 diu
1423 3153 1710 3206 *consorte
1752 3143 1991 3207 carebat
2009 3191 2024 3207 .

549 3238 776 3296 [nterea
820 3235 1060 3295 niveum
1103 3235 1255 3294 mira
1298 3233 1553 3295 feliciter
1597 3241 1723 3294 arte

549 3322 809 3402 Seulpsit
854 3320 1004 3383 ebur
1028 3368 1048 3403 ‚
1091 3321 1462 3401 formamque
1505 3320 1671 3383 dedit
1692 3369 1713 3404 ‚
1758 3340 1875 3402 qua
1915 3323 2138 3389 femina
2182 3325 2329 3386 nasci

549 3409 714 3470 Nulla
759 3417 999 3488 potest:
1045 3411 1363 3489 operisque
1409 3411 1505 3470 sui
1549 3413 1825 3491 eoneepit
1869 3427 2134 3473 amorem
2152 3459 2167 3475 .

417 3506 517 3554 25⁴2]
553 3498 801 3573 virginis
848 3503 942 3557 est
983 3513 1157 3557 verae
1203 3498 1385 3558 facies
1410 3545 1431 3578 ,
1476 3515 1651 3576 quam
1696 3501 1894 3560 vivere
1940 3499 2186 3584 credas,

549 3582 621 3642 Et
645 3626 663 3662 ‚
708 3583 762 3642 si
805 3599 926 3643 non
973 3580 1171 3644 obstet
1214 3587 1551 3646 reverentia
1573 3631 1595 3668 ,
1639 3585 1790 3649 vesse
1834 3589 2100 3650 moveri:
