2467 4042
189 268 254 334 224
554 267 694 330 ARTIS
715 268 855 330 ΑΜΑΤ.

274 423 380 484 Ponite
395 422 454 483 iam
469 420 590 498 gladios
604 421 749 482 hebetes·
762 427 915 497 pugnetur
928 417 1038 484 acutis.

210 516 262 571 500
314 506 378 567 1155
393 504 513 579 dubito,
535 505 604 566 telis
621 505 694 582 quin
709 512 796 581 petar
810 507 879 581 ipse
893 504 981 566 meis.

274 591 351 651 Dum
367 590 449 650 cadit
462 589 492 648 in
507 589 637 663 laqueos
652 596 762 665 coptus
779 605 905 665 quoque
920 605 1020 663 nuper
1033 598 1169 669 amator,

316 673 424 735 Solum
437 687 473 733 se
486 672 639 733 thalamos
653 681 759 748 speret
771 673 885 734 habere
899 679 981 733 tuos.

273 757 439 819 Postmodo
455 756 581 816 rivalem
596 756 768 832 partitaque
782 756 910 819 foedera
925 757 995 817 15511

316 841 442 902 Sentiat.
476 841 540 901 llas
555 847 636 902 artes
652 841 741 915 tolle,
762 840 896 903 senescit
911 854 1006 901 amor.

211 925 442 990 505Τ55111555
457 924 543 984 tortis
559 939 658 1001 equus
672 932 810 986 reserato
827 940 952 986 carcere
966 927 1068 1000 currit,

315 1009 389 1069 cnm
405 1023 484 1083 quos
499 1016 685 1084 praetereat,
705 1023 849 1085 quosque
863 1015 1023 1084 sequatur,
1048 1010 1157 1074 habet.

274 1092 442 1167 Quamlibet
458 1091 610 1154 extinctos
624 1093 735 1153 iniuria
749 1091 878 1153 suscitat
890 1092 987 1165 ignes.

315 1176 377 1249 En,
399 1191 491 1251 ego...
508 1176 693 1237 5551115551..
715 1193 778 1237 555
793 1176 852 1237 5151
866 1178 970 1238 laesus
985 1192 1067 1237 amo.

275 1261 374 1320 Causa
388 1266 488 1321 tamen
503 1258 629 1320 nimium
641 1276 704 1320 555
721 1260 761 1321 511
775 1260 934 1321 manifesta
949 1261 1077 1334 doloris,

209 1352 261 1408 500
314 1344 465 1418 Pluraque
478 1343 644 1420 sollicitus,
664 1359 757 1419 quam
771 1345 863 1417 sciet,
886 1358 958 1404 esse
971 1352 1068 1419 putet.

273 1427 379 1487 1551151
393 1434 423 1487 51
437 1426 498 1487 ficti
513 1428 608 1488 tristis
624 1427 765 1488 custodia
783 1428 875 1500 servi,

314 1511 353 1570 111
368 1510 493 1571 nimium
506 1511 575 1571 duri
590 1525 664 1572 cura
679 1511 812 1573 51515515
826 1510 893 1571 viri.

274 1595 357 1669 Quae
373 1593 458 1653 venit
474 1609 513 1653 ex
528 1601 607 1669 tuto,
629 1595 729 1656 minus
748 1601 796 1655 cst
810 1603 937 1670 accepta
950 1597 1113 1672 votopus=

314 1680 353 1740 Ut
367 1678 411 1737 sis
425 1676 550 1738 liberior
565 1677 696 1753 Thaide,
719 1679 801 1753 finge
814 1684 922 1738 metus.

208 1769 258 1825 505
271 1763 344 1823 Cum
360 1762 469 1822 melius
486 1760 602 1822 loribus
617 1763 739 1837 possis,
763 1762 888 1822 admitte
902 1762 1047 1839 fenestra,

313 1846 410 1921 Inque
424 1852 476 1905 too
491 1846 577 1906 vultu
593 1845 683 1921 signa
696 1845 828 1907 timentis
842 1845 931 1906 habe.

272 1930 387 1991 Callida
403 1928 557 2004 prosiliat,
579 1929 725 2005 dicatque
739 1929 849 1990 ancilla
864 1929 1041 2004 ‘perimust'

312 2015 355 2074 Tu
371 2012 514 2073 iuvenem
527 2013 679 2088 trepidum
695 2013 832 2089 quolibet
847 2012 928 2074 abde
943 2014 1025 2075 loco.

270 2097 481 2158 Admiscenda
495 2104 597 2157 tamen
611 2112 710 2158 venus
727 2104 776 2157 est
789 2112 901 2159 secura
916 2098 1024 2180 timori,

208 2190 260 2244 510
311 2180 355 2240 115
370 2181 443 2240 tanti
459 2188 566 2242 noctes
580 2196 642 2241 non
658 2188 745 2257 putet
758 2196 830 2242 esse
845 2188 922 2242 tuas.

272 2265 337 2339 Qua
354 2265 440 2324 vater
456 2263 538 2325 eludi
554 2265 655 2340 possit
668 2265 787 2326 ratione
802 2265 937 2337 maritus,

313 2347 440 2423 Quaque
453 2349 526 2424 vigil
542 2355 664 2424 custos,
684 2350 902 2425 praeteriturus
919 2364 1013 2409 eram.

270 2433 371 2506 Nupta
387 2431 485 2492 virum
502 2432 613 2493 timeat
636 2439 702 2493 rata
717 2434 756 2495 sit
770 2433 912 2494 custodia
925 2441 1048 2508 nuptae.

311 2516 377 2575 Hoc
392 2516 494 2590 dccet,
517 2516 577 2576 hoc
591 2517 676 2592 leges
692 2517 803 2592 iusque
818 2517 980 2593 pudorque
994 2515 1111 2581 iubent.

207 2608 259 2662 615
270 2602 312 2660 Te
327 2616 451 2674 quoque
466 2600 597 2674 servari,
617 2600 711 2662 modo
727 2618 818 2676 quam
834 2600 969 2662 vindicta
982 2601 1125 2677 redemit,

314 2683 386 2757 Quis
403 2685 501 2744 teratt
531 2684 572 2744 Ut
587 2684 689 2758 lallas,
712 2686 752 2746 ad
767 2701 835 2745 mea
852 2699 941 2745 sacra
957 2684 1041 2745 venit

269 2769 325 2828 Tot
339 2766 409 2828 licet
423 2768 624 2842 observent,..
648 2769 728 2829 adsit
740 2769 833 2830 modo
849 2776 932 2829 certa
946 2769 1125 2834 voluntas...

313 2851 390 2925 Quot
404 2851 524 2913 fuerant
537 2854 622 2927 Argo
637 2852 766 2928 lumina,
788 2853 885 2913 verba
897 2851 995 2914 dabis.

271 2934 393 2995 Scilicet
408 2934 541 2996 obstabit
554 2942 676 3009 custos,
699 2953 738 2998 55
753 2938 890 2998 scribere
904 2939 1018 3014 possis,

205 3027 258 3083 510
311 3018 486 3080 Sumendae
501 3019 589 3080 detur
603 3035 671 3080 cum
685 3019 736 3080 tibi
753 3028 875 3097 tempus
890 3029 1011 3096 aquaet

272 3103 400 3163 Conscia
417 3118 486 3163 eum
500 3103 599 3177 possit
616 3105 747 3180 scriptas
763 3112 886 3180 portare
901 3106 1037 3181 tabellas,

312 3186 393 3260 Quos
407 3193 491 3262 tegat
505 3188 534 3246 15
550 3188 656 3264 tepido
673 3188 770 3249 tuscia
783 3190 844 3251 1515
858 3190 950 3251 siout

270 3270 344 3330 Cum
359 3270 459 3345 possit
474 3286 547 3331 sura
563 3273 684 3333 chartas
699 3274 800 3334 celare
813 3274 932 3349 ligatas,

312 3354 349 3414 Et
365 3354 467 3414 vincto
481 3353 613 3416 blandas
629 3356 687 3416 sub
704 3358 784 3431 pede
800 3358 1005 3419 1555551551

205 3444 257 3500 555
269 3435 390 3497 caverit
404 3438 481 3499 haee
496 3444 615 3515 custos,
638 3454 696 3515 pro
712 3435 816 3501 charta
830 3440 957 3503 conscia
969 3448 1087 3518 tergunt

311 3520 471 3595 Praebeat,
495 3519 587 3598 inque
602 3539 659 3585 suo
675 3539 805 3601 corpore
819 3525 914 3587 verba
927 3526 1013 3586 ierat
