2467 4042
152 192 196 257 84
570 195 741 246 TRISTIUM

241 355 378 419 Viderisl
410 360 475 438 ipse
498 375 635 438 sacram,
658 360 790 438 quamvis
813 359 949 438 inrisus,
972 360 1008 420 ad
1031 378 1116 423 aram

240 445 436 525 confugiam:
458 444 553 507 nullas
576 453 743 508 summovet
765 464 814 506 ara
837 465 960 509 nunus.

191 634 226 685 45
240 621 391 702 Adloquor
414 640 451 682 en
472 620 579 683 absens
601 620 734 683 absentia
756 624 878 683 numina
900 622 1043 705 supplex,

241 711 273 771 Si
295 711 340 771 fas
363 717 410 771 est
432 709 544 770 bomini
567 727 636 770 eum
658 708 725 771 lore
748 728 837 790 posse
859 708 958 790 loqui.

240 797 360 859 Arbiter
382 799 523 878 imperii,
547 816 606 877 qno
630 806 745 859 certum
768 805 815 859 est
837 800 948 878 sospite
971 807 1099 862 cunctos

240 887 387 948 Ausoniae
410 903 513 946 euram
535 888 633 964 gentis
656 885 765 947 babere
788 886 877 967 deos,

241 974 266 1036 0
289 974 404 1055 decus,
427 991 445 1033 o
468 974 581 1053 patriae
602 991 658 1054 per
680 982 711 1035 te
733 974 868 1035 florentis
890 976 1004 1054 imago,

193 1062 267 1125 500
289 1064 335 1123 vir
357 1079 418 1122 nou
440 1063 505 1141 ipso
520 1103 533 1142 ,
552 1080 641 1141 quem
664 1064 767 1143 regis,
790 1061 862 1123 orbe
886 1063 983 1123 minor
1004 1093 1051 1108 -

243 1151 292 1212 Sic
315 1148 431 1211 habites
453 1158 549 1210 terras
572 1158 604 1211 et
625 1157 655 1211 te
678 1150 829 1211 desideret
851 1150 971 1232 aether,

242 1238 292 1301 Sic
315 1237 351 1300 ad
373 1245 458 1319 pacta
481 1237 536 1299 tibi
559 1236 656 1299 sidera
679 1238 783 1299 tardus
806 1256 856 1299 eas
879 1270 922 1283 -

241 1327 357 1408 Parce,
379 1343 509 1407 precor,
532 1328 742 1406 minimamque
765 1334 818 1387 tuo
840 1325 878 1387 de
901 1325 1023 1388 fulmine
1045 1336 1165 1407 partem

242 1413 355 1476 Demel
389 1417 460 1476 satis
482 1431 595 1494 poenae
618 1415 697 1494 quod
721 1413 895 1497 superabit,
918 1417 992 1476 erit.

193 1515 228 1565 ta
241 1503 288 1564 lra
311 1501 431 1582 quidem
454 1502 605 1563 moderata
628 1511 679 1563 tua
702 1510 748 1563 est
760 1550 769 1584 ,
792 1505 941 1581 vitamque
964 1502 1091 1584 dedisti,

241 1592 303 1653 Nec
325 1591 399 1652 mibi
420 1592 468 1652 ius
491 1592 564 1652 civis
586 1608 643 1652 nec
666 1591 738 1651 mibi
760 1607 869 1651 nomen
892 1590 992 1672 abest,

241 1680 303 1741 Nec
325 1696 391 1740 mea
409 1697 551 1740 concessa
573 1686 620 1739 est
642 1679 706 1739 aliis
729 1680 870 1754 fortuna,
893 1696 948 1739 nec
972 1679 1039 1740 exul

242 1767 340 1830 Edicti
361 1766 460 1829 verbis
483 1768 629 1839 nominor,
644 1768 708 1845 ipse
731 1768 792 1828 tui.

242 1855 406 1935 Omniaque
429 1854 502 1916 haec
525 1857 633 1936 timui,
656 1857 724 1933 quia
747 1872 794 1915 me
817 1856 963 1916 meruisse
986 1852 1146 1938 videbam,

195 1957 229 2006 oo
244 1944 303 2005 Sed
326 1952 376 2004 tua
400 1951 521 2022 peccato
544 1942 640 2003 lenior
663 1945 707 2004 ira
729 1960 795 2003 meo
819 1950 873 2005 est.

242 2033 320 2093 Arva
342 2031 505 2110 relegatum
527 2033 642 2092 iussisti
663 2033 760 2092 visere
782 2029 887 2113 Ponti,

242 2120 282 2181 Et
304 2118 475 2199 Scytbicum
497 2120 623 2199 profuga
646 2119 782 2180 scindere
804 2136 904 2199 puppe
927 2120 1053 2181 fretum.

243 2209 346 2270 lussus
369 2207 405 2269 ad
426 2206 536 2269 Euxini
558 2207 702 2268 deformia
723 2206 810 2268 litora
833 2211 901 2269 veni

243 2297 449 2377 Aequoris-
471 2295 543 2357 baec
565 2295 662 2374 gelido
685 2304 766 2356 terra
788 2294 844 2356 sub
867 2314 921 2356 axe
944 2297 1020 2357 iacet
1040 2328 1080 2339 -

197 2397 230 2448 oa
244 2385 306 2446 Nec
330 2402 376 2445 me
400 2393 459 2445 tam
482 2385 596 2446 cruciat
618 2400 780 2463 numquam
809 2386 874 2445 sine
897 2383 1006 2463 frigore
1029 2382 1173 2462 caelum,

170 2466 177 2471 ’
245 2471 395 2552 Glebaque
419 2475 536 2533 canenti
559 2488 678 2552 semper
700 2471 807 2533 obusta
829 2471 915 2554 gelu,

244 2561 409 2640 Nescioque
432 2569 479 2621 est
500 2563 581 2621 vocis
604 2558 684 2639 quod
707 2559 831 2621 barbara
853 2561 954 2638 lingua
976 2557 1125 2643 Latinae,

244 2649 414 2729 Graecaque
438 2648 517 2728 quod
541 2647 644 2709 Getico
667 2650 744 2709 victa
766 2648 894 2728 loquella
916 2666 988 2709 sono
1013 2656 1080 2729 est3

245 2739 339 2810 Quam
363 2734 442 2817 quod
465 2737 590 2798 finitimo
613 2738 730 2797 cinctus
752 2754 873 2816 premor
895 2734 1026 2815 undique
1050 2735 1178 2821 Marte,

197 2839 232 2890 'to
245 2825 360 2906 Vixque
382 2824 481 2886 brevis
504 2832 585 2886 tutos
607 2841 713 2886 murus
735 2824 773 2886 ab
796 2825 880 2886 hoste
903 2826 989 2885 facit.

245 2914 305 2975 Pax
328 2922 427 2975 tamen
450 2912 602 2973 interdum
625 2920 693 2994 est,
715 2914 796 2993 pacis
818 2912 925 2974 fiducia
948 2929 1142 2991 numquam.

247 3002 296 3063 Sic
318 3002 367 3063 hio
390 3018 470 3062 nuno
492 3003 606 3081 patitur
617 3047 628 3082 ,
650 3019 731 3062 nunc
754 3004 839 3062 timet
861 3018 942 3061 arma
963 3000 1069 3062 locus.

245 3089 322 3151 llinc
345 3108 401 3169 ego
424 3088 495 3150 dum
518 3097 639 3171 muter,
661 3089 708 3149 rel
731 3108 778 3151 me
801 3089 942 3150 Zanclaea
964 3087 1144 3169 Charybdis

247 3178 375 3240 Devoret
398 3184 487 3257 atque
510 3180 573 3239 suis
596 3178 632 3238 ad
657 3176 746 3258 Styga
769 3180 865 3239 mittat
888 3178 987 3257 aquis,

199 3278 233 3329 tu
247 3265 300 3327 Vel
323 3266 442 3346 rapidae
465 3266 591 3326 flammis
614 3284 685 3328 urar
706 3268 853 3346 patienter
875 3267 907 3327 in
929 3266 1062 3348 Aetnae,

247 3354 299 3414 Vel
322 3355 398 3416 freta
420 3353 559 3436 Leucadii
581 3356 683 3416 mittar
705 3357 737 3415 in
760 3354 817 3415 alta
840 3352 907 3415 dei.

240 3439 333 3511 'Quod
344 3444 479 3523 petimus,
493 3459 584 3522 poena
594 3450 651 3503 est.
671 3460 765 3521 neque
781 3444 858 3503 enim
871 3444 961 3503 miser
971 3459 1038 3503 esse
1054 3463 1186 3528 menso,

249 3526 308 3588 Sed
330 3547 438 3608 precor
450 3576 459 3611 ,
482 3538 516 3591 ut
538 3533 650 3610 possim
673 3533 767 3592 tutius
790 3549 856 3593 esse
879 3533 987 3593 miser.
