2467 4042
170 217 234 285 154
576 218 764 271 exrouro

301 382 418 464 Scripta
440 389 540 443 nmen
561 382 681 461 profugi
704 384 779 443 vatis
800 381 935 444 habenda
956 391 1068 463 putas.

257 470 378 533 Scilicet
399 472 526 549 ingeniis
548 469 647 549 aliqua
669 479 716 531 est
738 471 896 533 concordia
918 472 1048 553 iunctis,
1140 486 1181 538 (u)

208 572 243 624 oo
301 559 340 621 Et
362 567 461 620 servat
482 558 574 619 studii
596 557 717 619 foedera
739 561 866 638 quisque
889 560 954 622 suit

256 648 398 711 Rusticus
420 646 600 728 agricolam,
624 646 708 707 miles
732 648 794 708 iera
816 647 892 708 bella
914 656 1095 732 gerentem,

266 753 268 760 ’
301 737 460 799 Rectorem
483 733 590 797 dubiae
612 736 709 795 navita
731 737 841 815 puppis
864 742 958 798 amat.

258 825 302 887 Tu
326 841 445 904 quoque
467 822 621 885 Pieridum
643 822 765 904 studio,
788 824 942 905 studiose,
964 828 1105 910 teneris,

301 911 482 992 ingenioque
505 911 607 992 laves,
629 914 805 993 ingeniose,
826 929 911 973 meo.

208 1012 243 1063 os
256 999 352 1063 Distat
374 1018 450 1079 opus
473 1007 632 1081 nostrum,
655 999 706 1060 sed
730 1000 863 1062 lontibus
886 1003 946 1062 exit
967 1001 1005 1062 ab
1026 1002 1151 1067 isdem:

300 1090 381 1150 Artis
404 1096 435 1150 et
456 1091 602 1167 ingenuae
625 1087 722 1149 cultor
745 1096 873 1169 uterque
895 1107 1016 1151 sumus.

258 1177 405 1258 [Thyrsus
428 1178 508 1238 enim
529 1175 637 1256 robis,
658 1184 772 1254 gestata
795 1186 842 1238 est
864 1178 965 1239 laurea
986 1178 1100 1244 nobis:

302 1265 360 1327 Sed
383 1273 481 1326 tamen
505 1262 649 1326 ambobus
671 1264 761 1327 debet
782 1267 882 1328 inesse
904 1265 1015 1344 calor]

256 1352 354 1434 thue
377 1356 452 1415 meis
474 1355 607 1414 numeris
630 1360 682 1414 tua
703 1352 754 1415 dat
776 1353 913 1416 facundia
935 1371 1063 1436 nervos,

209 1455 243 1505 ao
302 1442 351 1504 Sic
374 1444 456 1503 venit
478 1459 495 1502 a
517 1440 604 1502 nobis
626 1443 658 1502 in
680 1450 732 1502 tna
753 1441 844 1503 rerba
866 1444 963 1504 nitor.

256 1529 325 1592 lure
347 1532 440 1610 igitur
462 1530 561 1591 studio
584 1531 712 1590 confinia
734 1531 864 1591 carmina
886 1538 986 1592 vestro

300 1618 339 1680 Et
360 1618 525 1680 commilitii
548 1635 633 1679 sacra
656 1617 765 1679 tuenda
787 1627 891 1698 putas.

257 1705 315 1767 Pro
338 1705 448 1786 quibus
470 1715 505 1768 nt
527 1715 666 1789 maneat,
689 1705 726 1767 de
749 1723 809 1785 quo
832 1709 986 1787 censeris,
1009 1708 1152 1789 amicam,

301 1795 480 1874 Compreeor
503 1795 540 1856 ad
562 1797 639 1856 vitae
661 1801 796 1875 tempora
819 1813 933 1856 summa
955 1803 1041 1877 tuae,

208 1895 242 1945 to
258 1883 462 1963 Succedatque
485 1885 546 1945 tuis
568 1882 650 1944 orbis
672 1882 842 1944 moderator
864 1883 1005 1945 habenis:

301 1972 387 2047 Quod
410 1989 527 2035 mecum
549 1970 654 2051 populi
675 1979 743 2032 vota
764 1979 926 2052 precantur
947 1971 1043 2034 idem.

645 2163 705 2240 VI.

256 2323 392 2386 Carmine
415 2323 615 2404 Graecinum,
639 2325 691 2401 qui
713 2339 855 2402 praesens
877 2340 950 2384 voce
973 2319 1110 2406 solebat,

301 2411 408 2474 Tristis
430 2411 468 2473 ab
490 2411 615 2474 Euxinis
637 2411 716 2472 Naso
739 2411 847 2473 salutat
869 2413 971 2491 aquis.

257 2499 359 2561 Exulis
381 2500 454 2562 baec
477 2518 534 2562 vox
556 2508 625 2561 est.
665 2497 789 2579 praebet
810 2498 885 2561 mibi
906 2499 1004 2561 littera
1026 2497 1183 2583 linguam,

301 2587 340 2649 Et
362 2592 470 2666 sinon
492 2589 581 2650 liceat
603 2587 736 2649 scribere
748 2634 758 2668 ,
781 2596 882 2650 mutus
905 2605 976 2649 ero.

226 2676 411 2758 oCorripis,
433 2684 468 2738 ut
489 2675 604 2757 debes,
627 2676 710 2737 stulti
732 2684 854 2755 peccata
876 2675 1003 2755 sodalis,

301 2763 340 2825 Et
362 2766 436 2827 mala
460 2783 507 2826 me
530 2768 645 2826 meritis
668 2765 748 2825 ferre
769 2766 885 2826 minora
907 2763 1016 2825 doces.

257 2853 332 2914 Vera
354 2854 427 2915 iacis
439 2899 448 2933 ‚
471 2852 523 2913 sed
546 2870 636 2934 sera,
658 2870 741 2914 meae
764 2855 896 2915 convicia
918 2851 1039 2931 culpae.
1138 2865 1182 2918 (ss)

301 2942 412 3022 Aspera
436 2940 572 3003 confesso
595 2940 686 3002 verba
707 2943 826 3002 remitte
848 2959 920 3002 reo.

257 3030 332 3092 Cum
353 3037 487 3110 poteram
510 3037 594 3091 recto
616 3031 744 3091 transire
767 3028 912 3091 Ceraunia
935 3026 1017 3109 velo,

212 3130 245 3179 10
303 3117 342 3179 Ut
364 3119 427 3180 iera
449 3120 573 3179 vitarem
597 3135 666 3178 saxa
678 3166 688 3199 ‚
711 3116 877 3178 monendos
901 3134 998 3178 eram.

257 3205 343 3269 Nunc
366 3206 438 3268 mibi
461 3207 613 3286 nauiragio
637 3205 708 3285 quid
730 3204 854 3285 prodest
876 3205 992 3267 discere
1014 3203 1116 3287 iacto,

301 3294 366 3365 Qua
389 3313 454 3357 mea
476 3294 614 3356 debuerit
636 3312 759 3355 currere
783 3293 890 3356 cumba
911 3289 984 3354 via?

258 3381 383 3444 Bracbia
405 3383 442 3444 da
464 3383 542 3444 lasso
565 3384 665 3462 potius
687 3381 860 3462 prendenda
883 3382 1012 3443 natanti:

302 3469 363 3530 Nec
384 3472 485 3549 pigeat
505 3478 606 3531 mento
630 3471 822 3549 supposuisse
845 3486 983 3533 manum.

212 3564 243 3613 lo
257 3553 350 3633 idque
377 3557 451 3617 iacis
463 3601 472 3637 ‚
495 3557 645 3634 faciasque
669 3574 798 3635 precor.
839 3559 883 3619 sic
910 3564 1006 3618 malm
1028 3564 1060 3618 et
1085 3575 1181 3637 uxor,
