2467 4042
430 202 466 253 11.
485 204 572 253 esa-
586 203 647 253 esa.
911 268 917 279 ,
977 197 1040 261 247

8 415 18 455 ,
121 367 165 427 'le
186 373 351 428 memorant
369 366 551 443 fratremque
570 374 656 426 tuum
675 382 791 426 -nam
810 366 910 426 iuncta
929 365 1042 425 micatis

8 495 18 545 ι,
48 467 105 518 tto
170 456 318 533 Signa-
341 454 415 514 duos
439 461 523 531 tergo
547 454 725 513 sustinuisse
749 453 837 514 deos.

7 599 10 628 :
121 543 300 604 Terribilem
324 541 471 622 quondam
495 542 612 620 fugiens
635 540 777 621 Typhona
800 540 910 620 llione,

8 625 73 712 ³
166 632 253 693 'luno
276 650 345 693 cum
368 648 423 709 pro
446 630 528 691 caelo
551 629 685 709 luppiter
708 647 789 689 arma
811 629 896 708 tulit,

8 713 21 728 “
123 719 210 781 Venit
233 720 269 780 ad
292 719 465 798 Euphraten
487 720 625 778 eomirata
649 716 793 795 Cupidine
816 736 925 797 paruo,

7 772 26 912 Ξ
167 807 261 886 lnque
284 807 465 868 Palaestinae
488 808 621 885 margine
644 806 721 865 sedit
744 824 854 885 aquae

10 957 24 994 ,
7 871 106 959 465
122 895 256 975 Populus
279 903 309 955 et
332 913 442 956 cannae
466 896 597 973 riparum
622 912 736 955 summa
759 893 938 973 tenebant,

168 984 316 1064 Spemque
340 982 447 1045 dabant
469 982 596 1063 salices,
618 983 674 1043 hos
698 1001 817 1062 quoque
840 1000 927 1062 posse
951 983 1028 1062 tegi.

8 1071 9 1074 ’
120 1073 198 1134 Dum
221 1073 315 1153 latet,
338 1073 471 1133 insonuit
493 1080 580 1132 vento
605 1089 728 1132 nemus
769 1071 818 1131 illa
842 1074 947 1131 timore

14 1221 15 1226 ,
167 1160 282 1243 Pallet,
304 1169 335 1221 et
357 1160 480 1222 hostiles
504 1159 599 1221 credit
622 1159 725 1220 adesse
749 1177 871 1221 mantus

8 1223 34 1278 ³³³³
122 1247 220 1326 thue
244 1252 311 1309 sinu
333 1251 430 1310 tenuit
454 1256 576 1328 natum,
601 1241 785 1309 succurrite
798 1248 997 1329 nymphae,

8 1321 28 1368 δ’
50 1349 109 1397 470
169 1335 208 1396 Et
230 1336 276 1397 dis
298 1337 441 1398 auxilium
463 1338 539 1398 lerte
562 1296 713 1397 duobusi'
737 1338 794 1397 ait.

7 1400 35 1491 li'
124 1422 186 1484 Nec
209 1442 291 1484 mora
304 1424 494 1505 ,prosiluit.
535 1426 634 1502 pisces
656 1423 776 1484 subiere
798 1424 932 1503 gemelli:

8 1511 23 1554 l
168 1511 228 1572 Pro
251 1529 310 1589 quo
334 1530 415 1572 nunc
438 1513 520 1572 cerni
545 1512 642 1572 sidera
665 1529 774 1572 munus
796 1512 922 1575 habent

9 1581 38 1645 l*
123 1598 195 1659 lnde
218 1600 301 1661 nefas
325 1599 438 1660 ducunt
460 1617 555 1678 genus
577 1599 667 1660 lioe
658 1617 812 1680 imponere
834 1600 963 1680 mensis,

167 1686 228 1747 Nec
249 1688 361 1748 violant
384 1687 480 1748 timidi
502 1687 636 1768 piscibus
658 1705 711 1748 ora
734 1688 818 1767 Syri.

256 1825 305 1891 16.
329 1823 358 1889 G
380 1822 447 1890 EN
495 1826 544 1891 17.
567 1824 600 1890 H
623 1821 813 1901 ovium

7 1939 331 2015 transnominatus:
355 1969 446 2014 uacua
469 1961 536 2015 est.
578 1962 608 2014 at
631 1956 718 2014 tertia
741 1953 819 2013 dicta
843 1952 984 2023 Quirino

8 2050 41 2110 ul,
166 2040 224 2111 Qui
247 2049 329 2101 tenet
351 2041 408 2101 hoe
430 2059 562 2123 nomen,
585 2040 729 2103 Romulus
753 2049 821 2101 ante
844 2042 917 2101 luit:

7 2115 43 2192 ir*
122 2127 190 2189 Sive
213 2128 293 2208 quod
315 2129 399 2190 liasta
422 2132 503 2190 curis
525 2131 633 2233 priscis
657 2139 703 2190 est
725 2130 803 2192 dicta
826 2129 961 2211 Sabinis,

7 2234 30 2280 ot-
166 2216 294 2278 Bellicus
317 2235 333 2277 a
357 2218 416 2279 telo
439 2220 519 2279 venit
541 2220 573 2278 io
597 2226 676 2278 astra
700 2218 791 2278 deus:

8 2299 44 2373 iti
122 2305 190 2366 Sive
213 2324 268 2366 suo
291 2308 354 2385 regi
377 2323 485 2366 nomen
509 2324 636 2385 posuere
660 2306 809 2377 Quirites:

14 2396 109 2460 ld480
167 2392 228 2454 Seu
252 2396 320 2473 quia
343 2394 483 2455 Romanis
505 2396 644 2455 iunxerat
665 2393 714 2454 ille
739 2393 850 2456 Cures.

7 2479 45 2564 ,pl
122 2481 194 2543 Nam
217 2491 302 2562 pater
325 2485 506 2562 armipotens
529 2492 685 2561 postquam
713 2500 787 2543 nova
812 2483 928 2543 moenia
951 2482 1039 2564 uidit,

7 2580 39 2646 pt·
165 2570 315 2650 llultaque
338 2571 481 2631 Romulea
503 2569 578 2630 bella
601 2579 721 2649 peracta
744 2588 849 2651 manu,

7 2657 46 2740 ,i
122 2654 292 2738 ‘luppiter,
296 2654 308 2684 '
331 2661 430 2737 inquit
452 2653 558 2719 ‘habet
580 2658 710 2719 Romana
733 2661 865 2762 potentia
886 2661 981 2721 vires·

7 2747 47 2832 „t
166 2746 324 2826 Sanguinis
347 2748 445 2808 oldcio
469 2765 528 2808 non
552 2755 620 2826 eget
642 2747 690 2807 illa
713 2749 789 2809 mei

7 2842 108 2924 ῃιι1485
130 2835 230 2897 Redde
253 2838 331 2916 patri
353 2845 478 2897 natum.
520 2837 653 2938 quamvis
676 2835 829 2897 intercidit
850 2835 942 2915 alter,

9 2919 49 3012 ,tl
165 2924 223 2984 Pro
246 2943 279 2985 se
301 2943 416 3005 proque
439 2922 531 2984 Remo
555 2926 606 3002 qui
630 2923 702 2984 mihi
725 2934 839 3005 restat,
863 2942 896 2983 er
898 2927 937 2983 rt

7 3032 46 3106 ,p
123 3007 234 3072 “Unus
257 3014 315 3073 etit
327 3031 447 3092 ,quem
470 3020 504 3074 tu
527 3012 643 3074 tolles
636 3031 666 3073 ιιι
690 3013 807 3073 caerula
830 2970 932 3071 caeli”

7 3115 47 3199 ,p
165 3098 211 3160 Tu
234 3099 307 3160 mihi
330 3101 448 3162 dixisti:
480 3103 541 3162 sint
562 3110 626 3161 rata
649 3100 727 3160 dicta
750 3093 861 3160 lovis?

7 3201 51 3290 ,d
121 3187 253 3268 luppiter
276 3196 441 3250 annuerat.
483 3200 557 3251 nutu
580 3188 772 3249 tremefactus
795 3196 922 3265 uterque

7 3252 36 3381 ³,
19 3290 109 3369 ,490
164 3275 218 3338 Est
240 3275 348 3357 polus,
372 3284 403 3336 et
425 3276 497 3338 caeli
520 3275 651 3357 pondera
674 3278 765 3336 movit
787 3274 886 3337 Atlas.

12 3335 53 3465 ,l
121 3364 174 3427 Est
194 3366 279 3426 locus
292 3366 438 3444 ,antiqui
461 3364 590 3444 Capreae
613 3365 715 3425 dixere
739 3362 893 3442 paludem:

8 3401 39 3470 θη
162 3452 253 3514 Forte
277 3455 337 3515 tuis
359 3453 441 3533 illie,
464 3451 610 3533 llomule,
634 3455 699 3512 iura
722 3450 828 3513 dabas.

7 3549 52 3656 „¹
122 3541 171 3604 Sol
193 3543 290 3624 sugit,
313 3550 345 3604 et
367 3551 521 3634 removent
543 3540 703 3602 subeuntia
726 3540 825 3605 nubila
849 3539 980 3621 caelum,
1022 3607 1025 3614 ³

7 1681 28 1737 d

8 1775 40 1844 W,

7 1866 32 1914 ιι

9 3647 54 3744 dd
