2467 4042
181 237 244 301 142
369 256 469 295 mons
588 237 768 293 mauu.

200 415 253 466 555
267 403 384 485 Corpus
405 404 496 466 humo
514 404 667 487 gelidum,
690 405 743 466 sed
757 404 868 467 humus
882 404 919 467 de
938 423 1058 486 corpore
1070 406 1197 470 servet.

266 492 328 553 Nec
349 491 520 555 moderator
541 492 626 554 adest
637 541 647 574 ‚
669 494 761 573 inque
783 496 866 574 ipsos
888 511 974 555 saeva
996 493 1154 557 moderna

266 580 405 661 Entmpit
426 581 548 663 clades,
570 580 740 661 obsuntque
763 581 936 644 auctoribus
959 591 1053 644 artes.

266 668 332 741 Quo
354 671 477 750 propior
499 672 627 750 quisque
650 678 698 731 est
719 672 869 750 servitque
892 670 1008 733 hdelius
1029 688 1141 753 aegro,

266 756 300 819 ln
322 766 439 837 partem
460 758 513 820 leti
535 761 625 821 citius
647 760 749 820 venit.
778 767 872 839 utque
896 759 998 821 salutis

200 857 252 909 555
267 845 343 926 Spes
365 844 458 930 abiit,
480 848 631 927 finemque
652 846 755 908 vident
775 849 807 908 in
830 848 937 909 funere
958 847 1071 929 morbi,

266 934 424 1015 Indulgent
444 937 550 997 smmis
573 943 605 996 et
626 934 728 1018 nulia,
751 935 823 1015 quid
845 935 942 1017 utile,
965 954 1037 998 cura
1058 944 1121 1017 est;

265 1021 345 1085 Utile
367 1025 448 1085 enim
469 1023 544 1085 nihil
566 1032 634 1085 est.
661 1025 772 1104 passim
794 1026 953 1104 positoque
975 1024 1088 1105 pudore
1231 1060 1233 1067 ,

266 1110 412 1175 Fontihus
435 1120 466 1174 et
487 1111 585 1174 fluviis
607 1114 766 1192 puteisque
789 1111 948 1193 capacibus
971 1112 1108 1174 haerent.
1226 1134 1233 1171 ·.

268 1198 344 1279 [Nec
366 1202 431 1262 sitis
454 1209 500 1263 est
523 1203 654 1262 extincta
674 1202 759 1281 prius
781 1218 871 1280 quam
892 1203 952 1262 vita
974 1200 1134 1279 bibendo]
1203 1274 1208 1287 Ι

201 1300 253 1351 oco
266 1288 338 1350 [nde
360 1307 465 1369 graves
486 1288 574 1351 multi
596 1298 751 1368 nequeunt
773 1307 978 1372 consurgere,
1001 1297 1032 1350 et
1052 1291 1124 1370 ipsis

266 1375 471 1440 {emoriuntur
493 1379 599 1457 aquis.
627 1377 734 1457 aliquis
756 1385 855 1439 tamen
877 1377 978 1440 haurit
999 1386 1031 1439 et
1052 1376 1132 1438 illas.
1209 1406 1233 1449 ,ς

267 1464 419 1546 Tantaque
442 1473 513 1529 sunt
534 1467 653 1527 miseris
676 1467 763 1527 invisi
785 1466 881 1528 taedia
903 1466 989 1547 lecti,

266 1552 453 1636 nocuum,
475 1561 527 1615 aut
549 1556 575 1615 si
597 1552 758 1635 prohibent
780 1556 945 1616 consistere
967 1556 1064 1635 ures,
1231 1622 1233 1630 A

268 1641 398 1723 Corpora
421 1642 581 1705 devolvunt
602 1645 634 1703 in
657 1642 803 1705 humum:
826 1644 1002 1724 fugiuntque
1025 1650 1147 1723 penates
1216 1678 1233 1720 q

201 1741 253 1794 oto
267 1731 400 1811 Qttisque
424 1749 516 1793 suos.
544 1748 597 1792 sua
621 1732 730 1810 cuique
753 1730 859 1793 domus
882 1731 1000 1792 iunesta
1023 1730 1155 1793 ridetur.
1207 1764 1233 1810 ,ῃ

267 1818 320 1898 [Et
342 1822 411 1899 quia
433 1837 521 1882 causa
543 1818 637 1902 latet,
658 1819 743 1880 locus
766 1827 813 1881 est
834 1821 866 1880 in
888 1821 1013 1881 cdmine
1037 1816 1157 1897 notus]
1203 1852 1233 1904 κῃ

267 1907 463 1971 Semianimes
485 1925 587 1970 errare
609 1909 665 1969 riis
677 1954 688 1988 ,
710 1906 782 1968 dum
805 1915 884 1969 staro
906 1906 1061 1989 valebant,
1203 1932 1230 1944 ··

266 1996 445 2079 Aspiceres3
466 1995 574 2059 tientes
596 1995 670 2058 ahos
692 2004 832 2076 terraque
854 1997 1003 2078 iacentes,
1203 2026 1231 2082 qs

266 2084 416 2165 Lassaque
437 2092 591 2147 versantes
613 2100 754 2165 supreme
776 2084 888 2146 lumina
910 2092 993 2146 motu

202 2186 253 2235 550
268 2173 472 2254 [Membraque
494 2173 652 2254 pendentis
673 2172 801 2234 terrdunt
823 2172 859 2235 ad
882 2172 979 2234 sidera
1003 2171 1109 2256 caeli,]
1204 2112 1232 2251 pi

269 2261 344 2346 iiic,
365 2262 450 2345 illic,
472 2261 524 2323 uhi
546 2279 628 2324 mors
646 2260 867 2343 deprenderat,
890 2259 1077 2323 exhalantes.
1201 2249 1231 2357 §a

267 2350 345 2421 Quid
368 2350 441 2412 mihi
463 2359 536 2412 tunc
558 2352 648 2411 animi
671 2345 759 2411 fuit?
781 2367 818 2410 an
840 2348 920 2429 quod
942 2348 1049 2410 dehuit
1069 2367 1154 2430 esse,
1202 2390 1231 2449 ὴ

268 2438 307 2500 Ut
327 2440 418 2501 vitam
440 2438 569 2501 odissem
591 2445 624 2500 et
645 2455 787 2517 cuperem
809 2454 879 2518 pars
901 2455 967 2499 esse
991 2435 1155 2500 meorum?
1194 2470 1216 2528 q

267 2527 333 2598 Quo
356 2544 389 2588 se
412 2545 539 2607 cruorque
563 2527 642 2588 acies
664 2525 820 2588 oculorum
842 2525 986 2608 tinxerat,
1008 2525 1071 2588 illic
1197 2590 1201 2603 ,

202 2627 254 2678 555
269 2614 380 2695 Vulgus
402 2629 466 2677 erat
488 2622 639 2695 stratum,
661 2614 753 2676 veluti
775 2632 844 2676 oum
866 2616 965 2695 putria
989 2616 1078 2676 motis
1193 2612 1222 2717 {q-

268 2703 358 2765 Poma
381 2704 490 2765 cadunt
512 2705 602 2764 rancis
626 2704 791 2783 opinioque
813 2702 883 2763 iiico
904 2701 1042 2783 glandes.
1220 2751 1223 2761 .

268 2791 389 2874 Templa
412 2793 494 2855 vides
516 2800 620 2853 contra
642 2790 783 2870 gradihus
806 2789 942 2852 sublimia
964 2790 1079 2871 longiae
1196 2838 1198 2841 .

269 2880 401 2962 iuppiter
423 2880 472 2942 illa
495 2889 597 2942 tenet.
626 2881 694 2958 quis
716 2897 777 2940 non
799 2877 943 2941 altaribus
964 2878 1023 2940 iilis
1193 2924 1202 2969 2

269 2968 355 3031 Irrita
378 2979 445 3031 tura
468 2964 566 3030 ttulit?
587 2970 726 3047 quotiens
748 2984 804 3048 pro
827 2968 953 3047 coniunge
976 2969 1124 3050 coniunx,
1192 2941 1229 3087 ,31

202 3071 255 3122 ceo
267 3057 327 3120 Pro
349 3066 437 3138 gnato
460 3059 599 3139 genitor,
622 3055 694 3117 dum
716 3055 805 3117 verha
827 3057 980 3136 precantia
1003 3055 1093 3138 dicit,

267 3146 484 3209 Nonexoratis
507 3148 634 3207 mutam
656 3145 803 3209 dniritin
826 3145 902 3226 eris,
1193 3110 1228 3254 θ’

268 3235 362 3315 Inque
384 3252 473 3296 manu
497 3235 573 3296 turis
594 3230 665 3314 pais
687 3234 895 3313 inconsumpta
917 3240 1036 3313 repertu
1060 3231 1123 3295 esti
1201 3205 1228 3291 ld

268 3323 386 3387 Admoti
408 3324 547 3404 quotiens
570 3320 712 3402 templis,
734 3319 806 3382 dum
827 3328 896 3382 vota
918 3321 1058 3383 sacerdos
1190 3282 1227 3439 {i

270 3412 405 3493 Concipit
427 3419 458 3473 et
480 3411 578 3473 fundit
599 3426 710 3491 purum
732 3411 812 3470 inter
835 3426 946 3471 cornua
970 3411 1090 3491 unum,
1193 3472 1194 3477 ,
1221 3409 1227 3473 i

203 3513 254 3564 ouo
269 3499 353 3562 haurd
376 3508 531 3581 expectato
553 3496 728 3560 ceciderunt
750 3494 873 3559 vulnere
895 3496 991 3559 taurii
1184 3475 1218 3549 ’Ἥ

269 3588 335 3670 lpse
358 3606 414 3668 ego
437 3605 521 3649 nora
543 3586 605 3648 lovi
627 3603 682 3666 pro
706 3603 754 3648 me
776 3587 931 3668 patriaque
954 3584 1111 3666 tnhusque
1186 3552 1226 3726 :ip

1159 3958 1185 4015 i
