2467 4042
436 214 483 266 vr.
503 216 652 267 arr-oar.
982 210 1045 276 351

131 377 178 438 Sic
201 378 298 455 agitur
321 392 447 437 censura
470 382 500 436 et
522 377 566 435 sic
589 373 723 453 exempla
745 381 905 455 parantur,

172 463 246 526 Cum
270 462 399 543 vindex,
422 462 495 524 alios
518 462 597 541 quod
620 471 723 523 monet
735 508 744 542 ,
767 465 830 541 ipse
854 463 941 525 iacit.

320 599 369 663 12.
393 595 456 663 GN
503 598 552 663 13.
575 596 605 661 D
624 596 766 664 EID·N

130 726 214 788 Nulla
237 734 306 786 nota
328 731 376 787 est
397 725 533 785 veniente
556 724 627 805 die,
657 743 744 803 quam
768 725 867 786 dicere
889 727 1003 804 possis.

70 826 119 878 666
172 812 275 876 idibus
296 811 408 873 Invicto
431 819 502 873 sunt
524 812 589 873 data
613 813 721 891 templa
744 810 822 874 lovi.

130 902 168 963 Et
190 903 248 962 iam
272 900 476 977 Quinquatrus
497 900 603 961 iubeor
626 917 748 961 narrare
771 902 919 962 minores.

173 989 260 1050 Nunc
278 987 348 1049 ades
370 985 410 1048 oi
443 990 578 1067 coeptis,
600 987 675 1049 flava
697 986 827 1049 Minerva
839 1036 849 1071 ,
871 991 963 1049 meis.

132 1073 206 1139 ‘Cur
229 1094 321 1155 vagus
342 1074 454 1136 incedit
476 1083 538 1137 tota
561 1075 671 1137 tibicen
694 1078 726 1137 in
749 1074 859 1138 Urbe?

173 1163 251 1235 Ouid
273 1161 332 1227 sibi
353 1180 519 1242 personae,
543 1163 614 1242 quid
639 1163 714 1225 stola
735 1162 822 1243 longa
844 1159 990 1226 volunt?'

68 1264 117 1316 666
132 1251 179 1313 Sic
203 1269 279 1331 ego.
321 1252 364 1311 sic
387 1252 484 1330 posita
506 1250 640 1312 Tritonia
663 1252 784 1331 cuspide
808 1252 898 1314 dixit:

173 1338 290 1399 Possim
312 1340 425 1399 utinam
448 1336 553 1398 doctae
575 1338 666 1399 rerba
688 1339 801 1400 referre
825 1338 915 1400 deae!

132 1422 343 1505 ‘Temporibus
367 1432 501 1485 veterum
524 1424 656 1487 tibicinis
678 1442 752 1488 usus
774 1444 896 1488 avorum

173 1513 298 1593 Magnus
320 1520 352 1573 et
372 1514 404 1573 in
426 1529 533 1591 magno
556 1530 675 1592 semper
697 1513 810 1575 honore
833 1515 908 1575 fuit.

132 1600 273 1664 Cantabat
295 1600 371 1661 sanis
383 1645 394 1680 ‚
416 1599 553 1662 cantabat
574 1599 647 1661 tibia
669 1600 764 1681 ludis,

68 1703 119 1755 666
176 1687 318 1752 Cantabat
340 1689 461 1748 maestis
484 1686 556 1749 tibia
573 1687 753 1749 ¹funeribus:

131 1777 231 1840 Dulcis
255 1784 321 1838 erat
341 1774 479 1836 mercede
501 1774 605 1837 labor.
650 1783 828 1856 tempusque
850 1785 1005 1859 secutum,

176 1864 262 1936 Quod
284 1862 383 1926 subito
406 1862 511 1924 Graiae
534 1863 685 1942 frangeret
707 1866 780 1925 artis
803 1883 895 1946 opus3

131 1953 213 2015 Adde
237 1951 316 2031 quod
339 1949 465 2032 aedilis,
487 1968 625 2030 pompam
647 1953 698 2031 qui
721 1952 835 2013 toneris
857 1955 953 2033 irent,

175 2041 312 2103 Artifices
335 2039 415 2100 solos
437 2041 565 2103 iusserat
588 2056 655 2100 esse
677 2039 797 2100 decem.

68 2141 119 2194 666
132 2127 226 2189 Exitio
249 2134 365 2188 mutant
387 2125 519 2208 Urbem,
542 2126 695 2206 Tiburque
717 2126 879 2189 recedunt.

175 2215 304 2277 Exilium
326 2214 454 2295 quodam
476 2222 610 2295 tempore
634 2213 728 2277 Tibur
750 2225 830 2276 erat.

134 2304 292 2376 Quaeritur
314 2304 346 2363 in
368 2319 475 2363 scaena
497 2319 567 2363 cava
589 2302 662 2363 tibia
674 2350 684 2383 ,
706 2304 861 2382 quaeritur
883 2304 961 2384 aris3

175 2390 264 2454 Ducit
286 2407 441 2469 supremos
464 2392 569 2453 naenia
590 2389 672 2451 nulia
694 2398 793 2453 toros.

133 2479 282 2541 Servierat
303 2477 446 2558 quidam,
468 2477 653 2557 quantolibet
675 2478 778 2539 ordine
802 2477 926 2559 dignus,

64 2581 118 2632 oro
177 2567 310 2648 Tibure,
333 2563 385 2627 sed
407 2565 495 2644 longo
518 2574 651 2644 tempore
673 2565 750 2627 liber
773 2574 855 2629 erat.

132 2655 214 2717 Rure
237 2655 327 2734 dapes
349 2662 436 2732 parat
455 2652 505 2714 iile
528 2671 583 2715 suo
595 2700 605 2734 ,
629 2652 805 2733 turbamme
828 2671 966 2716 canoram

176 2743 347 2806 Convocat:
378 2740 415 2802 ad
438 2742 529 2803 festas
552 2744 691 2803 convenit
712 2741 761 2803 ilia
784 2742 892 2822 dapes.

130 2830 197 2893 Nox
219 2837 307 2912 erat,
328 2837 360 2891 61
382 2830 457 2890 vinis
480 2829 618 2908 oculique
641 2832 790 2909 animique
813 2828 969 2910 natabant,

175 2919 250 2983 Cum
272 2919 510 2998 praecomposito
533 2919 656 2978 nuntius
679 2935 731 2978 ore
755 2920 853 2998 venit,

61 3018 116 3069 ort
131 3006 228 3087 Atque
250 3009 291 3068 ita
303 3054 313 3088 ,
336 3001 437 3086 “quid
460 3023 558 3068 cessas
581 3008 714 3068 convivia
737 3005 851 3066 solvere
865 2999 909 3065 ?’'
933 3005 1006 3069 dixit

176 3089 312 3155 “Auctor
334 3095 479 3157 vindictae
503 3095 560 3156 iam
584 3096 666 3155 venit
687 3110 758 3155 6666
781 3086 895 3155 tuae.''

130 3180 195 3243 Nec
218 3198 323 3261 mora,
346 3184 484 3244 convivae
507 3181 602 3243 valido
627 3180 783 3244 titubantia
805 3183 873 3243 vino

176 3267 308 3331 Membra
330 3278 469 3333 movent:
495 3268 580 3333 dubii
601 3276 740 3350 stantque
762 3269 920 3349 tabantque
942 3267 1050 3349 pedes.

129 3357 171 3420 At
192 3357 330 3421 dominus
353 3352 524 3420 “discedite
538 3352 574 3419 i''
598 3360 656 3438 ait,
683 3357 875 3437 plaustroque
900 3363 1050 3418 morantes

58 3457 115 3510 680
179 3444 329 3508 Sustulit:
359 3446 391 3506 in
412 3445 545 3526 plaustro
569 3447 685 3526 scirpea
708 3445 765 3507 iata
788 3446 860 3508 fuit.

129 3534 272 3598 Adiciunt
294 3551 414 3596 somnos
437 3543 555 3613 tompus
577 3541 736 3613 motusque
759 3550 950 3613 merumque,
