2467 4042
466 233 510 303 X,
530 237 687 288 tlt—215.
772 249 937 290 masmanna
1018 232 1081 299 201

66 410 144 462 180
161 398 298 462 Reccidit
319 400 352 460 in
374 397 497 461 solidam
520 399 608 479 longo
631 406 701 479 post
722 406 856 479 tempore
879 405 990 460 terram

161 487 284 549 Pondus
297 495 361 570 ,·et
383 486 517 549 exhibuit
537 490 671 549 iunctam
693 504 762 549 cum
784 486 898 549 viribus
920 495 1031 548 artem

160 575 304 651 Protinus
326 575 491 655 inprudens
514 583 657 656 actusque
681 575 819 655 cupidine
841 574 926 637 lusus

161 663 281 725 Tollere
303 662 483 726 Taenarides
506 663 611 725 orbem
633 663 833 743 properabat.
861 672 891 725 at
913 662 997 725 illum

160 752 244 814 liuta
266 770 444 832 repercusso
467 752 594 814 subiecit
616 751 741 814 verbere
763 751 851 814 tellus

69 851 141 903 186
159 840 195 902 ln
219 840 343 923 vultus,
364 839 551 924 Hyacinthe,
573 848 663 903 tuos.
691 839 832 921 expalluit
854 858 949 921 aeque

159 929 258 1001 Quom
280 946 357 1009 puer
378 931 444 1009 ipse
466 929 563 1012 deus,
586 929 791 1013 ccdapsosqne
814 930 925 1010 excipit
946 937 1046 1011 artus,

158 1016 199 1080 lit
222 1017 310 1079 modo
333 1025 363 1079 to
387 1018 501 1080 refovet
512 1065 522 1100 ‚
544 1018 633 1080 modo
656 1019 754 1079 tristia
775 1016 897 1079 vulnera
919 1019 1028 1099 siccat,

159 1106 252 1168 Nunc
274 1107 401 1167 animam
424 1105 549 1168 admotis
572 1106 737 1186 fugientem
759 1107 888 1168 sustinet
909 1105 1028 1168 herbis.

156 1193 211 1256 Nil
231 1204 359 1274 prosunt
377 1202 482 1277 artes3
505 1201 569 1258 erat
590 1193 797 1256 inmedicabile
819 1194 943 1256 vuinus.

72 1297 141 1346 100
156 1283 201 1345 Ut
237 1283 329 1364 siquis
363 1283 599 1367 violasriguove
622 1300 750 1364 papauer
772 1285 804 1345 in
826 1283 913 1344 burto

157 1371 295 1452 liliaque
318 1372 482 1455 infringat,
506 1371 608 1451 [brivis
631 1372 784 1433 haerentia
806 1371 895 1450 lignis

156 1459 292 1522 dlarcida
314 1460 473 1522 demittant
495 1460 596 1523 subito
620 1470 710 1541 caput
730 1459 780 1521 illa
802 1466 972 1540 gravatum,

156 1549 225 1610 Nec
247 1566 280 1610 se
303 1551 470 1611 sustineant
481 1597 492 1632 ‚
513 1556 710 1630 spectentque
734 1550 888 1610 cacumine
909 1555 1037 1629 terram3

158 1637 214 1699 Sic
235 1637 334 1699 vultus
356 1636 502 1716 moriens]
526 1640 603 1700 iacet
625 1645 658 1700 et
678 1637 794 1700 defecta
815 1639 917 1717 rigore

64 1738 141 1803 '12⁶
157 1726 230 1805 Ipsa
253 1724 310 1786 sibi
332 1734 380 1788 est
402 1729 486 1787 oneri
509 1729 610 1788 cervix
632 1743 796 1806 umeroque
819 1723 983 1786 recumbit.

157 1810 309 1876 “Laberis
316 1861 326 1897 ,
349 1812 511 1897 Oebalide,
534 1817 631 1896 prima
653 1814 788 1876 fraudate
809 1808 958 1894 iuventa‚'

157 1901 303 1964 Phoebus
326 1904 367 1964 ait
389 1897 546 1982 ‘videoque
569 1911 656 1966 tuum
668 1951 679 1987 ‚
700 1921 766 1964 mea
793 1904 917 1964 crimina
929 1949 939 1984 ,
961 1900 1084 1963 vulnus.

156 1990 209 2051 Tu
231 1989 316 2051 dolor
338 2008 371 2052 es
394 1991 568 2071 facinusque
591 2010 714 2054 meum:
737 2008 802 2052 mea
825 1990 947 2052 dextera
968 1990 1027 2051 leto

156 2077 354 2140 Inscribenda
377 2086 428 2141 tuo
453 2078 520 2141 estl
543 2098 599 2160 ego
622 2099 689 2142 sum
712 2079 767 2142 tibi
790 2080 904 2141 funeris
927 2086 1030 2140 auctor
1040 2072 1072 2141 .’'
1134 2090 1136 2093 ’

82 2181 142 2232 200
160 2167 261 2246 [Quae
283 2184 350 2228 mea
373 2167 460 2247 culpa
482 2165 611 2230 tamen?
634 2171 694 2230 nisi
715 2170 742 2230 si
763 2166 881 2230 lusisse·
894 2168 994 2229 vccad

159 2255 256 2336 Culpa
278 2263 400 2339 potest,
422 2258 482 2318 nisi
504 2255 591 2337 carlpa
612 2265 713 2337 potest
735 2265 766 2319 et
788 2274 902 2318 amasse
924 2257 1041 2317 vocari.

158 2344 258 2424 Atque
281 2335 396 2406 utinam
417 2347 525 2409 merito
547 2348 655 2429 vitam,
677 2353 814 2408 tecumve
836 2345 941 2406 liceret
1107 2334 1111 2343 ’

159 2430 321 2494 Reddere!
344 2431 424 2513 quod
448 2435 588 2513 quoniam
611 2434 692 2496 fatali
713 2434 779 2515 lege
802 2442 958 2514 tenemur,

160 2520 288 2600 Semper
310 2523 371 2583 eris
394 2539 533 2605 mecum,
555 2526 740 2603 memorique
762 2520 899 2583 haerebis
921 2523 953 2583 in
977 2539 1046 2583 ore.

86 2621 143 2673 sos
159 2608 204 2671 Te
226 2607 291 2693 lyra
312 2609 398 2689 pulsa
420 2627 532 2693 manu,
554 2618 585 2674 te
608 2615 739 2673 carmina
761 2618 864 2672 matra
886 2609 1051 2672 sonabunt:

160 2696 291 2777 flosque
313 2715 409 2759 novus
431 2701 544 2779 scripto
566 2703 695 2780 gemitus
717 2697 873 2762 imitabere
896 2706 1032 2760 nostros.

160 2785 294 2866 Tempus
317 2794 348 2848 et
368 2786 442 2849 illud
466 2789 524 2849 erit
535 2836 545 2869 ,
568 2806 628 2868 quo
644 2807 684 2855 ¹se
706 2789 887 2852 fortissimus
908 2787 998 2848 heros

161 2873 258 2937 Addat
279 2875 312 2936 ln
333 2874 414 2936 bunc
436 2875 542 2938 florem
553 2924 563 2957 ,
585 2876 716 2958 ludoque
739 2877 855 2957 legatur
877 2870 1024 2938 eodem.'’

161 2961 244 3023 'falia
266 2961 338 3025 dum
360 2981 431 3025 vero
455 2972 659 3027 memorantur
676 2965 818 3045 Apollinis
841 2963 926 3048 orc,]

86 3064 146 3115 ato
160 3050 239 3113 liceo
262 3068 376 3134 cruor,
398 3054 451 3132 qul
472 3053 558 3115 fusus
580 3053 671 3115 bumo
690 3056 856 3134 signaverat
873 3051 999 3134 herbas,
1020 3064 1085 3107 eu.
1174 3051 1180 3062 '

161 3138 278 3201 Desinit
300 3157 367 3209 esse
390 3158 480 3202 cruor
492 3188 503 3224 ,
524 3142 674 3222 Tyrioque
697 3144 840 3205 nitentior
863 3149 945 3204 ostro

160 3227 231 3289 l'ios
253 3231 350 3290 oritur
362 3276 373 3312 ,
395 3229 580 3310 formamque
604 3232 683 3310 capit
705 3248 794 3311 quam
816 3231 876 3292 iiiia
888 3277 898 3310 ,
921 3231 947 3290 si
969 3247 1029 3290 non

161 3315 340 3397 Purpurm
363 3317 446 3379 color
466 3317 515 3379 bis
527 3366 538 3401 ,
561 3323 720 3398 argenteus
743 3327 824 3381 esset
845 3320 878 3380 in
900 3316 975 3378 iilis.

162 3402 244 3484 [Non
266 3406 339 3468 satis
361 3405 419 3466 hcc
441 3405 562 3468 Phoebo
586 3415 699 3469 est-
722 3410 749 3468 is
771 3409 851 3468 enim
874 3406 931 3466 fuit
953 3413 1056 3467 auctor

882 3494 1005 3555 honoris
1029 3491 1085 3571 -]

87 3593 147 3647 sto
160 3581 326 3679 lpse'suos
347 3583 476 3664 gemitus
493 3584 573 3647 loliis
595 3582 755 3665 inscribit,
777 3593 808 3646 et
830 3583 868 3645 dl
890 3582 928 3644 dl
