2467 4042
282 297 285 300 ⁴
381 230 743 321 inraso-rost.

13 439 79 534 ¹⁰
120 436 218 531 Pars
231 485 282 528 me
296 468 402 529 Sulmo
418 475 501 529 tenet
512 468 629 544 Peligni
643 468 730 530 tertia
745 468 841 537 ruris,

166 555 287 628 Parva,
311 552 368 613 sed
383 551 511 627 inriguis
527 568 584 614 ora
598 551 731 614 salubris
747 554 847 628 aquis.

121 639 184 702 Sol
201 638 276 699 licet
290 637 416 697 admoto
433 637 571 698 tellurem
586 637 691 698 sidere
705 637 815 711 findat,

168 723 213 782 Et
227 721 319 783 micet
332 721 421 781 Icarii
437 721 526 781 stella
541 728 687 796 proterva
702 717 804 782 canis:

81 817 104 870 5
121 811 219 868 Arva
232 813 430 881 pererrantur
443 804 569 881 Peligna
583 805 771 880 liquentibus
786 782 894 869 undis.

168 891 214 951 Et
227 889 305 950 viret
319 889 350 951 in
363 896 469 951 tenero
484 891 591 950 lertilis
606 889 704 950 herba
718 891 798 951 solo.

122 977 229 1036 Terra
243 975 330 1035 ierax
346 974 479 1047 Cereris,
503 976 663 1050 multoque
679 974 811 1035 feracior
826 975 911 1034 uvise

171 1059 236 1119 Dat
249 1074 377 1135 quoque
391 1059 557 1119 baciferam
571 1058 696 1118 Pallada
707 1074 797 1119 rarus
813 1073 896 1133 ager.

124 1145 252 1218 Perque
266 1149 465 1218 resurgentes
479 1142 555 1203 rivis
571 1143 743 1203 labentibus
758 1143 870 1202 herbas

70 1241 116 1294 ιο
177 1227 364 1289 Gramineus
378 1227 533 1287 madidam
549 1242 681 1302 caespes
698 1227 861 1287 obumbrat
874 1226 1008 1286 humum.

126 1314 172 1374 At
186 1328 277 1373 meus
292 1310 373 1388 ignis
388 1311 485 1373 abest
508 1312 613 1372 Verbo
629 1311 827 1386 peccavimus
843 1326 919 1371 uno.

173 1396 262 1471 Quae
276 1403 381 1458 movet
396 1396 540 1467 ardores,
564 1402 612 1455 est
627 1396 745 1471 procul.
779 1395 871 1457 ardor
885 1395 983 1456 adest.

126 1481 201 1542 Non
218 1496 292 1555 ego,
316 1481 343 1541 si
358 1479 480 1541 medius
494 1480 620 1541 Polluce
634 1486 664 1539 et
679 1480 806 1541 castore
822 1495 934 1555 ponar,

172 1566 211 1624 ln
225 1566 302 1625 caeli
317 1564 430 1625 sinete
444 1571 532 1639 parte
547 1565 646 1627 luisse
660 1564 762 1625 velim.

74 1660 119 1715 15
129 1648 263 1711 Solliciti
277 1649 400 1710 iaceant
413 1655 557 1725 terraque
571 1656 750 1725 premantur
764 1649 886 1725 iniqua,

172 1733 209 1792 In
226 1733 335 1808 longas
351 1733 457 1793 orbem
473 1734 526 1808 qui
541 1748 670 1794 secuere
684 1733 762 1794 vias.

127 1819 197 1879 Aut
211 1815 356 1877 iuvenum
372 1817 500 1877 comites
516 1818 683 1879 iussissent
696 1818 741 1879 ire
756 1819 894 1894 puellae,

175 1900 211 1961 Si
225 1901 281 1961 luit
293 1901 325 1960 iu
340 1902 450 1975 longas
465 1907 547 1960 terra
561 1902 791 1964 secundariae.

127 1987 210 2047 Tum
224 1983 312 2057 milri,
337 1984 365 2046 si
380 2000 550 2060 premerem
567 1991 716 2047 ventosas
727 1985 872 2048 horridus
888 1986 1002 2060 Alpes.

76 2082 121 2133 20
176 2068 353 2130 Dummodo
369 2084 437 2129 curn
453 2069 591 2143 domina,
615 2070 708 2132 molle
723 2071 833 2131 fuisset
847 2072 912 2131 iler.

129 2154 210 2214 Cum
224 2152 350 2214 domina
362 2151 498 2231 Libycas
513 2153 613 2214 ausim
627 2170 826 2230 perrumpere
843 2154 967 2233 Syrtes,

172 2237 214 2298 Et
228 2238 302 2298 dare
316 2252 379 2298 non
396 2237 504 2313 aequis
519 2240 589 2298 vela
604 2239 732 2299 terenda
746 2240 837 2304 notis.

128 2322 203 2381 Non
219 2337 297 2396 quae
312 2319 451 2396 virgineo
469 2328 610 2396 portenta
625 2323 683 2384 sub
698 2321 822 2398 inguine
837 2324 960 2396 latrant,

174 2404 239 2465 Nec
253 2406 377 2465 timeam
391 2411 531 2481 vestros,
553 2421 648 2467 curva
662 2405 779 2478 Malea,
804 2407 905 2467 sinuat

78 2502 121 2556 25
131 2490 203 2551 lion
220 2505 281 2564 qua
294 2489 464 2550 submersis
479 2489 596 2551 ratibus
611 2497 748 2552 saturata
763 2490 934 2568 Charybdis

175 2571 289 2634 Fundit
303 2580 334 2634 et
349 2571 466 2634 effusas
483 2589 537 2635 ore
552 2582 691 2650 receptat
707 2591 815 2650 aquas.

129 2657 224 2732 Quod
237 2655 265 2717 si
278 2657 454 2732 Neptunum
468 2663 599 2719 ventosa
614 2659 751 2734 potentia
765 2659 871 2733 vincit,

174 2741 214 2801 Et
227 2740 435 2803 subventuros
450 2743 569 2803 auferet
582 2743 666 2804 unda
679 2743 771 2817 deos,

129 2827 179 2886 Tu
194 2826 311 2887 nostris
325 2825 436 2886 niveos
450 2824 565 2887 umeris
582 2826 697 2902 inpone
715 2829 864 2888 lacertos=

82 2921 123 2974 3⁰
180 2909 318 2986 Corpore
333 2926 391 2970 nos
409 2909 490 2971 facili
505 2911 596 2971 dulce
611 2913 744 2972 feremus
760 2927 848 2973 onus.

132 2993 365 3070 Saepe-peleus
379 2994 483 3055 Heron
494 2991 617 3056 iuvenis
629 2999 843 3055 transnaverat
854 2991 970 3052 undam

177 3076 252 3139 Tum
269 3095 396 3155 quoque
411 3084 612 3140 transnasset.
641 3079 699 3139 sed
713 3079 766 3139 via
781 3094 874 3140 caeca
890 3077 954 3141 luit.

129 3164 175 3224 At
189 3162 317 3238 sinete,
342 3163 484 3238 quamvis
501 3164 627 3240 operosi
640 3163 754 3223 vitibus
770 3163 835 3239 agri

174 3246 225 3306 Me
239 3253 378 3319 teneant,
402 3248 544 3324 quamvis
560 3248 701 3307 amnibus
717 3262 791 3307 arva
805 3252 924 3320 natent,

84 3340 122 3395 35
132 3330 175 3391 Et
188 3339 279 3393 vocet
294 3332 323 3390 in
341 3330 427 3393 rivos
443 3338 613 3392 currentem
628 3331 763 3392 rusticus
777 3332 907 3404 undam,

175 3412 363 3491 Frigidaque
377 3415 524 3477 arboreas
539 3416 673 3476 mulceat
686 3431 762 3475 aura
776 3431 898 3489 comas,

127 3499 199 3560 Non
215 3515 274 3575 ego
289 3499 433 3575 Pelignus
450 3500 559 3561 videor
573 3497 729 3559 celebrare
744 3499 900 3571 salubres,
