2467 4042
184 218 250 285 352
591 216 785 269 russorum

315 381 446 460 Potaque
469 397 502 442 se
524 378 620 440 Tibur
641 377 730 442 turba
752 377 851 439 redire
872 386 979 458 putat.

271 469 391 549 lamque
413 486 468 549 per
489 467 638 547 Esquilias
655 467 816 527 Romanam
838 468 1006 529 intraverat
1029 468 1151 551 urbem,

316 556 355 618 Et
377 574 462 617 mane
485 558 517 617 in
539 555 637 616 medio
658 554 791 633 plaustra
813 554 897 615 luere
920 556 1007 616 foro.

207 658 258 710 686
272 645 425 726 Plautius,
450 652 483 704 ut
505 651 608 723 posset
630 645 729 723 specie
753 659 938 721 numeroque
961 655 1106 707 senatum

316 732 451 813 Fallere,
473 733 611 811 personis
634 733 760 810 imperat
782 748 834 791 ora
856 732 935 811 tegi,

272 821 480 899 admiscetque
503 818 598 901 alios,
621 827 672 898 et,
695 824 730 879 ut
751 818 831 879 hunc
853 817 976 879 tibicina
1002 828 1124 883 coetum

315 909 428 988 Augeat
440 954 450 988 ,
473 909 504 968 in
527 906 622 986 longis
645 906 777 968 vestibus
800 924 867 968 esse
889 906 992 988 iubet3

274 997 323 1059 Sic
345 996 472 1057 reduces
495 995 571 1056 bene
593 1011 682 1074 posse
704 997 788 1075 tegi,
810 1012 848 1055 ne
871 994 949 1056 torte
971 1004 1120 1059 notentur

207 1099 258 1149 690
316 1083 426 1146 Contra
448 1082 576 1163 collegae
598 1085 679 1144 iussa
701 1082 815 1144 redisse
838 1085 902 1144 sui.

272 1173 332 1234 lies
353 1171 485 1252 placuit,
509 1170 651 1250 cultuque
674 1188 750 1231 novo
773 1169 846 1230 libet
867 1168 968 1233 Idibus
994 1173 1040 1232 uti

315 1259 355 1321 Et
376 1276 483 1320 canere
506 1258 542 1319 ad
564 1266 682 1319 veteres
704 1257 793 1319 rerba
815 1260 915 1318 iocosa
937 1256 1082 1320 modos!

272 1347 352 1409 flacc
373 1346 427 1408 ubi
448 1347 626 1429 perdocuit,
648 1341 803 1426 ‘superest
824 1345 898 1406 mihi
921 1343 1058 1408 discere’
1084 1349 1140 1410 dixi

317 1432 393 1497 ‘Cur
416 1437 456 1496 sit
477 1435 682 1514 Quinquatrus
704 1434 754 1494 illa
775 1442 877 1494 vocata
900 1430 1000 1495 dies.'

207 1536 258 1589 ott
273 1518 428 1585 ‘hiantius'
451 1524 549 1602 inquit
572 1518 649 1601 ‘agit
671 1522 722 1583 tali
744 1540 809 1583 mea
832 1523 951 1582 nomine
975 1523 1075 1603 festa,
1205 1580 1206 1589 ,

316 1610 429 1691 Estque
453 1610 509 1672 sub
531 1613 659 1672 inventis
681 1609 755 1671 haec
778 1627 897 1690 quoque
919 1609 1011 1672 turba
1034 1615 1127 1674 meis.

272 1700 371 1761 Prima
394 1697 544 1760 terebrato
566 1716 710 1778 perrara
733 1699 877 1758 foramina
899 1697 999 1778 buxo,

317 1788 356 1849 Ut
378 1788 482 1868 daret,
507 1787 591 1848 effeci
603 1833 613 1869 ,
636 1785 707 1847 tibia
730 1786 815 1865 longa
839 1802 946 1846 sonos.
1205 1804 1206 1813 ¹

273 1875 334 1937 Vox
356 1874 489 1955 placuit:
521 1874 626 1936 faciem
648 1873 769 1953 liquidis
790 1870 993 1935 referentibus
1017 1876 1112 1938 undis
1205 1844 1206 1927 l

208 1976 259 2030 ‘100
318 1963 384 2025 vidi
406 1964 554 2043 virgineas
576 1964 753 2023 intumuisse
776 1979 884 2042 genas.

274 2048 353 2112 “Ars
375 2051 448 2112 mihi
470 2068 530 2111 non
553 2052 628 2112 tanti
651 2058 718 2131 est3
740 2049 859 2133 valeas,
881 2067 946 2111 mea
969 2048 1098 2113 tibial'’
1121 2052 1186 2114 diri:

317 2138 435 2220 Excipit
457 2138 600 2200 abiectam
623 2140 752 2217 caespite
775 2140 839 2218 ripa
862 2155 934 2199 suo.

273 2226 424 2289 Inventam
449 2227 572 2307 Satyrus
594 2228 725 2306 primum
747 2228 872 2287 miratur
884 2272 894 2307 ,
915 2233 948 2286 et
970 2244 1068 2288 usum

317 2315 441 2396 Nescit,
463 2323 495 2375 et
517 2314 647 2375 inflatam
669 2316 763 2376 sensit
784 2313 894 2375 habere
917 2331 1047 2395 sonum3

209 2416 260 2468 tot
273 2403 312 2465 Et
334 2403 422 2464 modo
445 2401 568 2464 dimittit
589 2402 712 2482 digitis,
735 2401 822 2463 modo
846 2403 976 2481 concipit
1000 2422 1114 2467 auras.

316 2489 437 2570 lamqua
459 2494 539 2552 inter
561 2490 705 2570 nymphas
727 2497 791 2551 arte
814 2488 962 2569 superbus
986 2500 1077 2554 erat:

273 2580 417 2642 Provocat
439 2587 471 2640 et
491 2578 667 2640 Phoebum.
706 2577 827 2639 Phoebo
850 2587 1014 2657 superante
1036 2581 1190 2662 pependit,

319 2667 408 2729 Caesa
432 2674 623 2729 recesserunt
645 2685 662 2727 a
684 2673 752 2728 cute
775 2665 908 2727 membra
931 2683 1006 2727 sua.

275 2755 347 2818 Sum
370 2763 469 2816 tamen
491 2756 640 2816 inventrix
663 2762 825 2832 auctorque
849 2771 903 2834 ego
927 2757 1076 2818 carminis
1099 2758 1191 2819 huius.

209 2857 260 2907 ‘110
318 2842 380 2905 lloc
404 2850 471 2923 est,
494 2861 550 2904 cur
571 2850 692 2904 nostros
714 2860 763 2903 ars
786 2841 863 2921 colat
885 2844 942 2902 ista
965 2843 1053 2905 dies.

398 2981 448 3047 14.
470 2978 612 3062 noyn]
662 2975 990 3057 renosco-n

275 3105 374 3170 Tertia
397 3107 448 3169 lux
471 3109 570 3169 veniet
582 3155 591 3188 ,
614 3124 673 3186 qua
695 3113 750 3187 tu,
774 3105 889 3167 Dodoni
911 3102 1058 3188 Thyone,

319 3194 418 3257 Stabis
441 3196 587 3274 Agenorei
609 3196 707 3256 fronte
729 3193 854 3255 videnda
876 3192 977 3256 bovis.

276 3281 355 3345 Haec
379 3291 425 3346 est
446 3283 496 3344 illa
519 3284 604 3364 dies,
628 3291 741 3362 quatu
763 3283 938 3362 purgamina
960 3280 1093 3365 Vestae,

319 3370 453 3452 Thybri,
476 3389 531 3451 per
553 3370 695 3433 Etruscas
717 3373 749 3431 in
771 3387 852 3432 mare
876 3371 970 3431 mittis
993 3388 1111 3449 aquas.

210 3469 261 3519 715
276 3458 367 3538 Siqua
389 3460 462 3520 fides
485 3462 581 3520 ventis
593 3506 603 3540 ,
626 3459 753 3540 zephyro
776 3458 844 3520 date
867 3458 989 3519 carbasa
1001 3505 1011 3540 ,
1034 3459 1168 3522 nautae!

321 3544 392 3605 Cras
414 3548 514 3607 veniet
536 3548 643 3607 restris
666 3546 714 3607 ille
739 3545 889 3610 secundus
912 3547 1014 3626 aquis.
