2467 4042
139 225 200 292 130
328 243 416 280 msa
547 222 726 280 linitum.

223 390 339 452 Ducere
362 398 394 451 et
415 391 566 451 insuetum
588 390 670 450 ierro
692 390 884 469 proscindere
906 408 1083 473 campum.

158 491 210 542 120
223 478 368 540 Mirantur
391 476 514 539 Colcbiz
536 477 650 557 Minyae
673 477 851 540 clamoribus
873 489 985 559 augent

224 567 420 645 hdiciuntqne
444 568 579 627 animos.
607 564 688 644 galea
711 574 774 627 tum
797 569 888 629 sumit
909 573 984 629 aena

224 653 365 735 Vipereos
388 654 520 736 dentes,
543 661 573 715 et
596 661 693 715 matos
716 657 829 734 spargit
850 656 881 716 in
904 673 1015 735 agros.

225 743 343 804 Semina
365 742 460 804 mollit
482 741 591 802 humus
614 741 707 803 valido
730 744 895 822 praetincta
917 762 1065 827 veneno,

224 830 262 892 Et
280 838 419 893 crescunt
436 831 570 910 fiuntque
588 832 644 891 sati
666 848 741 891 nora
755 848 880 911 corpora
898 832 1030 894 dentes.
1058 845 1084 889 r.
1097 846 1188 889 xus.

160 930 209 980 125
224 918 323 999 thue
345 917 474 980 bominis
496 919 629 998 speciem
651 925 783 980 materna
806 921 896 981 sumit
917 922 949 982 in
971 919 1070 1003 alvo,

225 1007 342 1088 Perque
365 1024 435 1069 suos
458 1009 539 1068 intus
561 1024 703 1068 numeros
726 1009 913 1087 componitur
934 1009 1064 1091 inians,

224 1095 285 1157 Nec
308 1097 366 1157 nisi
388 1103 523 1157 maturus
545 1112 718 1155 communes
740 1097 802 1157 exit
823 1098 977 1158 inauras:

226 1184 275 1244 Sic
298 1183 349 1245 ubi
372 1182 536 1244 visceribus
557 1182 693 1262 gravidae
716 1181 831 1245 telluris
853 1186 948 1263 imago

225 1271 338 1332 snecta
361 1279 407 1333 est
428 1271 556 1333 hominis
568 1318 578 1352 ‚
601 1271 662 1332 feto
685 1274 837 1350 consurgit
859 1273 890 1332 in
913 1289 1002 1355 arro;

162 1372 211 1422 ito
226 1359 371 1440 Quodque
385 1362 477 1439 magis
491 1361 600 1421 mirum
613 1367 682 1441 est,
705 1358 792 1421 slmul
806 1359 884 1421 edita
898 1362 1038 1423 concutit
1052 1380 1178 1426 arma.

226 1448 308 1519 Quos
330 1446 383 1510 ubi
405 1447 543 1509 viderunt
564 1454 740 1526 praeacutae
763 1447 895 1527 cuspidis
915 1447 1019 1509 hastas

225 1536 258 1597 ln
281 1545 370 1616 caput
392 1534 545 1596 Haemonii
567 1537 683 1597 iuvenis
707 1543 846 1614 torquere
868 1547 1028 1619 parantes,

226 1624 378 1685 Demisere
401 1631 482 1685 metu
507 1622 678 1702 vultumque
703 1624 890 1703 animumque
913 1623 1052 1703 Pelasgi.

226 1712 291 1792 ipsa
315 1729 432 1792 quoque
456 1713 613 1793 extimuit,
637 1729 712 1790 quae
736 1719 833 1774 tutum
856 1712 967 1773 lecerat
988 1712 1099 1796 illum,

163 1812 211 1862 itt
226 1799 324 1879 thue
346 1802 408 1880 peti
430 1799 503 1861 vidit
525 1802 661 1861 invenem
685 1806 728 1860 tot
749 1798 786 1860 ab
809 1798 943 1861 hostibus
967 1818 1085 1884 unum,

226 1887 334 1950 Palluit
356 1897 387 1949 et
409 1887 508 1949 subito
531 1889 595 1949 sine
619 1889 761 1967 sanguine
785 1887 890 1967 frigida
912 1887 1005 1969 sedit3

226 1975 305 2038 Neve
327 1993 433 2056 parum
456 1975 571 2037 valeant
592 1994 608 2036 a
632 1993 664 2036 se
688 1975 754 2036 data
777 1977 929 2057 gramina,
952 1993 1078 2039 carmen

226 2064 373 2127 Auxiliare
396 2067 476 2125 canit
487 2112 497 2147 ,
518 2058 710 2142 secretasque
732 2063 855 2125 advocat
876 2074 971 2125 artes.

227 2152 278 2215 lile
301 2169 419 2233 grauem
441 2152 555 2213 medios
578 2151 692 2212 silicem
713 2150 857 2214 iaculatus
879 2153 910 2212 in
932 2152 1035 2213 hostes

163 2243 253 2302 14οΑ
276 2259 308 2302 se
332 2240 488 2322 depulsum
511 2239 634 2301 blartem
658 2241 805 2301 convertit
825 2241 857 2300 in
880 2241 977 2320 ipsos.

227 2327 405 2408 Terrigenae
428 2336 556 2409 pereunt
578 2345 632 2407 per
655 2335 757 2390 mutua
779 2327 901 2390 vulnera
923 2331 1050 2411 iratres,

228 2416 371 2498 civilique
394 2416 504 2478 cadunt
526 2418 611 2477 acie.
639 2424 793 2495 gratantur
815 2415 934 2498 Achivi,

229 2504 435 2584 victoremque
460 2513 562 2566 tenent
583 2503 734 2583 avidisque
757 2503 938 2585 amplexibus
961 2504 1106 2568 haerent.

135 2649 137 2653 .
227 2592 273 2655 Tu
297 2611 415 2673 quoque
439 2594 581 2655 rictorem
603 2591 782 2674 complecti,
804 2591 950 2674 barbara,
973 2592 1084 2674 relies3

105 2750 107 2755 ¹
165 2693 215 2744 145
231 2680 368 2760 [Obstitit
390 2683 528 2762 incoepto
551 2679 669 2761 pudor.
697 2689 728 2741 at
750 2680 900 2761 complexa
923 2681 1071 2763 luisses3.

229 2770 287 2831 Sed
311 2778 363 2851 tc,
386 2788 423 2831 ne
446 2771 582 2851 iaceres,
605 2770 703 2831 tenuit
725 2771 891 2830 reverentia
913 2766 1038 2846 lamae]

229 2859 315 2930 Quod
337 2859 407 2920 licet
418 2906 428 2941 ,
450 2867 571 2938 aspectu
595 2859 685 2918 tacito
708 2856 848 2938 laetaris,
871 2859 991 2937 agisque

229 2946 415 3009 Carminibus
438 2955 537 3026 gretes
560 2954 592 3007 et
613 2946 659 3007 dis
682 2944 853 3007 arrcmribns
876 2945 1001 3006 horum.

273 3034 447 3115 Pervigilem
470 3044 608 3114 superest
631 3032 730 3094 herbis
753 3034 852 3113 sopire
876 3032 1050 3094 draconem.

167 3134 215 3187 iou
230 3124 302 3202 [Qui
326 3126 415 3186 crista
437 3124 605 3203 linguisque
629 3120 725 3183 tribus
746 3124 910 3201 praesignis
934 3129 964 3182 et
986 3124 1076 3183 uncis

230 3211 374 3274 bentibus
397 3210 565 3273 horrendus
589 3219 691 3272 custos
709 3217 772 3271 erat
795 3209 909 3293 arboris
931 3227 1040 3271 aureae
1051 3208 1076 3287 .]

230 3301 316 3363 ilunc
339 3309 495 3381 postquam
517 3301 628 3378 sparsit
650 3298 770 3360 Lethaei
792 3299 924 3377 gramine
942 3300 1007 3358 suci

231 3388 383 3470 Verbaque
408 3397 453 3450 ter
476 3388 549 3450 dixit
571 3386 701 3467 placidos
724 3387 861 3449 facientia
884 3403 1022 3468 somnos,

232 3478 313 3550 Quae
336 3495 418 3539 mare
441 3475 615 3556 turbatum,
638 3493 712 3555 quae
737 3476 851 3536 concita
879 3474 1000 3536 tiumisa
1023 3476 1159 3559 sistunt,

170 3577 217 3626 rso
233 3565 361 3626 Somnus
383 3567 414 3625 in
437 3567 553 3645 ignotos
576 3563 679 3625 oculos
702 3563 759 3625 sibi
781 3565 862 3625 venit
874 3610 884 3645 ,
907 3574 938 3624 et
959 3579 1033 3624 auro
