2467 4042
462 194 545 263 xm,
564 201 722 252 ese-ese.
811 214 929 251 cuncus
1016 193 1082 261 281

61 374 133 425 924
154 361 239 423 Sunt
260 361 348 423 viridi
370 369 455 442 prato
479 362 607 423 confinia
630 359 738 438 litora,
762 379 890 440 quorum

80 482 139 495 —
158 450 265 512 Altera
286 468 356 530 pars
379 450 489 532 undis,
511 467 581 529 pars
604 448 697 511 altera
719 449 855 511 tunditur
877 447 995 531 herbis,

154 538 241 610 Quas
263 555 361 618 neque
385 540 557 617 cornigerae
579 555 682 599 morsu
705 537 818 599 laesere
841 540 1000 619 iuvencae,

152 626 231 688 Nec,
244 625 376 707 placidae
400 628 552 706 carpsistis
575 643 645 687 oves
666 626 799 688 hirtaeve
822 625 967 706 capellae.

154 714 226 776 Non
250 717 313 794 apis
335 713 405 775 inde
424 715 492 775 tulit
515 714 656 775 collectos
679 714 788 776 semine
811 713 918 797 flores,

154 802 227 864 Non
250 802 317 864 data
340 810 411 864 sunt
433 804 521 883 capiti
544 801 671 882 genialia
699 810 800 885 serta,
822 821 921 882 neque
944 819 1084 883 umquam

45 903 136 973 ,930
155 891 321 952 Falcilerae
344 909 468 953 secuere
491 908 618 953 manus.
647 908 702 971 ego
724 893 840 971 primus
862 893 894 952 in
916 890 966 952 illo

156 979 297 1060 Caespite
321 978 465 1061 consedi,
488 979 559 1041 dum
582 978 642 1041 lina
665 979 813 1040 madentirr
835 981 934 1061 sicco,

155 1067 258 1147 thue
282 1085 495 1150 recenserem,
518 1070 649 1148 captivos
673 1067 777 1129 ordine
798 1067 897 1147 pisces

155 1156 288 1236 Insuper
310 1157 456 1236 exposui,
479 1173 555 1235 quos
578 1163 629 1217 ant
651 1157 682 1217 in
704 1158 780 1217 retia
803 1173 890 1217 casus

156 1245 220 1305 Aut
242 1262 297 1306 sua
320 1243 479 1306 credulitas
502 1247 534 1305 in
557 1244 688 1307 aduncos
712 1252 814 1323 egerat
835 1243 956 1306 bamos.

70 1344 140 1397 985
155 1332 219 1394 Res
243 1331 348 1393 similis
370 1333 478 1394 fictae:
501 1332 554 1393 sed
578 1332 649 1411 quid
672 1332 746 1393 mibi
767 1332 881 1412 lingere
902 1327 1051 1412 prodest?

158 1420 301 1482 Gramine
324 1428 460 1483 contacto
484 1422 582 1501 coepit
603 1439 670 1482 mea
691 1419 801 1502 praeda
823 1423 953 1502 moveri,

157 1508 200 1570 Et
221 1516 337 1570 mutare
359 1509 459 1591 latus,
481 1516 644 1590 terraque,
666 1511 754 1570 utin
777 1526 928 1591 aequore,
951 1510 1023 1570 niti.

157 1596 297 1676 Dumque
316 1614 416 1658 moror
434 1599 586 1676 mirorque
606 1597 717 1678 simul,
735 1598 812 1677 lngit
825 1599 922 1658 omnis
940 1599 973 1658 in
992 1596 1086 1658 undas

159 1684 263 1747 Tarrba
282 1703 373 1767 suas,
392 1685 605 1764 dominumque
615 1683 734 1747 'novum
751 1683 881 1765 litusque
895 1685 1086 1765 relinquunt.

74 1785 138 1838 940
156 1771 319 1855 Obstipui,
342 1772 505 1852 dubitoque
529 1774 580 1836 diu
592 1820 602 1857 ,
626 1791 804 1853 causamque
827 1776 967 1855 requiro,

162 1861 243 1923 Num
265 1861 339 1922 deus
361 1860 419 1922 hoc
442 1863 571 1943 aliquis,
593 1880 667 1924 num
690 1880 781 1925 sucus
803 1863 910 1925 lecerit
930 1861 1055 1924 herbae.

162 1946 270 2020 “Quae
292 1958 391 2011 tamen
413 1945 479 2011 bas’
501 1952 622 2029 inquam
646 1947 736 2013 ‘vires
758 1949 848 2011 babet
869 1949 962 2012 herba
975 1945 1015 2012 ?’'

262 2072 266 2079 ·
939 2056 1087 2119 manuque

162 2125 273 2188 Pabula
296 2126 455 2208 decerpsi,
478 2127 679 2207 decerptaque
702 2128 791 2189 dente
814 2128 977 2190 momordi.

162 2213 218 2276 Vix
239 2214 317 2277 bene
341 2214 535 2277 conbiberant
557 2218 675 2306 ignotos
698 2224 819 2296 guttura
842 2234 948 2296 sucos,

84 2314 147 2369 945
163 2303 239 2365 Cum
261 2302 360 2366 subito
380 2303 533 2384 trepidare
556 2306 638 2366 intus
660 2305 834 2384 praecordia
857 2306 955 2385 sensi,

162 2392 353 2470 Alteriusque
375 2395 441 2472 rapi
463 2399 586 2454 naturae
609 2400 716 2472 pectus
739 2410 857 2455 amore.

162 2480 226 2541 Nee
247 2483 332 2560 potui
354 2489 469 2543 restare
492 2480 566 2562 diu,
589 2475 787 2561 “repetenda'
811 2498 869 2560 que
893 2475 1065 2559 ‘numquam

162 2569 279 2651 Terra,
301 2569 363 2631 vale
378 2564 410 2630 !’'
433 2568 495 2630 dixi
507 2616 517 2650 ,
540 2587 710 2650 corpusque
737 2568 794 2631 sub
822 2586 952 2648 aequora
979 2570 1087 2631 mersi.

162 2657 200 2718 bi
221 2660 311 2718 maris
335 2665 493 2738 exceptum
515 2660 596 2719 socio
619 2657 779 2737 dignantur
800 2657 932 2739 bonore,

87 2756 149 2810 950
162 2742 261 2825 thiie
284 2745 357 2807 mihi
379 2763 585 2826 quaecumque
607 2746 702 2808 leram
725 2746 881 2827 mortalia,
904 2746 1042 2827 demant,

163 2832 315 2896 Oceanum
337 2832 513 2914 Tethynque
536 2843 664 2914 rogant.
692 2853 746 2914 ego
769 2834 881 2896 lustror
904 2833 940 2896 ab
962 2834 1038 2914 illis,

163 2921 203 2983 Et
224 2930 371 3002 purgante
394 2924 476 2984 nefas
499 2925 624 2984 noviens
647 2923 719 2983 mibi
743 2926 873 2984 carmine
896 2922 976 2984 dicto

162 3009 288 3072 Pectora
310 3011 483 3072 {luminibus
505 3010 611 3073 iubeor
635 3029 804 3092 supponere
827 3020 962 3073 centum.

161 3098 226 3160 Nec
249 3116 332 3160 mora
343 3147 353 3182 ,
376 3099 501 3160 diversis
524 3099 599 3181 lapsi
621 3100 658 3161 de
681 3098 816 3179 partibus
839 3117 941 3160 amnes

90 3197 148 3250 956
162 3187 299 3267 'lotaque
321 3195 479 3249 vertuntur
502 3205 593 3268 supra
615 3196 705 3268 caput
727 3206 857 3268 aequora
878 3196 1031 3249 nostrum.

161 3275 314 3337 Hactenus
336 3280 402 3337 acta
424 3274 479 3337 tibi
501 3293 625 3355 possum
647 3276 837 3337 memoranda
859 3275 993 3336 relerre:

44 3412 61 3453 ,
161 3363 314 3425 Hactenus
335 3364 409 3426 haec
432 3365 574 3427 memini.
602 3383 659 3426 nec
678 3382 761 3426 mens
780 3381 846 3424 mea
864 3372 964 3424 cetera
977 3363 1086 3424 sensit.

163 3452 247 3523 Quae
259 3460 418 3533 postquam
431 3452 520 3513 rediit
532 3499 542 3534 ,
560 3452 651 3515 elium
664 3471 711 3514 me
726 3470 852 3532 corpore
865 3458 928 3514 toto
955 3463 977 3505 t·
986 3465 1085 3507 enm.

159 3542 205 3603 dc
227 3541 343 3603 ineram
365 3559 485 3622 nuper,
507 3560 604 3621 neque
629 3540 757 3604 eundem
779 3549 879 3602 mente
902 3542 1019 3620 recepi.
