2467 4042
153 175 196 239 10
570 175 741 252 Tmsrruor

239 339 278 401 Et
301 339 412 402 ieriuut
434 346 562 400 maestae
585 331 707 419 pectora
732 337 811 400 nuda
833 356 957 401 manus.

240 428 317 490 Tum
340 446 411 490 vero
434 430 586 509 coniunx,
608 429 722 489 umeris
744 426 882 489 abeuntis
904 428 1091 512 inhaerens,

192 529 226 578 80
241 517 358 578 Miscuit
380 516 453 577 haee
477 515 606 577 lacrimis
629 518 726 577 tristia
749 515 838 577 verba
861 518 953 578 meis:

241 601 318 666 ‘Non
335 613 422 685 potes
440 604 546 666 avelli.
584 604 672 667 simul
690 604 782 685 hinc,
801 603 890 665 simul
908 600 1028 666 ibimus'
1049 608 1181 687 inquit:

241 689 295 753 ‘Te
318 711 426 772 sequar
449 700 480 755 et
502 695 631 755 coniunx
654 693 749 754 exulis
772 692 841 753 exul
864 710 937 754 ero.

240 780 279 843 Et
300 781 373 842 mihi
395 782 472 844 iacta
494 783 540 843 via
563 789 631 863 est,
664 787 694 843 et
716 799 763 842 me
787 783 866 860 capit
888 781 991 843 ultima
1013 782 1133 848 tellus:

240 869 385 931 Accedam
408 870 551 949 profugae
574 871 690 930 sarcina
712 887 802 949 parva
825 872 898 930 rati.

193 969 226 1017 85
240 957 282 1017 'l'e
305 957 389 1018 iubet
411 976 428 1018 a
449 960 545 1038 patria
567 957 721 1019 discedere
746 957 880 1019 Caesaris
902 960 964 1038 ira,

239 1045 286 1106 lle
308 1047 424 1125 pietas.
461 1047 556 1126 pietas
578 1046 652 1107 haec
674 1046 747 1107 mihi
770 1045 877 1107 Caesar
900 1042 985 1109 erit?

240 1131 321 1195 Talia
344 1133 527 1214 temptabat,
551 1135 629 1196 sicut
653 1142 848 1214 temptaverat
870 1142 955 1216 aute,

239 1222 352 1302 Vixque
376 1221 458 1284 dedit
479 1225 571 1283 victas
595 1222 721 1284 utilitate
744 1240 867 1284 manus.

239 1309 406 1396 Egredior,
429 1312 490 1372 sive
513 1310 585 1372 illud
610 1319 674 1372 erat
696 1314 761 1372 sine
784 1312 889 1372 sunere
912 1312 1002 1393 ferri,

193 1411 227 1459 90
243 1387 431 1477 Squalidus
423 1401 554 1460 mmissis
578 1399 656 1460 hirta
678 1417 733 1479 per
756 1417 808 1459 ora
831 1401 938 1460 comis.

239 1486 292 1547 llla
314 1485 416 1547 dolore
439 1505 540 1549 amens
564 1486 696 1548 tenebris
720 1495 858 1548 narratur
881 1486 995 1548 obortis

241 1573 426 1636 Semianimis
449 1576 546 1636 media
567 1575 764 1655 procubuisse
787 1576 889 1656 domo,

240 1662 338 1741 thue
362 1667 527 1725 resurrexit
549 1663 675 1725 foedatis
697 1665 820 1744 pulvere
843 1666 924 1743 turpi

240 1750 378 1812 Crinibus
402 1760 432 1812 et
454 1752 549 1832 gelida
573 1752 705 1813 membra
724 1752 830 1813 levavit
852 1752 961 1832 humo,

192 1851 225 1900 95
241 1839 279 1900 Se
302 1840 413 1921 modo,
439 1840 573 1902 desertos
596 1841 684 1902 modo
708 1840 907 1920 complorasse
929 1846 1070 1922 penates,

238 1927 406 1989 Nomenset
429 1931 524 2009 erepti
547 1947 634 2009 saepe
658 1947 778 1990 vocasse
801 1930 875 2010 viri,

238 2015 300 2077 Nec
323 2019 470 2095 gemuisse
494 2019 614 2099 minus,
638 2036 726 2097 quam
749 2019 775 2078 si
797 2024 943 2096 nataeque
965 2033 1130 2096 meumque

239 2103 367 2166 Vidisset
389 2113 520 2168 structos
543 2123 654 2185 corpus
677 2105 787 2167 habere
809 2123 915 2187 rogos,

239 2191 277 2253 Et
300 2192 428 2254 voluisse
451 2196 549 2274 mori,
572 2195 725 2256 moriendo
744 2211 860 2297 'ponere
884 2212 1007 2275 sensus,

175 2293 225 2341 100
239 2280 447 2362 Respectuque
471 2290 570 2344 tamen
592 2301 653 2345 uon
675 2284 801 2363 periisse
824 2284 902 2343 mei.

238 2368 342 2430 Vivati
366 2378 397 2432 et
413 2370 629 2433 absentem-
652 2373 791 2450 quoniam
815 2372 858 2431 sic
881 2371 940 2432 iata
962 2370 1097 2432 tulerunt
1116 2405 1165 2416 —

239 2455 321 2518 Vivat
344 2466 400 2535 ut,
423 2459 530 2521 auxilio
554 2458 690 2521 sublevet
712 2477 807 2539 usque
832 2475 901 2519 suo.

622 2652 684 2727 IV.

239 2809 397 2889 Tinguitur
420 2827 531 2872 oceano
555 2820 657 2873 custos
679 2811 908 2892 Erymanthidos
931 2829 1036 2891 ursae,

238 2900 467 2977 Aequoreosque
491 2918 545 2961 suo
570 2900 668 2963 sidere
691 2900 792 2962 turbat
814 2918 922 2980 aquas.

238 2986 298 3047 Nos
322 2994 421 3049 tamen
444 2988 560 3049 lonium
583 3006 643 3049 non
666 2997 767 3050 nostra
790 2989 930 3050 findimus
953 3006 1064 3068 aequor

240 3074 372 3156 Sponte,
396 3076 448 3138 sed
472 3076 599 3138 audaces
623 3079 756 3157 cogimur
779 3095 844 3139 esse
868 3084 967 3139 metu.

208 3163 285 3225 elle
308 3164 471 3228 miserum!
496 3167 614 3245 quantis
637 3167 810 3228 increscunt
832 3184 962 3246 aequora
984 3166 1097 3245 ventis,

238 3252 390 3333 Erutaque
414 3273 450 3315 ex
472 3256 539 3315 imis
563 3254 658 3315 servet
680 3255 789 3316 harena
812 3253 915 3316 fretis!

238 3340 338 3403 Monte
361 3360 417 3403 nec
440 3343 564 3404 inferior
586 3360 692 3422 prorae
714 3345 865 3423 puppique
888 3360 1031 3405 recurvae

238 3428 333 3491 lusilit
356 3438 387 3490 et
408 3433 504 3509 pictos
527 3429 665 3491 verberat
687 3431 765 3493 unda
788 3431 878 3494 deos.

238 3516 330 3578 Pinea
352 3526 432 3579 texta
455 3526 561 3580 sonant
583 3518 694 3600 pulsu,
717 3519 845 3580 stridore
869 3520 1030 3598 rudentes,
