<?xml version="1.0" encoding="UTF-8"?>
<!DOCTYPE html PUBLIC "-//W3C//DTD XHTML 1.0 Transitional//EN"
    "http://www.w3.org/TR/xhtml1/DTD/xhtml1-transitional.dtd">
<html xmlns="http://www.w3.org/1999/xhtml" xml:lang="en" lang="en">
 <head>
  <title>
</title>
<meta http-equiv="Content-Type" content="text/html;charset=utf-8" />
  <meta name='ocr-system' content='tesseract 3.04.00' />
  <meta name='ocr-capabilities' content='ocr_page ocr_carea ocr_par ocr_line ocrx_word'/>
</head>
<body>
  <div class='ocr_page' id='page_1' title='image "./povidiusnaso00ehwagoog_0363.png"; bbox 0 0 2467 4042; ppageno 0'>
   <div class='ocr_carea' id='block_1_1' title="bbox 9 15 389 153">
    <p class='ocr_par' dir='ltr' id='par_1_1' title="bbox 9 15 389 153">
     <span class='ocr_line' id='line_1_1' title="bbox 9 15 389 153; baseline -0.005 -29"><span class='ocrx_word' id='word_1_1' title='bbox 9 15 389 153; x_wconf 71' lang='lat' dir='ltr'><strong>-r</strong></span> 
     </span>
    </p>
   </div>
   <div class='ocr_carea' id='block_1_2' title="bbox 436 227 1050 295">
    <p class='ocr_par' dir='ltr' id='par_1_2' title="bbox 436 227 1050 295">
     <span class='ocr_line' id='line_1_2' title="bbox 436 227 1050 295; baseline 0.007 -4"><span class='ocrx_word' id='word_1_2' title='bbox 436 227 634 291; x_wconf 74' lang='lat' dir='ltr'><strong>tot-814.</strong></span> <span class='ocrx_word' id='word_1_3' title='bbox 990 230 1050 295; x_wconf 75' lang='lat'><strong>251</strong></span> 
     </span>
    </p>
   </div>
   <div class='ocr_carea' id='block_1_3' title="bbox 48 380 1009 2053">
    <p class='ocr_par' dir='ltr' id='par_1_3' title="bbox 48 380 1009 2053">
     <span class='ocr_line' id='line_1_3' title="bbox 108 380 1009 458; baseline 0.003 -16"><span class='ocrx_word' id='word_1_4' title='bbox 108 382 199 442; x_wconf 86' lang='lat' dir='ltr'><strong>Hune</strong></span> <span class='ocrx_word' id='word_1_5' title='bbox 214 396 351 457; x_wconf 89' lang='lat' dir='ltr'><strong>quoque,</strong></span> <span class='ocrx_word' id='word_1_6' title='bbox 376 397 437 457; x_wconf 91' lang='lat' dir='ltr'><strong>quo</strong></span> <span class='ocrx_word' id='word_1_7' title='bbox 453 382 609 458; x_wconf 86' lang='lat' dir='ltr'><strong>quondam</strong></span> <span class='ocrx_word' id='word_1_8' title='bbox 623 382 747 442; x_wconf 90' lang='lat' dir='ltr'><strong>nimium</strong></span> <span class='ocrx_word' id='word_1_9' title='bbox 761 380 857 440; x_wconf 82' lang='lat' dir='ltr'>rivale</span> <span class='ocrx_word' id='word_1_10' title='bbox 873 381 1009 446; x_wconf 80' lang='lat' dir='ltr'>dolebas.</span> 
     </span>
     <span class='ocr_line' id='line_1_4' title="bbox 149 463 789 527; baseline -0.005 -3"><span class='ocrx_word' id='word_1_11' title='bbox 149 466 270 525; x_wconf 83' lang='lat' dir='ltr'><strong>Vellem</strong></span> <span class='ocrx_word' id='word_1_12' title='bbox 287 464 447 527; x_wconf 77' lang='lat' dir='ltr'><strong>desineres</strong></span> <span class='ocrx_word' id='word_1_13' title='bbox 462 465 562 525; x_wconf 90' lang='lat' dir='ltr'><strong>hostis</strong></span> <span class='ocrx_word' id='word_1_14' title='bbox 578 463 694 525; x_wconf 81' lang='lat' dir='ltr'><strong>habere</strong></span> <span class='ocrx_word' id='word_1_15' title='bbox 708 465 789 525; x_wconf 87' lang='lat' dir='ltr'><strong>loco.</strong></span> 
     </span>
     <span class='ocr_line' id='line_1_5' title="bbox 106 548 854 624; baseline -0.001 -17"><span class='ocrx_word' id='word_1_16' title='bbox 106 549 147 610; x_wconf 81' lang='lat' dir='ltr'><strong>At</strong></span> <span class='ocrx_word' id='word_1_17' title='bbox 162 556 261 623; x_wconf 86' lang='lat' dir='ltr'><strong>certe,</strong></span> <span class='ocrx_word' id='word_1_18' title='bbox 284 548 426 624; x_wconf 80' lang='lat' dir='ltr'><strong>quamvis</strong></span> <span class='ocrx_word' id='word_1_19' title='bbox 442 549 514 610; x_wconf 92' lang='lat' dir='ltr'><strong>odio</strong></span> <span class='ocrx_word' id='word_1_20' title='bbox 531 556 723 622; x_wconf 83' lang='lat' dir='ltr'><strong>remanente,</strong></span> <span class='ocrx_word' id='word_1_21' title='bbox 746 549 854 608; x_wconf 81' lang='lat' dir='ltr'><strong>saluta.</strong></span> 
     </span>
     <span class='ocr_line' id='line_1_6' title="bbox 150 629 869 707; baseline -0.003 -15"><span class='ocrx_word' id='word_1_22' title='bbox 150 633 266 693; x_wconf 86' lang='lat' dir='ltr'><strong>Oseuln</strong></span> <span class='ocrx_word' id='word_1_23' title='bbox 280 647 351 692; x_wconf 85' lang='lat' dir='ltr'><strong>eum</strong></span> <span class='ocrx_word' id='word_1_24' title='bbox 366 633 481 707; x_wconf 90' lang='lat' dir='ltr'><strong>poteris</strong></span> <span class='ocrx_word' id='word_1_25' title='bbox 497 634 557 693; x_wconf 86' lang='lat' dir='ltr'><strong>iam</strong></span> <span class='ocrx_word' id='word_1_26' title='bbox 575 631 665 706; x_wconf 85' lang='lat' dir='ltr'><strong>dere,</strong></span> <span class='ocrx_word' id='word_1_27' title='bbox 685 647 781 692; x_wconf 84' lang='lat' dir='ltr'><strong>sanus</strong></span> <span class='ocrx_word' id='word_1_28' title='bbox 796 629 869 690; x_wconf 81' lang='lat' dir='ltr'><strong>eris.</strong></span> 
     </span>
     <span class='ocr_line' id='line_1_7' title="bbox 48 716 901 790; baseline -0.006 -12"><span class='ocrx_word' id='word_1_29' title='bbox 48 717 201 789; x_wconf 77' lang='lat' dir='ltr'><strong>ttolioee,</strong></span> <span class='ocrx_word' id='word_1_30' title='bbox 227 716 316 777; x_wconf 85' lang='lat' dir='ltr'><strong>eibos</strong></span> <span class='ocrx_word' id='word_1_31' title='bbox 336 716 441 790; x_wconf 85' lang='lat' dir='ltr'><strong>etiem,</strong></span> <span class='ocrx_word' id='word_1_32' title='bbox 464 716 635 776; x_wconf 78' lang='lat' dir='ltr'><strong>medicinae</strong></span> <span class='ocrx_word' id='word_1_33' title='bbox 649 716 759 790; x_wconf 74' lang='lat' dir='ltr'><strong>tunger</strong></span> <span class='ocrx_word' id='word_1_34' title='bbox 771 722 805 776; x_wconf 89' lang='lat' dir='ltr'><strong>ut</strong></span> <span class='ocrx_word' id='word_1_35' title='bbox 819 719 901 775; x_wconf 89' lang='lat' dir='ltr'><strong>omni</strong></span> 
     </span>
     <span class='ocr_line' id='line_1_8' title="bbox 145 798 948 876; baseline -0.005 -15"><span class='ocrx_word' id='word_1_36' title='bbox 145 799 294 873; x_wconf 81' lang='lat' dir='ltr'><strong>Munere,</strong></span> <span class='ocrx_word' id='word_1_37' title='bbox 319 807 399 875; x_wconf 87' lang='lat' dir='ltr'><strong>quos</strong></span> <span class='ocrx_word' id='word_1_38' title='bbox 415 800 514 876; x_wconf 79' lang='lat' dir='ltr'><strong>fugias</strong></span> <span class='ocrx_word' id='word_1_39' title='bbox 530 815 674 876; x_wconf 89' lang='lat' dir='ltr'><strong>quosque</strong></span> <span class='ocrx_word' id='word_1_40' title='bbox 689 814 836 873; x_wconf 82' lang='lat' dir='ltr'><strong>sequare,</strong></span> <span class='ocrx_word' id='word_1_41' title='bbox 857 798 948 859; x_wconf 83' lang='lat' dir='ltr'><strong>dubo.</strong></span> 
     </span>
     <span class='ocr_line' id='line_1_9' title="bbox 106 882 927 961; baseline 0.006 -18"><span class='ocrx_word' id='word_1_42' title='bbox 106 884 261 956; x_wconf 82' lang='lat' dir='ltr'><strong>Daunius,</strong></span> <span class='ocrx_word' id='word_1_43' title='bbox 284 899 325 943; x_wconf 82' lang='lat' dir='ltr'><strong>an</strong></span> <span class='ocrx_word' id='word_1_44' title='bbox 338 883 464 961; x_wconf 81' lang='lat' dir='ltr'><strong>Libyeis</strong></span> <span class='ocrx_word' id='word_1_45' title='bbox 480 883 590 945; x_wconf 90' lang='lat' dir='ltr'><strong>bulbus</strong></span> <span class='ocrx_word' id='word_1_46' title='bbox 604 883 658 943; x_wconf 91' lang='lat' dir='ltr'><strong>tibi</strong></span> <span class='ocrx_word' id='word_1_47' title='bbox 672 884 786 944; x_wconf 89' lang='lat' dir='ltr'><strong>missus</strong></span> <span class='ocrx_word' id='word_1_48' title='bbox 801 882 840 942; x_wconf 83' lang='lat' dir='ltr'><strong>ab</strong></span> <span class='ocrx_word' id='word_1_49' title='bbox 855 883 927 948; x_wconf 85' lang='lat' dir='ltr'><strong>oris.</strong></span> 
     </span>
     <span class='ocr_line' id='line_1_10' title="bbox 145 966 814 1043; baseline -0.006 -14"><span class='ocrx_word' id='word_1_50' title='bbox 145 969 197 1029; x_wconf 81' lang='lat' dir='ltr'><strong>An</strong></span> <span class='ocrx_word' id='word_1_51' title='bbox 211 967 319 1030; x_wconf 85' lang='lat' dir='ltr'><strong>veniet</strong></span> <span class='ocrx_word' id='word_1_52' title='bbox 335 967 484 1043; x_wconf 76' lang='lat' dir='ltr'><strong>Megaris,</strong></span> <span class='ocrx_word' id='word_1_53' title='bbox 507 968 620 1030; x_wconf 83' lang='lat' dir='ltr'><strong>noxius</strong></span> <span class='ocrx_word' id='word_1_54' title='bbox 635 968 734 1028; x_wconf 90' lang='lat' dir='ltr'><strong>omnis</strong></span> <span class='ocrx_word' id='word_1_55' title='bbox 750 966 814 1026; x_wconf 88' lang='lat' dir='ltr'><strong>erit.</strong></span> 
     </span>
     <span class='ocr_line' id='line_1_11' title="bbox 105 1052 792 1127; baseline -0.001 -16"><span class='ocrx_word' id='word_1_56' title='bbox 105 1052 169 1115; x_wconf 85' lang='lat' dir='ltr'><strong>Neo</strong></span> <span class='ocrx_word' id='word_1_57' title='bbox 183 1052 288 1113; x_wconf 87' lang='lat' dir='ltr'><strong>minus</strong></span> <span class='ocrx_word' id='word_1_58' title='bbox 304 1067 415 1112; x_wconf 85' lang='lat' dir='ltr'><strong>eruens</strong></span> <span class='ocrx_word' id='word_1_59' title='bbox 430 1058 534 1127; x_wconf 86' lang='lat' dir='ltr'><strong>aptum</strong></span> <span class='ocrx_word' id='word_1_60' title='bbox 549 1052 645 1112; x_wconf 81' lang='lat' dir='ltr'><strong>vitare</strong></span> <span class='ocrx_word' id='word_1_61' title='bbox 661 1053 792 1126; x_wconf 80' lang='lat' dir='ltr'><strong>salaces,</strong></span> 
     </span>
     <span class='ocr_line' id='line_1_12' title="bbox 50 1135 853 1213; baseline -0.005 -16"><span class='ocrx_word' id='word_1_62' title='bbox 50 1146 96 1197; x_wconf 81' lang='lat' dir='ltr'><strong>tot</strong></span> <span class='ocrx_word' id='word_1_63' title='bbox 144 1135 185 1197; x_wconf 85' lang='lat' dir='ltr'><strong>Et</strong></span> <span class='ocrx_word' id='word_1_64' title='bbox 199 1135 352 1213; x_wconf 89' lang='lat' dir='ltr'><strong>quiequid</strong></span> <span class='ocrx_word' id='word_1_65' title='bbox 366 1136 471 1196; x_wconf 87' lang='lat' dir='ltr'><strong>veneri</strong></span> <span class='ocrx_word' id='word_1_66' title='bbox 486 1151 618 1212; x_wconf 77' lang='lat' dir='ltr'><strong>corpora</strong></span> <span class='ocrx_word' id='word_1_67' title='bbox 633 1141 740 1197; x_wconf 86' lang='lat' dir='ltr'><strong>nostro</strong></span> <span class='ocrx_word' id='word_1_68' title='bbox 758 1141 853 1210; x_wconf 80' lang='lat' dir='ltr'><strong>parnt</strong></span> 
     </span>
     <span class='ocr_line' id='line_1_13' title="bbox 106 1220 732 1292; baseline -0.003 -11"><span class='ocrx_word' id='word_1_69' title='bbox 106 1220 218 1281; x_wconf 84' lang='lat' dir='ltr'><strong>Utilius</strong></span> <span class='ocrx_word' id='word_1_70' title='bbox 233 1236 342 1282; x_wconf 82' lang='lat' dir='ltr'><strong>sumes</strong></span> <span class='ocrx_word' id='word_1_71' title='bbox 357 1220 495 1281; x_wconf 79' lang='lat' dir='ltr'><strong>senentis</strong></span> <span class='ocrx_word' id='word_1_72' title='bbox 508 1221 625 1281; x_wconf 84' lang='lat' dir='ltr'><strong>lumine</strong></span> <span class='ocrx_word' id='word_1_73' title='bbox 638 1226 732 1292; x_wconf 79' lang='lat' dir='ltr'><strong>rutas,</strong></span> 
     </span>
     <span class='ocr_line' id='line_1_14' title="bbox 145 1302 859 1380; baseline -0.004 -17"><span class='ocrx_word' id='word_1_74' title='bbox 145 1304 184 1364; x_wconf 81' lang='lat' dir='ltr'><strong>Et</strong></span> <span class='ocrx_word' id='word_1_75' title='bbox 202 1304 356 1380; x_wconf 88' lang='lat' dir='ltr'><strong>quidquid</strong></span> <span class='ocrx_word' id='word_1_76' title='bbox 369 1302 474 1365; x_wconf 85' lang='lat' dir='ltr'><strong>veneri</strong></span> <span class='ocrx_word' id='word_1_77' title='bbox 488 1320 621 1380; x_wconf 78' lang='lat' dir='ltr'><strong>corpora</strong></span> <span class='ocrx_word' id='word_1_78' title='bbox 638 1310 743 1364; x_wconf 82' lang='lat' dir='ltr'><strong>nostru</strong></span> <span class='ocrx_word' id='word_1_79' title='bbox 758 1309 859 1376; x_wconf 77' lang='lat' dir='ltr'><strong>negat.</strong></span> 
     </span>
     <span class='ocr_line' id='line_1_15' title="bbox 106 1386 959 1465; baseline -0.004 -18"><span class='ocrx_word' id='word_1_80' title='bbox 106 1386 184 1462; x_wconf 79' lang='lat' dir='ltr'><strong>Quid</strong></span> <span class='ocrx_word' id='word_1_81' title='bbox 200 1388 255 1449; x_wconf 90' lang='lat' dir='ltr'><strong>tibi</strong></span> <span class='ocrx_word' id='word_1_82' title='bbox 267 1387 456 1465; x_wconf 78' lang='lat' dir='ltr'><strong>praecipium</strong></span> <span class='ocrx_word' id='word_1_83' title='bbox 473 1388 512 1450; x_wconf 89' lang='lat' dir='ltr'><strong>de</strong></span> <span class='ocrx_word' id='word_1_84' title='bbox 523 1387 638 1449; x_wconf 86' lang='lat' dir='ltr'><strong>Booohi</strong></span> <span class='ocrx_word' id='word_1_85' title='bbox 654 1402 794 1461; x_wconf 89' lang='lat' dir='ltr'><strong>munere,</strong></span> <span class='ocrx_word' id='word_1_86' title='bbox 818 1387 959 1460; x_wconf 77' lang='lat' dir='ltr'><strong>quaerist</strong></span> 
     </span>
     <span class='ocr_line' id='line_1_16' title="bbox 146 1471 779 1549; baseline -0.006 -16"><span class='ocrx_word' id='word_1_87' title='bbox 146 1471 215 1549; x_wconf 87' lang='lat' dir='ltr'><strong>Spe</strong></span> <span class='ocrx_word' id='word_1_88' title='bbox 229 1473 356 1532; x_wconf 89' lang='lat' dir='ltr'><strong>brevius</strong></span> <span class='ocrx_word' id='word_1_89' title='bbox 371 1472 494 1534; x_wconf 88' lang='lat' dir='ltr'><strong>monitis</strong></span> <span class='ocrx_word' id='word_1_90' title='bbox 508 1471 678 1547; x_wconf 85' lang='lat' dir='ltr'><strong>expediere</strong></span> <span class='ocrx_word' id='word_1_91' title='bbox 692 1471 779 1532; x_wconf 90' lang='lat' dir='ltr'><strong>meis.</strong></span> 
     </span>
     <span class='ocr_line' id='line_1_17' title="bbox 54 1556 949 1632; baseline -0.004 -16"><span class='ocrx_word' id='word_1_92' title='bbox 54 1556 184 1617; x_wconf 66' lang='lat' dir='ltr'><strong>nivino</strong></span> <span class='ocrx_word' id='word_1_93' title='bbox 200 1564 312 1632; x_wconf 82' lang='lat' dir='ltr'><strong>parunt</strong></span> <span class='ocrx_word' id='word_1_94' title='bbox 326 1556 459 1617; x_wconf 83' lang='lat' dir='ltr'><strong>animum</strong></span> <span class='ocrx_word' id='word_1_95' title='bbox 472 1556 593 1629; x_wconf 84' lang='lat' dir='ltr'><strong>veneri,</strong></span> <span class='ocrx_word' id='word_1_96' title='bbox 616 1556 674 1616; x_wconf 91' lang='lat' dir='ltr'><strong>nisi</strong></span> <span class='ocrx_word' id='word_1_97' title='bbox 691 1556 822 1631; x_wconf 82' lang='lat' dir='ltr'><strong>piurima</strong></span> <span class='ocrx_word' id='word_1_98' title='bbox 835 1569 949 1622; x_wconf 82' lang='lat' dir='ltr'><strong>sumas,</strong></span> 
     </span>
     <span class='ocr_line' id='line_1_18' title="bbox 144 1640 810 1716; baseline -0.008 -16"><span class='ocrx_word' id='word_1_99' title='bbox 144 1641 184 1700; x_wconf 81' lang='lat' dir='ltr'><strong>itt</strong></span> <span class='ocrx_word' id='word_1_100' title='bbox 200 1647 346 1716; x_wconf 78' lang='lat' dir='ltr'><strong>stupeant</strong></span> <span class='ocrx_word' id='word_1_101' title='bbox 360 1641 452 1701; x_wconf 88' lang='lat' dir='ltr'><strong>multo</strong></span> <span class='ocrx_word' id='word_1_102' title='bbox 470 1640 566 1700; x_wconf 83' lang='lat' dir='ltr'><strong>eorde</strong></span> <span class='ocrx_word' id='word_1_103' title='bbox 579 1640 701 1715; x_wconf 78' lang='lat' dir='ltr'><strong>sepulte</strong></span> <span class='ocrx_word' id='word_1_104' title='bbox 716 1653 810 1698; x_wconf 89' lang='lat' dir='ltr'><strong>mero.</strong></span> 
     </span>
     <span class='ocr_line' id='line_1_19' title="bbox 106 1721 801 1799; baseline -0.009 -15"><span class='ocrx_word' id='word_1_105' title='bbox 106 1722 241 1786; x_wconf 81' lang='lat' dir='ltr'><strong>Nutritur</strong></span> <span class='ocrx_word' id='word_1_106' title='bbox 257 1730 364 1798; x_wconf 88' lang='lat' dir='ltr'><strong>vento,</strong></span> <span class='ocrx_word' id='word_1_107' title='bbox 387 1731 479 1784; x_wconf 89' lang='lat' dir='ltr'><strong>vento</strong></span> <span class='ocrx_word' id='word_1_108' title='bbox 494 1723 692 1799; x_wconf 78' lang='lat' dir='ltr'><strong>restinguitur</strong></span> <span class='ocrx_word' id='word_1_109' title='bbox 705 1721 801 1797; x_wconf 79' lang='lat' dir='ltr'><strong>ignis:</strong></span> 
     </span>
     <span class='ocr_line' id='line_1_20' title="bbox 144 1805 849 1883; baseline -0.006 -14"><span class='ocrx_word' id='word_1_110' title='bbox 144 1808 242 1870; x_wconf 88' lang='lat' dir='ltr'><strong>Lenis</strong></span> <span class='ocrx_word' id='word_1_111' title='bbox 257 1808 312 1868; x_wconf 81' lang='lat' dir='ltr'><strong>alit</strong></span> <span class='ocrx_word' id='word_1_112' title='bbox 324 1805 479 1880; x_wconf 82' lang='lat' dir='ltr'><strong>flammas,</strong></span> <span class='ocrx_word' id='word_1_113' title='bbox 502 1808 649 1883; x_wconf 80' lang='lat' dir='ltr'><strong>grandior</strong></span> <span class='ocrx_word' id='word_1_114' title='bbox 663 1823 738 1867; x_wconf 80' lang='lat' dir='ltr'><strong>nuru</strong></span> <span class='ocrx_word' id='word_1_115' title='bbox 752 1815 849 1866; x_wconf 86' lang='lat' dir='ltr'><strong>necat</strong></span> 
     </span>
     <span class='ocr_line' id='line_1_21' title="bbox 106 1890 901 1966; baseline -0.003 -14"><span class='ocrx_word' id='word_1_116' title='bbox 106 1893 166 1954; x_wconf 75' lang='lat' dir='ltr'><strong>Aut</strong></span> <span class='ocrx_word' id='word_1_117' title='bbox 183 1893 272 1953; x_wconf 84' lang='lat' dir='ltr'><strong>nulio</strong></span> <span class='ocrx_word' id='word_1_118' title='bbox 286 1892 432 1966; x_wconf 79' lang='lat' dir='ltr'><strong>ebrietes,</strong></span> <span class='ocrx_word' id='word_1_119' title='bbox 455 1899 508 1954; x_wconf 82' lang='lat' dir='ltr'><strong>eut</strong></span> <span class='ocrx_word' id='word_1_120' title='bbox 521 1897 604 1952; x_wconf 80' lang='lat' dir='ltr'><strong>tenta</strong></span> <span class='ocrx_word' id='word_1_121' title='bbox 618 1891 673 1964; x_wconf 83' lang='lat' dir='ltr'><strong>sit,</strong></span> <span class='ocrx_word' id='word_1_122' title='bbox 696 1898 729 1951; x_wconf 93' lang='lat' dir='ltr'><strong>ut</strong></span> <span class='ocrx_word' id='word_1_123' title='bbox 742 1890 796 1951; x_wconf 91' lang='lat' dir='ltr'><strong>tibi</strong></span> <span class='ocrx_word' id='word_1_124' title='bbox 811 1906 901 1951; x_wconf 81' lang='lat' dir='ltr'><strong>euros</strong></span> 
     </span>
     <span class='ocr_line' id='line_1_22' title="bbox 59 1975 858 2053; baseline -0.004 -18"><span class='ocrx_word' id='word_1_125' title='bbox 59 1982 100 2037; x_wconf 82' lang='lat' dir='ltr'><strong>tit</strong></span> <span class='ocrx_word' id='word_1_126' title='bbox 144 1975 276 2053; x_wconf 84' lang='lat' dir='ltr'><strong>Eripiut.</strong></span> <span class='ocrx_word' id='word_1_127' title='bbox 299 1975 391 2052; x_wconf 87' lang='lat' dir='ltr'><strong>siqua</strong></span> <span class='ocrx_word' id='word_1_128' title='bbox 407 1982 455 2036; x_wconf 90' lang='lat' dir='ltr'><strong>est</strong></span> <span class='ocrx_word' id='word_1_129' title='bbox 469 1976 547 2037; x_wconf 90' lang='lat' dir='ltr'><strong>inter</strong></span> <span class='ocrx_word' id='word_1_130' title='bbox 560 1982 736 2051; x_wconf 87' lang='lat' dir='ltr'><strong>utrumque,</strong></span> <span class='ocrx_word' id='word_1_131' title='bbox 758 1984 858 2036; x_wconf 88' lang='lat' dir='ltr'><strong>noeet.</strong></span> 
     </span>
    </p>
   </div>
   <div class='ocr_carea' id='block_1_4' title="bbox 108 2058 862 2137">
    <p class='ocr_par' dir='ltr' id='par_1_4' title="bbox 108 2058 862 2137">
     <span class='ocr_line' id='line_1_23' title="bbox 108 2058 862 2137; baseline -0.003 -18"><span class='ocrx_word' id='word_1_132' title='bbox 108 2058 170 2121; x_wconf 86' lang='lat' dir='ltr'><strong>Hoo</strong></span> <span class='ocrx_word' id='word_1_133' title='bbox 188 2076 271 2137; x_wconf 90' lang='lat' dir='ltr'><strong>opus</strong></span> <span class='ocrx_word' id='word_1_134' title='bbox 285 2061 385 2135; x_wconf 77' lang='lat' dir='ltr'><strong>exegi.</strong></span> <span class='ocrx_word' id='word_1_135' title='bbox 416 2059 533 2121; x_wconf 84' lang='lat' dir='ltr'><strong>Fossae</strong></span> <span class='ocrx_word' id='word_1_136' title='bbox 548 2060 620 2122; x_wconf 79' lang='lat' dir='ltr'><strong>date</strong></span> <span class='ocrx_word' id='word_1_137' title='bbox 634 2066 717 2120; x_wconf 80' lang='lat' dir='ltr'><strong>serta</strong></span> <span class='ocrx_word' id='word_1_138' title='bbox 731 2060 862 2119; x_wconf 75' lang='lat' dir='ltr'><strong>curione,</strong></span> 
     </span>
    </p>
   </div>
   <div class='ocr_carea' id='block_1_5' title="bbox 109 2143 863 2390">
    <p class='ocr_par' dir='ltr' id='par_1_5' title="bbox 109 2143 863 2390">
     <span class='ocr_line' id='line_1_24' title="bbox 147 2143 863 2221; baseline -0.003 -15"><span class='ocrx_word' id='word_1_139' title='bbox 147 2143 341 2221; x_wconf 60' lang='lat' dir='ltr'><strong>Condfflmus</strong></span> <span class='ocrx_word' id='word_1_140' title='bbox 355 2150 478 2221; x_wconf 87' lang='lat' dir='ltr'><strong>portus,</strong></span> <span class='ocrx_word' id='word_1_141' title='bbox 500 2160 562 2219; x_wconf 91' lang='lat' dir='ltr'><strong>quo</strong></span> <span class='ocrx_word' id='word_1_142' title='bbox 577 2143 651 2203; x_wconf 91' lang='lat' dir='ltr'><strong>mihi</strong></span> <span class='ocrx_word' id='word_1_143' title='bbox 665 2158 775 2205; x_wconf 82' lang='lat' dir='ltr'><strong>cursus</strong></span> <span class='ocrx_word' id='word_1_144' title='bbox 790 2152 863 2204; x_wconf 79' lang='lat' dir='ltr'><strong>erut</strong></span> 
     </span>
     <span class='ocr_line' id='line_1_25' title="bbox 109 2225 821 2305; baseline 0.006 -20"><span class='ocrx_word' id='word_1_145' title='bbox 109 2225 275 2291; x_wconf 78' lang='lat' dir='ltr'><strong>Postmodo</strong></span> <span class='ocrx_word' id='word_1_146' title='bbox 291 2228 427 2291; x_wconf 86' lang='lat' dir='ltr'><strong>reddetis</strong></span> <span class='ocrx_word' id='word_1_147' title='bbox 442 2244 531 2289; x_wconf 78' lang='lat' dir='ltr'><strong>suero</strong></span> <span class='ocrx_word' id='word_1_148' title='bbox 547 2229 599 2305; x_wconf 82' lang='lat' dir='ltr'><strong>pia</strong></span> <span class='ocrx_word' id='word_1_149' title='bbox 614 2235 686 2289; x_wconf 78' lang='lat' dir='ltr'><strong>vote</strong></span> <span class='ocrx_word' id='word_1_150' title='bbox 699 2236 821 2305; x_wconf 82' lang='lat' dir='ltr'><strong>postne.</strong></span> 
     </span>
     <span class='ocr_line' id='line_1_26' title="bbox 147 2311 751 2390; baseline -0.008 -15"><span class='ocrx_word' id='word_1_151' title='bbox 147 2311 292 2375; x_wconf 74' lang='lat' dir='ltr'><strong>carmine</strong></span> <span class='ocrx_word' id='word_1_152' title='bbox 308 2313 406 2374; x_wconf 83' lang='lat' dir='ltr'><strong>saneti</strong></span> <span class='ocrx_word' id='word_1_153' title='bbox 424 2312 536 2374; x_wconf 80' lang='lat' dir='ltr'><strong>semino</strong></span> <span class='ocrx_word' id='word_1_154' title='bbox 550 2312 658 2390; x_wconf 86' lang='lat' dir='ltr'><strong>virque</strong></span> <span class='ocrx_word' id='word_1_155' title='bbox 672 2327 751 2372; x_wconf 91' lang='lat' dir='ltr'><strong>meo.</strong></span> 
     </span>
    </p>
   </div>
   <div class='ocr_carea' id='block_1_6' title="bbox 0 0 1238 4042">
    <p class='ocr_par' dir='ltr' id='par_1_6' title="bbox 0 0 1238 4042">
     <span class='ocr_line' id='line_1_27' title="bbox 0 0 1238 4042; baseline 0 0"><span class='ocrx_word' id='word_1_156' title='bbox 0 0 1238 4042; x_wconf 95' lang='lat' dir='ltr'><strong> </strong></span> 
     </span>
    </p>
   </div>
  </div>
 </body>
</html>
