2467 4042
439 205 487 275 rr.
505 225 652 276 ece-ceo.
983 218 1048 285 345

67 397 118 447 4³5
131 384 456 466 ductoria-incerto,
478 402 528 447 res
550 393 598 447 est
618 385 771 448 Romana.
813 392 914 446 tuetur
990 397 1047 449 (210)

176 472 264 535 Vesta
276 517 286 552 ,
308 473 388 552 quod
410 472 528 534 assiduo
551 473 662 535 lumine
685 482 792 535 cuncta
813 473 909 534 videt.

132 560 197 622 Heu
220 568 364 641 quantum
386 563 513 622 timuere
536 569 659 642 patres,
681 579 740 641 quo
762 569 898 639 tempore
920 559 1007 622 Vesta

23 714 24 717 Ἴ
175 648 257 709 Arsit
268 695 278 730 ,
301 656 332 709 et
354 657 400 710 est
421 650 511 709 tectis
533 648 640 710 obruta
662 667 755 728 paene
778 647 859 710 suis!

132 734 308 814 Flagrabant
329 738 425 797 sancti
447 735 599 798 sceleratis
622 735 740 815 ignibus
763 739 864 817 ignes,

23 892 25 905 Ι
66 835 118 885 tao
142 878 147 885 .
176 823 324 902 Mixtaque
347 832 411 886 crat
432 823 567 885 dammae
589 824 706 886 flamma
727 825 849 904 prolana
872 825 954 903 piae.

23 906 26 929 ¹
131 912 280 973 Attonitae
302 910 413 973 tlebant
436 912 564 973 demisso
588 913 670 973 crine
694 913 863 973 ministrae:

23 993 24 1003 ’
175 997 345 1060 Abstulerat
368 1001 446 1060 vires
469 1002 603 1080 corporis
626 1003 690 1079 ipse
713 1002 819 1061 timor.

23 1070 28 1111 ¹
130 1086 267 1147 Provolat
288 1088 320 1147 in
343 1086 474 1148 medium
486 1133 495 1167 ,
518 1095 550 1148 et
571 1105 677 1166 magna
699 1083 881 1149 ‘succurrite
896 1081 922 1147 i'
946 1103 1016 1146 voce

23 1161 26 1198 ¹
175 1169 257 1235 ‘Non
280 1181 326 1235 est
349 1175 490 1235 auxilium
512 1171 600 1236 llere'
624 1175 762 1237 Metellus
784 1178 841 1236 ait.

23 1250 29 1351 ‚¹
61 1273 116 1323 445
132 1257 275 1340 ‘Pignora
297 1264 437 1340 virgiacis
460 1262 557 1323 fatalia
579 1263 673 1325 tollite
696 1261 817 1344 palmis!

23 1354 26 1381 ⁵
174 1347 241 1409 Non
264 1366 299 1408 ea
313 1347 391 1411 'sunt
413 1357 503 1429 roto,
527 1350 579 1411 sed
601 1351 743 1431 rapienda
765 1348 870 1412 manui

129 1434 176 1497 lle
199 1434 364 1497 miserum!
397 1435 539 1498 dubitatis
552 1432 584 1499 θ’
607 1440 669 1500 ait.
710 1437 846 1500 dubitare
869 1436 1003 1518 ridebat,

174 1521 213 1585 Et
234 1523 355 1602 pavidas
376 1527 473 1603 posito
495 1524 691 1604 procubuisse
714 1544 809 1605 genu.

23 1612 26 1645 ⁸
129 1610 236 1672 Haurit
259 1629 372 1692 aquas,
395 1611 561 1692 tollensque
584 1631 689 1675 manus
701 1661 711 1694 ,
734 1610 894 1693 ‘ignoscite
907 1608 932 1694 ,'
956 1613 1030 1676 dixit

58 1712 116 1763 450
176 1696 304 1760 ‘Sacral
336 1701 382 1759 vir
404 1698 522 1760 intrabo
544 1719 604 1762 non
628 1701 760 1762 adeunda
783 1703 864 1763 viro.

23 1782 32 1825 l
132 1787 164 1848 Si
186 1786 284 1848 scelus
307 1794 354 1848 est
366 1834 375 1867 ,
397 1788 428 1848 iu
451 1804 499 1848 me
522 1790 672 1849 commissi
695 1806 789 1867 poena
812 1789 976 1853 redundet:

177 1874 223 1935 sit
244 1876 349 1954 capitis
372 1874 478 1936 damno
501 1874 594 1936 Roma
617 1876 712 1938 soluta
735 1879 794 1938 mei
804 1873 826 1937 .'

22 1962 31 2005 i
130 1961 231 2043 Dixit,
255 1970 286 2023 et
307 1964 437 2042 irrupit.
478 1962 590 2025 iactum
612 1964 668 2025 dea
690 1973 774 2043 rapta
795 1963 948 2045 probarit,

30 2048 32 2055 ’
174 2049 385 2130 Pontiiioisque
409 2052 456 2111 sui
478 2068 602 2112 munere
625 2060 688 2114 tuta
711 2053 784 2114 luit.

22 2143 32 2184 i
55 2150 115 2201 455
130 2136 217 2198 Nunc
239 2136 315 2198 bene
337 2137 445 2198 lucetis
468 2156 568 2199 sacrae
591 2139 648 2201 sub
671 2138 795 2201 Caesare
818 2140 968 2202 flammae:

174 2224 255 2304 ignis
276 2228 309 2286 in
331 2224 427 2287 Iliacis
449 2243 530 2287 nuuc
553 2229 611 2288 erit
634 2233 739 2307 estque
762 2228 853 2289 iocis.

23 2318 35 2363 i
130 2312 275 2393 Nullaque
298 2313 414 2374 dicetur
436 2316 524 2375 vittas
546 2322 708 2376 temerasse
732 2315 870 2377 sacerdos

174 2400 238 2462 Hoc
260 2400 359 2482 duce,
381 2419 437 2463 nee
460 2404 523 2462 riva
546 2403 713 2465 defodietur
735 2403 844 2465 humo.

22 2490 37 2531 i
131 2489 181 2550 Sic
203 2491 317 2550 incesta
339 2490 439 2568 perit,
462 2492 531 2567 quia
554 2509 642 2570 quam
666 2490 803 2573 violavit,
826 2490 958 2552 inillam

51 2591 116 2643 460
176 2575 342 2656 Conditor,
365 2583 396 2636 et
418 2576 518 2638 'lellus
541 2577 688 2660 Vestaque
710 2597 821 2641 numen
844 2579 923 2640 idem
945 2586 1007 2640 est.

23 2666 39 2733 ,a
99 2703 102 2709 -
130 2663 207 2725 'lum
231 2662 288 2724 sibi
311 2662 435 2724 Callaico
458 2663 570 2727 Brutus
592 2685 756 2747 cognomen
779 2667 816 2729 ab
838 2667 923 2728 hoste

176 2749 281 2832 Fecit,
304 2757 335 2811 et
356 2749 516 2831 Hispanam
539 2758 681 2833 sanguine
703 2757 793 2817 tinxit
813 2755 954 2817 humum.

25 2844 41 2910 ti
132 2839 252 2901 Scilicet
273 2838 425 2901 interdum
447 2842 610 2903 miscentur
632 2845 730 2904 tristia
751 2842 854 2925 laetis,

174 2926 236 2989 Nec
259 2927 401 3006 populum
424 2936 487 2989 toto
509 2934 631 3009 pectore
654 2931 728 2992 testa
751 2933 868 2993 iurant.

22 3028 115 3084 o'4eo
130 3016 256 3079 Crassus
278 3016 315 3076 ad
337 3015 510 3094 Euphraten
533 3018 645 3096 aquilas
667 3026 829 3098 natumque
852 3037 980 3099 suosque

174 3101 329 3184 Perdidit,
352 3111 383 3164 et
403 3103 463 3164 leto
486 3113 532 3165 est
554 3104 676 3166 ultimus
699 3108 763 3186 ipse
785 3106 889 3170 datus.

28 3198 43 3250 a
131 3189 278 3271 ‘Parthe,
301 3190 372 3270 quid
395 3191 509 3253 exultas
522 3187 554 3253 θ’
579 3192 653 3254 dixit
675 3193 730 3254 dea
753 3188 850 3274 ‘signa
873 3196 1025 3277 remittes,

22 3334 25 3345 .
174 3279 292 3358 Quique
315 3296 420 3341 necem
442 3279 542 3342 Crassi
563 3280 714 3363 vindicet,
738 3281 818 3343 ultor
840 3277 930 3343 erit.'
994 3325 997 3329 -

23 3560 37 3611 d
