2467 4042
144 228 205 294 126
310 246 448 283 sonabas
554 225 733 282 ΜΕΤΔΜΜ.

229 394 359 456 Sollicito
382 411 484 455 manes
505 401 660 473 totumque
683 393 863 457 tremoribus
886 395 1009 460 orbern.

163 496 213 547 τοο
227 483 289 545 Hac
311 501 367 563 ope
391 481 551 543 debueram
573 481 716 543 thalamos
738 485 882 565 petiisse;
904 502 1062 565 socerque

142 632 146 638 .
227 571 293 633 Non
316 571 445 633 orandus
467 578 553 651 erat,
575 572 604 630 ri
627 570 680 632 sed
702 570 855 633 faciendus
877 571 1078 637 Erechtheus
1093 573 1120 639 .’

227 659 307 722 llaec
330 659 440 721 boreas
462 666 514 721 aut
535 658 582 719 his
605 676 665 719 nou
688 660 830 721 interiora
852 660 970 723 locutus

227 749 366 811 Excussit
387 765 500 828 pennas
512 794 521 829 ,
545 764 672 826 quarum
694 747 850 809 iactatibus
874 752 971 811 omnis

227 837 341 899 hdllata
363 845 410 898 est
431 835 519 898 tellus
542 833 692 916 latumque
714 835 888 916 perhorruit
910 856 1051 919 aequor:

163 936 213 987 roo
227 926 459 1004 Pulvereamque
481 923 604 985 trahens
615 942 672 1004 por
693 942 808 986 summa
831 929 982 988 cacumina
1006 929 1142 1008 pallam

227 1013 327 1076 verrit
347 1013 493 1095 humum,
514 1012 708 1093 pavidamque
731 1022 813 1076 metu
837 1014 960 1094 caligine
983 1024 1097 1079 tectus

228 1103 382 1183 Orithyian
404 1119 506 1164 amans
527 1101 615 1162 lulvis
638 1101 826 1182 amplectitur
848 1102 916 1164 alls.

228 1191 304 1254 llum
326 1191 404 1253 volat
416 1238 426 1272 ,
449 1198 588 1252 arserunt
610 1191 711 1269 agitati
734 1190 842 1252 fortius
863 1194 964 1270 ignes.

227 1279 289 1341 Neo
310 1282 395 1359 prius
417 1280 491 1340 aerii
513 1296 620 1340 cursus
643 1276 810 1358 subpressit
831 1279 977 1361 habenas,

162 1380 213 1432 tto
228 1369 323 1441 Quam
345 1366 488 1429 Ciconum
511 1368 608 1429 tenuit
629 1366 755 1447 populos
778 1375 809 1428 ot
831 1371 946 1429 moenia
969 1379 1104 1450 raptor.

201 1501 204 1507 -
227 1457 290 1519 lllio
312 1464 343 1517 et
365 1455 453 1536 gelidi
476 1457 605 1516 coniunx
627 1455 735 1517 leuca
757 1459 874 1536 tyranni

227 1546 266 1607 Et
283 1548 427 1626 genetrix·
440 1544 517 1605 facta
539 1552 585 1605 est
597 1591 606 1626 ,
629 1551 733 1623 partus
755 1546 841 1606 enixa
863 1545 1023 1627 gemellos,

228 1634 334 1696 Cetera
356 1636 408 1713 qui
430 1635 555 1714 matris,
576 1649 690 1712 pennas
712 1634 856 1711 genitoris
874 1632 1039 1695 haberent.

226 1722 292 1784 Non
306 1730 404 1783 tamen
417 1721 471 1781 hes
484 1738 543 1781 una
556 1728 722 1781 memorant
735 1738 804 1783 cum
818 1738 942 1802 corpore
956 1730 1045 1784 natas
1056 1747 1066 1805 3
1079 1740 1100 1779 r.
1111 1751 1173 1782 m.

162 1822 213 1872 ’115
226 1809 380 1890 Barbaquc
404 1810 475 1871 dum
497 1808 595 1870 rutilis
618 1807 721 1870 oberat
738 1807 863 1871 subnixa
885 1809 1015 1893 capillis,

227 1899 378 1980 inplumes
401 1897 554 1977 Calaisque
576 1914 654 1977 puer
676 1895 821 1977 Zetesque
845 1899 987 1960 luerunt.

227 1988 294 2049 blox
316 1988 429 2068 pariter
449 2003 564 2067 pennae
587 1987 648 2048 ritu
671 2002 797 2065 coepere
820 1986 972 2048 volucrum

227 2075 352 2156 Cingere
375 2084 536 2154 utrumque
557 2073 657 2155 latus,
679 2076 791 2154 pariter
812 2073 969 2136 flavescere
994 2077 1120 2142 malae.

227 2163 306 2244 Ergo
329 2163 382 2227 ubi
404 2164 553 2224 concessit
575 2170 692 2242 tempus
715 2161 830 2241 puerile
852 2165 1006 2245 iuuentae,

163 2266 214 2316 tao
228 2252 343 2314 Vellera
366 2270 434 2313 cum
457 2251 564 2330 Minyis
585 2250 679 2312 nitido
702 2250 844 2312 radiantia
866 2250 933 2311 villo

227 2341 285 2404 Per
307 2358 388 2402 mare
411 2357 472 2401 non
490 2345 600 2401 notum>
616 2341 711 2419 prima
729 2341 842 2419 petiere
865 2341 981 2401 canna.

433 2722 573 2807 LIBER
599 2719 850 2806 SEPTIMUS.

227 2870 347 2952 lamque
370 2872 480 2933 fretum
502 2870 616 2951 Minyae
639 2868 784 2949 Pagasaea
805 2886 905 2951 puppo
928 2869 1090 2933 secabant:

227 2959 434 3041 Perpetuoque
456 2959 577 3022 trahens
600 2961 719 3038 inopem
742 2957 797 3020 sub
820 2966 908 3020 nocte
931 2969 1084 3021 senectam

227 3047 360 3110 Phineus
381 3050 463 3110 risus
486 3055 550 3110 erat
562 3095 571 3128 ,
593 3049 775 3126 iuvenesque
798 3046 943 3126 Aquilone
966 3050 1058 3109 creati

228 3135 380 3216 virgineas
402 3136 538 3198 volucres
560 3137 662 3196 miseri
685 3136 765 3197 senis
787 3153 839 3196 oro
862 3134 1015 3214 lugerent:

197 3225 376 3305 oblultaque
399 3226 535 3306 perpessi
558 3224 637 3286 claro
661 3222 717 3285 sub
740 3221 843 3285 lasone
866 3222 984 3285 tandem

229 3313 421 3394 Contigerant
442 3312 560 3393 rapidas
582 3311 680 3373 limosi
701 3309 844 3373 Phasidos
867 3311 979 3372 tendas:

228 3400 365 3481 Dumque
387 3400 497 3464 adeunt
518 3417 621 3480 regern
643 3398 829 3479 Phrixeaque
852 3398 959 3460 vellera
981 3411 1131 3484 poscunt,

174 3488 329 3567 -Usque
352 3489 439 3551 datur
461 3490 595 3550 numeris
617 3504 792 3566 magnorum
815 3486 962 3549 horrenda
984 3486 1144 3554 laborum.

229 3576 365 3656 Concipit
386 3578 500 3637 interea
522 3575 633 3637 validos
655 3576 773 3636 Aeetias
795 3577 879 3655 ignes
