2467 4042
367 224 452 291 12
716 248 924 286 maon
1195 229 1525 285 METAMM
1538 274 1553 290 .

408 406 514 456 400
543 394 693 455 Saxa
713 427 798 438 —
820 397 954 473 quis
990 395 1105 456 hoo
1124 395 1329 458 eredat
1353 445 1370 478 ,
1401 399 1516 458 nisi
1545 400 1624 458 sit
1649 416 1761 478 pro
1790 406 1940 460 teste
1960 407 2333 461 vetustas
2360 397 2407 461 P
2426 436 2467 443 —

538 483 772 544 Ponere
809 482 1090 545 duritiem
1134 502 1387 564 coepere
1433 503 1728 564 suumque
1773 490 2028 565 rigorem
2045 536 2075 568 ‚
2310 502 2349 541 t
2366 530 2382 541 -
2416 503 2467 541 vi

540 570 872 650 Moli-irique
916 589 1083 633 mora
1110 620 1128 653 ‚
1173 573 1516 652 mollitaque
1564 573 1785 635 ducere
1832 575 2097 637 formam
2130 624 2152 637 .

541 659 676 719 Mox
721 659 828 720 ubi
873 669 1193 721 creverunt
1215 709 1235 742 ,
1283 669 1613 741 naturaque
1660 665 1861 724 mitior
1905 663 2019 723 iuis

543 746 805 827 Contigit
827 796 845 829 ‚
890 756 961 809 ut
1004 749 1293 827 quaedam
1316 798 1336 831 ‚
1383 752 1469 809 sie
1516 768 1635 810 non
1679 752 1990 813 manifesta
2015 800 2033 833 ‚
2081 753 2366 817 videri

409 845 512 896 405
540 834 755 896 Forma
779 843 979 915 potest
1003 836 1260 897 hominis
1285 885 1303 918 ‚
1350 836 1455 897 sed
1492 841 1583 899 uti
1612 847 1704 899 est
1730 838 1804 899 de
1834 858 2150 902 marmore
2199 847 2467 923 coepti:

540 923 673 984 Non
710 932 914 985 exacta
960 926 1103 985 satis
1147 925 1518 1004 rudibusque
1565 926 1862 988 simillima
1908 930 2093 1008 signis
2116 976 2139 989 .

543 1011 705 1083 Quae
752 1020 951 1073 tamen
997 1030 1071 1073 ex
1115 1012 1231 1073 illis
1277 1013 1473 1093 aliquo
1519 1032 1657 1093 pars
1703 1015 1903 1075 umida
1949 1034 2096 1076 suco

539 1098 618 1162 Et
661 1109 901 1161 terrena
945 1101 1058 1162 fuit
1081 1150 1101 1183 ,
1145 1119 1317 1162 versa
1363 1109 1455 1163 est
1498 1104 1562 1162 in
1608 1106 1879 1181 eorporis
1925 1122 2107 1164 usum
2124 1124 2149 1166 τ

543 1187 714 1259 Quod
761 1188 1015 1250 solidum
1059 1197 1153 1249 est
1194 1190 1486 1268 flectique
1522 1193 1730 1270 nequit
1753 1238 1771 1271 ‚
1817 1199 2086 1252 mutatur
2113 1195 2195 1253 in
2256 1213 2425 1256 ossa
2446 1217 2466 1257 ε

409 1285 515 1337 410
543 1275 706 1346 Quae
752 1276 928 1338 modo
973 1295 1122 1338 vena
1165 1278 1281 1338 fuit
1303 1326 1323 1359 ,
1370 1277 1482 1339 sub
1527 1278 1736 1339 eodem
1783 1281 2024 1339 nomine
2070 1287 2348 1343 mansit
2367 1304 2390 1345 ε

540 1363 727 1443 Inque
773 1363 941 1426 brevi
984 1368 1173 1444 spatio
1219 1383 1577 1445 superorum
1621 1369 1865 1427 numine
1912 1384 2052 1427 saxa

540 1451 719 1513 Missa
762 1455 874 1512 viri
918 1452 1191 1514 manibus
1235 1454 1449 1514 faeiem
1492 1463 1726 1515 traxere
1770 1457 2041 1516 virorum
2063 1502 2083 1536 ,

539 1538 618 1599 Et
652 1539 726 1600 de
773 1540 1027 1602 femineo
1074 1550 1346 1620 reparata
1392 1551 1486 1603 est
1529 1542 1748 1603 femina
1789 1545 1951 1604 iactu
1981 1590 1996 1603 .

540 1627 682 1689 Inde
731 1646 920 1709 genus
966 1629 1185 1690 durum
1230 1647 1438 1692 sumus
1483 1634 1915 1711 experiensque
1962 1630 2250 1693 laborum
2268 1682 2297 1716 ,

409 1726 512 1776 415
538 1715 618 1777 Et
661 1716 1016 1778 documenta
1058 1717 1268 1778 damus
1292 1764 1311 1800 ‚
1358 1736 1476 1797 qua
1520 1721 1707 1779 simus
1751 1721 1982 1798 origine
2029 1722 2157 1782 nati
2178 1768 2192 1781 .

544 1803 755 1866 Cetera
800 1804 1051 1866 diversis
1094 1806 1273 1867 tellus
1319 1805 1590 1867 animalia
1632 1807 1841 1868 formis

544 1892 766 1972 Sponte
814 1912 922 1956 sua
964 1896 1199 1974 peperit
1222 1942 1243 1975 ,
1285 1902 1600 1973 postquam
1644 1902 1817 1955 vetus
1861 1913 2037 1955 umor
2082 1895 2160 1955 ab
2206 1899 2373 1976 igne

541 1980 840 2042 Percaluit
883 1982 1024 2043 solis
1049 2030 1069 2063 ,
1114 2000 1484 2060 caenumque
1530 1980 1799 2062 udaeque
1842 1982 2091 2062 paludes

541 2068 886 2131 Intumuere
932 2077 1100 2132 aestu
1126 2118 1146 2152 ‚
1191 2069 1563 2148 fecundaque
1612 2074 1837 2132 semina
1880 2089 2089 2133 rerum

400 2167 504 2218 420
532 2155 730 2218 Vivaci
775 2161 999 2220 nutrita
1043 2158 1168 2219 solo
1194 2206 1214 2240 ‚
1252 2176 1362 2218 eeu
1408 2160 1615 2218 matris
1658 2161 1721 2219 in
1767 2158 1892 2220 alvo
1918 2207 1938 2240 ,

543 2244 874 2307 creverunt
917 2247 1248 2326 faciemque
1294 2245 1549 2324 aliquam
1595 2264 1808 2325 cepere
1853 2247 2141 2307 morando
2157 2294 2177 2310 .

547 2333 643 2393 Sic,
686 2333 793 2396 uhi
835 2335 1103 2396 deseruit
1146 2334 1412 2396 madidos
1457 2334 1844 2413 septemfluus
1887 2353 2063 2412 agros

543 2421 709 2482 Nilus
755 2431 817 2483 et
860 2425 1102 2502 antiquo
1150 2441 1259 2485 sua
1302 2422 1544 2483 flumina
1588 2422 1846 2484 reddidit
1889 2423 2091 2504 alveo,

543 2513 937 2591 aetherioque
981 2529 1194 2573 recens
1242 2513 1462 2572 exarsit
1504 2510 1700 2571 sidere
1743 2510 1919 2572 limus
1934 2558 1955 2592 ‚

415 2609 511 2657 425
547 2601 807 2661 Plurima
851 2599 1112 2661 cultores
1157 2601 1346 2660 versis
1392 2598 1662 2660 animalia
1706 2598 1927 2679 glaebis

543 2689 856 2750 inveniunt
881 2736 900 2769 ,
945 2695 1007 2749 et
1047 2690 1112 2748 in
1156 2688 1251 2749 his
1281 2686 1567 2765 quaedam
1593 2688 1769 2748 modo
1807 2695 2015 2766 coepta
2042 2687 2155 2748 sub
2184 2690 2385 2769 ipsum

543 2776 834 2838 Nasoendi
877 2778 1134 2855 spatium
1156 2823 1177 2857 ‚
1223 2775 1510 2855 quaedam
1542 2777 1871 2855 inperfecta
1914 2778 2158 2855 suisque

543 2865 782 2926 Trunca
815 2865 1018 2926 vident
1061 2866 1329 2926 numeris
1353 2909 1372 2945 ‚
1419 2871 1481 2924 et
1535 2863 1743 2925 eodem
1797 2867 1860 2925 in
1905 2881 2157 2943 corpore
2206 2883 2377 2945 saepe

543 2957 739 3014 Altera
782 2971 921 3034 pars
964 2954 1150 3033 vivit,
1195 2951 1363 3013 rudis
1408 2959 1499 3012 est
1541 2970 1683 3030 pars
1728 2951 1911 3014 altera
1954 2952 2133 3013 tellus
2152 2999 2166 3012 .

411 3057 515 3101 aaz}
547 3045 776 3130 Quippe
821 3041 925 3103 ubi
970 3042 1321 3121 temperiem
1373 3057 1683 3119 sumpsere
1729 3058 2018 3118 umorque
2064 3040 2343 3121 calorque
2356 3089 2376 3123 ‚

547 3131 899 3209 Concipiunt
920 3177 940 3211 ,
986 3137 1049 3189 et
1091 3128 1164 3189 ab
1209 3128 1305 3188 his
1350 3130 1628 3189 oriuntur
1675 3137 1887 3189 cuncta
1932 3128 2168 3189 duobus
2187 3176 2201 3189 .

547 3221 810 3298 Cumque
858 3220 936 3279 sit
979 3219 1133 3297 ignis
1163 3234 1349 3296 aquae
1375 3234 1611 3296 pugnax
1637 3264 1655 3297 ‚
1698 3235 1878 3297 vapor
1905 3215 2146 3277 umidus
2173 3234 2375 3278 omnes

544 3309 659 3365 Res
707 3314 870 3367 creat
894 3354 914 3387 ,
959 3313 1020 3365 et
1065 3305 1296 3366 discors
1341 3305 1657 3366 concordia
1701 3305 1922 3367 fetibus
1966 3312 2101 3385 apta
2146 3313 2273 3367 est.

543 3397 699 3473 Ergo
745 3394 849 3456 ubi
894 3394 1114 3455 diluvio
1158 3393 1338 3455 tellus
1382 3391 1674 3454 lutulenta
1717 3396 1947 3455 recenti

413 3497 511 3545 ‚135
547 3482 781 3544 Solibus
827 3482 1106 3543 aetheriis
1154 3481 1428 3560 almoque
1473 3481 1786 3543 recanduit
1831 3489 1995 3543 aestu
2014 3526 2033 3562 ‚

547 3570 741 3631 Edidit
784 3572 1126 3631 innumeras
1172 3571 1403 3649 species
1427 3617 1448 3651 ‚
1490 3572 1822 3650 partimque
1869 3571 2088 3650 figuras
