<?xml version="1.0" encoding="UTF-8"?>
<!DOCTYPE html PUBLIC "-//W3C//DTD XHTML 1.0 Transitional//EN"
    "http://www.w3.org/TR/xhtml1/DTD/xhtml1-transitional.dtd">
<html xmlns="http://www.w3.org/1999/xhtml" xml:lang="en" lang="en">
 <head>
  <title>
</title>
<meta http-equiv="Content-Type" content="text/html;charset=utf-8" />
  <meta name='ocr-system' content='tesseract 3.04.00' />
  <meta name='ocr-capabilities' content='ocr_page ocr_carea ocr_par ocr_line ocrx_word'/>
</head>
<body>
  <div class='ocr_page' id='page_1' title='image "./povidiusnaso00ehwagoog_0722.png"; bbox 0 0 2467 4042; ppageno 0'>
   <div class='ocr_carea' id='block_1_1' title="bbox 196 212 788 280">
    <p class='ocr_par' dir='ltr' id='par_1_1' title="bbox 196 212 788 280">
     <span class='ocr_line' id='line_1_1' title="bbox 196 212 788 280; baseline 0.005 -10"><span class='ocrx_word' id='word_1_1' title='bbox 196 212 262 280; x_wconf 78' lang='grc'>302</span> <span class='ocrx_word' id='word_1_2' title='bbox 356 232 512 270; x_wconf 68' lang='lat' dir='ltr'>unumne</span> <span class='ocrx_word' id='word_1_3' title='bbox 608 214 788 274; x_wconf 66' lang='lat' dir='ltr'>motion.</span> 
     </span>
    </p>
   </div>
   <div class='ocr_carea' id='block_1_2' title="bbox 216 378 1227 3650">
    <p class='ocr_par' dir='ltr' id='par_1_2' title="bbox 282 378 1227 642">
     <span class='ocr_line' id='line_1_2' title="bbox 282 378 1151 525; baseline 0.006 -84"><span class='ocrx_word' id='word_1_4' title='bbox 282 378 389 525; x_wconf 43' lang='lat' dir='ltr'>wi</span> <span class='ocrx_word' id='word_1_5' title='bbox 407 389 439 442; x_wconf 85' lang='lat' dir='ltr'>et</span> <span class='ocrx_word' id='word_1_6' title='bbox 460 388 529 442; x_wconf 87' lang='lat' dir='ltr'>ante</span> <span class='ocrx_word' id='word_1_7' title='bbox 551 381 632 443; x_wconf 87' lang='lat' dir='ltr'>iores</span> <span class='ocrx_word' id='word_1_8' title='bbox 654 380 728 443; x_wconf 83' lang='lat' dir='ltr'>haee</span> <span class='ocrx_word' id='word_1_9' title='bbox 750 381 841 444; x_wconf 87' lang='lat' dir='ltr'>verba</span> <span class='ocrx_word' id='word_1_10' title='bbox 862 385 1024 488; x_wconf 69' lang='lat' dir='ltr'>norissima</span> <span class='ocrx_word' id='word_1_11' title='bbox 1043 382 1151 486; x_wconf 82' lang='lat' dir='ltr'>dixit:</span> 
     </span>
     <span class='ocr_line' id='line_1_3' title="bbox 282 468 1227 642; baseline 0.004 -23"><span class='ocrx_word' id='word_1_12' title='bbox 282 468 614 619; x_wconf 53' lang='lat' dir='ltr'>undidem</span> <span class='ocrx_word' id='word_1_13' title='bbox 626 471 1071 642; x_wconf 51' lang='lat' dir='ltr'>institituit?</span> <span class='ocrx_word' id='word_1_14' title='bbox 1094 473 1227 535; x_wconf 59' lang='lat'><strong>“¹¹⁶“</strong></span> 
     </span>
    </p>

    <p class='ocr_par' dir='ltr' id='par_1_3' title="bbox 217 644 1059 728">
     <span class='ocr_line' id='line_1_4' title="bbox 217 644 1059 728; baseline 0.006 -22"><span class='ocrx_word' id='word_1_15' title='bbox 217 644 322 707; x_wconf 75' lang='grc'><strong>710111</strong></span> <span class='ocrx_word' id='word_1_16' title='bbox 342 644 458 707; x_wconf 84' lang='lat' dir='ltr'>Paeane</span> <span class='ocrx_word' id='word_1_17' title='bbox 480 662 574 728; x_wconf 83' lang='lat' dir='ltr'>vooa,</span> <span class='ocrx_word' id='word_1_18' title='bbox 597 646 750 726; x_wconf 86' lang='lat' dir='ltr'>nitidaque</span> <span class='ocrx_word' id='word_1_19' title='bbox 771 649 926 727; x_wconf 78' lang='lat' dir='ltr'><strong>incingere</strong></span> <span class='ocrx_word' id='word_1_20' title='bbox 948 648 1059 711; x_wconf 75' lang='lat' dir='ltr'>lauru.</span> 
     </span>
    </p>

    <p class='ocr_par' dir='ltr' id='par_1_4' title="bbox 282 732 1226 904">
     <span class='ocr_line' id='line_1_5' title="bbox 282 732 1226 821; baseline 0.005 -26"><span class='ocrx_word' id='word_1_21' title='bbox 282 732 383 796; x_wconf 77' lang='lat' dir='ltr'>Vincis</span> <span class='ocrx_word' id='word_1_22' title='bbox 401 736 502 816; x_wconf 91' lang='lat' dir='ltr'>enim,</span> <span class='ocrx_word' id='word_1_23' title='bbox 524 736 696 815; x_wconf 77' lang='lat' dir='ltr'><strong>moriorque</strong></span> <span class='ocrx_word' id='word_1_24' title='bbox 714 734 832 798; x_wconf 85' lang='lat' dir='ltr'>libens.</span> <span class='ocrx_word' id='word_1_25' title='bbox 860 754 937 819; x_wconf 79' lang='lat' dir='ltr'>age,</span> <span class='ocrx_word' id='word_1_26' title='bbox 954 738 1081 821; x_wconf 83' lang='lat' dir='ltr'>ferrea,</span> <span class='ocrx_word' id='word_1_27' title='bbox 1099 739 1226 818; x_wconf 80' lang='lat' dir='ltr'>gaude.</span> 
     </span>
     <span class='ocr_line' id='line_1_6' title="bbox 283 820 1016 904; baseline 0.005 -21"><span class='ocrx_word' id='word_1_28' title='bbox 283 820 371 884; x_wconf 84' lang='lat' dir='ltr'>Certe</span> <span class='ocrx_word' id='word_1_29' title='bbox 394 821 504 902; x_wconf 77' lang='lat' dir='ltr'>aliqeiid</span> <span class='ocrx_word' id='word_1_30' title='bbox 526 822 646 885; x_wconf 86' lang='lat' dir='ltr'>laudare</span> <span class='ocrx_word' id='word_1_31' title='bbox 670 825 729 885; x_wconf 91' lang='lat' dir='ltr'>mei</span> <span class='ocrx_word' id='word_1_32' title='bbox 751 826 867 904; x_wconf 81' lang='lat' dir='ltr'>cogeris</span> <span class='ocrx_word' id='word_1_33' title='bbox 889 828 1016 887; x_wconf 87' lang='lat' dir='ltr'>amoris.</span> 
     </span>
    </p>

    <p class='ocr_par' dir='ltr' id='par_1_5' title="bbox 282 909 1224 1085">
     <span class='ocr_line' id='line_1_7' title="bbox 284 909 1224 994; baseline 0.005 -22"><span class='ocrx_word' id='word_1_34' title='bbox 284 909 364 989; x_wconf 85' lang='lat' dir='ltr'>[Quo</span> <span class='ocrx_word' id='word_1_35' title='bbox 381 910 437 973; x_wconf 87' lang='lat' dir='ltr'>tibi</span> <span class='ocrx_word' id='word_1_36' title='bbox 454 913 513 973; x_wconf 87' lang='lat' dir='ltr'>sim</span> <span class='ocrx_word' id='word_1_37' title='bbox 525 919 650 994; x_wconf 73' lang='lat' dir='ltr'>gratus3</span> <span class='ocrx_word' id='word_1_38' title='bbox 673 914 872 993; x_wconf 88' lang='lat' dir='ltr'>meritumque</span> <span class='ocrx_word' id='word_1_39' title='bbox 890 912 1022 976; x_wconf 81' lang='lat' dir='ltr'>fatebere</span> <span class='ocrx_word' id='word_1_40' title='bbox 1038 914 1224 994; x_wconf 74' lang='lat' dir='ltr'>nostrum]</span> 
     </span>
     <span class='ocr_line' id='line_1_8' title="bbox 282 999 1146 1085; baseline 0.003 -24"><span class='ocrx_word' id='word_1_41' title='bbox 282 999 349 1061; x_wconf 91' lang='lat' dir='ltr'>Non</span> <span class='ocrx_word' id='word_1_42' title='bbox 371 1007 470 1062; x_wconf 90' lang='lat' dir='ltr'>tamen</span> <span class='ocrx_word' id='word_1_43' title='bbox 493 1008 561 1062; x_wconf 85' lang='lat' dir='ltr'>ante</span> <span class='ocrx_word' id='word_1_44' title='bbox 583 1002 629 1062; x_wconf 91' lang='lat' dir='ltr'>tui</span> <span class='ocrx_word' id='word_1_45' title='bbox 651 1019 753 1062; x_wconf 87' lang='lat' dir='ltr'>euram</span> <span class='ocrx_word' id='word_1_46' title='bbox 776 1004 941 1064; x_wconf 74' lang='lat' dir='ltr'>excessisse</span> <span class='ocrx_word' id='word_1_47' title='bbox 964 1013 1146 1085; x_wconf 86' lang='lat' dir='ltr'>memento,</span> 
     </span>
    </p>

    <p class='ocr_par' dir='ltr' id='par_1_6' title="bbox 217 1088 1225 1435">
     <span class='ocr_line' id='line_1_9' title="bbox 217 1088 1223 1170; baseline 0.004 -21"><span class='ocrx_word' id='word_1_48' title='bbox 217 1098 269 1148; x_wconf 78' lang='lat' dir='ltr'>teo</span> <span class='ocrx_word' id='word_1_49' title='bbox 283 1088 379 1161; x_wconf 83' lang='lat' dir='ltr'>Quem</span> <span class='ocrx_word' id='word_1_50' title='bbox 400 1091 512 1151; x_wconf 84' lang='lat' dir='ltr'>vitam:</span> <span class='ocrx_word' id='word_1_51' title='bbox 534 1090 710 1170; x_wconf 77' lang='lat' dir='ltr'>geminaque</span> <span class='ocrx_word' id='word_1_52' title='bbox 733 1089 822 1152; x_wconf 80' lang='lat' dir='ltr'>simud</span> <span class='ocrx_word' id='word_1_53' title='bbox 843 1090 917 1152; x_wconf 89' lang='lat' dir='ltr'>mihi</span> <span class='ocrx_word' id='word_1_54' title='bbox 939 1090 1007 1153; x_wconf 89' lang='lat' dir='ltr'>iuee</span> <span class='ocrx_word' id='word_1_55' title='bbox 1025 1092 1223 1154; x_wconf 80' lang='lat' dir='ltr'>carendum.</span> 
     </span>
     <span class='ocr_line' id='line_1_10' title="bbox 282 1176 1038 1261; baseline 0.004 -23"><span class='ocrx_word' id='word_1_56' title='bbox 282 1176 345 1239; x_wconf 90' lang='lat' dir='ltr'>Neo</span> <span class='ocrx_word' id='word_1_57' title='bbox 366 1176 422 1239; x_wconf 86' lang='lat' dir='ltr'>tibi</span> <span class='ocrx_word' id='word_1_58' title='bbox 443 1176 521 1239; x_wconf 83' lang='lat' dir='ltr'>fama</span> <span class='ocrx_word' id='word_1_59' title='bbox 541 1180 602 1239; x_wconf 88' lang='lat' dir='ltr'>mei</span> <span class='ocrx_word' id='word_1_60' title='bbox 623 1185 748 1240; x_wconf 84' lang='lat' dir='ltr'>ventura</span> <span class='ocrx_word' id='word_1_61' title='bbox 770 1186 818 1240; x_wconf 92' lang='lat' dir='ltr'>est</span> <span class='ocrx_word' id='word_1_62' title='bbox 839 1181 945 1241; x_wconf 85' lang='lat' dir='ltr'>nuntia</span> <span class='ocrx_word' id='word_1_63' title='bbox 966 1178 1038 1261; x_wconf 84' lang='lat' dir='ltr'>ieti3</span> 
     </span>
     <span class='ocr_line' id='line_1_11' title="bbox 282 1265 1225 1351; baseline 0.003 -24"><span class='ocrx_word' id='word_1_64' title='bbox 282 1266 350 1346; x_wconf 89' lang='lat' dir='ltr'>lpse</span> <span class='ocrx_word' id='word_1_65' title='bbox 373 1283 449 1347; x_wconf 78' lang='lat' dir='ltr'>ego,</span> <span class='ocrx_word' id='word_1_66' title='bbox 472 1284 510 1327; x_wconf 89' lang='lat' dir='ltr'>ne</span> <span class='ocrx_word' id='word_1_67' title='bbox 533 1265 675 1348; x_wconf 87' lang='lat' dir='ltr'>dubites,</span> <span class='ocrx_word' id='word_1_68' title='bbox 701 1266 813 1347; x_wconf 85' lang='lat' dir='ltr'>adero,</span> <span class='ocrx_word' id='word_1_69' title='bbox 835 1285 1039 1347; x_wconf 87' lang='lat' dir='ltr'>praesensque</span> <span class='ocrx_word' id='word_1_70' title='bbox 1070 1268 1225 1351; x_wconf 83' lang='lat' dir='ltr'>videbor,</span> 
     </span>
     <span class='ocr_line' id='line_1_12' title="bbox 284 1353 1056 1435; baseline 0.003 -20"><span class='ocrx_word' id='word_1_71' title='bbox 284 1353 415 1434; x_wconf 83' lang='lat' dir='ltr'>Corpore</span> <span class='ocrx_word' id='word_1_72' title='bbox 436 1362 472 1416; x_wconf 92' lang='lat' dir='ltr'>ut</span> <span class='ocrx_word' id='word_1_73' title='bbox 494 1356 621 1416; x_wconf 87' lang='lat' dir='ltr'>exanimi</span> <span class='ocrx_word' id='word_1_74' title='bbox 643 1354 776 1417; x_wconf 79' lang='lat' dir='ltr'>crudelia</span> <span class='ocrx_word' id='word_1_75' title='bbox 798 1354 909 1417; x_wconf 84' lang='lat' dir='ltr'>lumina</span> <span class='ocrx_word' id='word_1_76' title='bbox 930 1373 1056 1435; x_wconf 80' lang='lat' dir='ltr'>pascas.</span> 
     </span>
    </p>

    <p class='ocr_par' dir='ltr' id='par_1_7' title="bbox 284 1441 1056 1525">
     <span class='ocr_line' id='line_1_13' title="bbox 284 1441 1056 1525; baseline 0.004 -23"><span class='ocrx_word' id='word_1_77' title='bbox 284 1441 316 1503; x_wconf 90' lang='lat' dir='ltr'>Si</span> <span class='ocrx_word' id='word_1_78' title='bbox 338 1449 460 1524; x_wconf 86' lang='lat' dir='ltr'>tamen,</span> <span class='ocrx_word' id='word_1_79' title='bbox 483 1462 501 1503; x_wconf 96' lang='lat' dir='ltr'>o</span> <span class='ocrx_word' id='word_1_80' title='bbox 525 1444 649 1524; x_wconf 86' lang='lat' dir='ltr'>superi,</span> <span class='ocrx_word' id='word_1_81' title='bbox 671 1443 807 1505; x_wconf 85' lang='lat' dir='ltr'>mortalia</span> <span class='ocrx_word' id='word_1_82' title='bbox 829 1444 906 1505; x_wconf 85' lang='lat' dir='ltr'>iacta</span> <span class='ocrx_word' id='word_1_83' title='bbox 927 1443 1056 1525; x_wconf 81' lang='lat' dir='ltr'>videtis,</span> 
     </span>
    </p>

    <p class='ocr_par' dir='ltr' id='par_1_8' title="bbox 217 1529 1180 1966">
     <span class='ocr_line' id='line_1_14' title="bbox 217 1529 1142 1612; baseline 0.004 -21"><span class='ocrx_word' id='word_1_84' title='bbox 217 1541 269 1593; x_wconf 82' lang='lat'>&#39;180</span> <span class='ocrx_word' id='word_1_85' title='bbox 282 1529 354 1592; x_wconf 83' lang='lat' dir='ltr'>Este</span> <span class='ocrx_word' id='word_1_86' title='bbox 376 1534 435 1594; x_wconf 91' lang='lat' dir='ltr'>mei</span> <span class='ocrx_word' id='word_1_87' title='bbox 457 1549 606 1593; x_wconf 84' lang='lat' dir='ltr'>memores</span> <span class='ocrx_word' id='word_1_88' title='bbox 628 1563 671 1576; x_wconf 89' lang='lat'><em>-</em></span> <span class='ocrx_word' id='word_1_89' title='bbox 694 1530 769 1593; x_wconf 87' lang='lat' dir='ltr'>nihil</span> <span class='ocrx_word' id='word_1_90' title='bbox 791 1531 869 1594; x_wconf 85' lang='lat' dir='ltr'>ultra</span> <span class='ocrx_word' id='word_1_91' title='bbox 890 1532 992 1612; x_wconf 70' lang='lat' dir='ltr'>lingua</span> <span class='ocrx_word' id='word_1_92' title='bbox 1013 1532 1142 1612; x_wconf 87' lang='lat' dir='ltr'>precari</span> 
     </span>
     <span class='ocr_line' id='line_1_15' title="bbox 284 1618 1180 1699; baseline 0.003 -18"><span class='ocrx_word' id='word_1_93' title='bbox 284 1618 419 1681; x_wconf 82' lang='lat' dir='ltr'>Sustinet</span> <span class='ocrx_word' id='word_1_94' title='bbox 441 1651 483 1664; x_wconf 91' lang='lat'><em>-</em></span> <span class='ocrx_word' id='word_1_95' title='bbox 507 1628 538 1681; x_wconf 93' lang='lat' dir='ltr'>et</span> <span class='ocrx_word' id='word_1_96' title='bbox 559 1619 648 1699; x_wconf 84' lang='lat' dir='ltr'>longo</span> <span class='ocrx_word' id='word_1_97' title='bbox 670 1620 759 1681; x_wconf 80' lang='lat' dir='ltr'>tacite</span> <span class='ocrx_word' id='word_1_98' title='bbox 782 1627 817 1681; x_wconf 92' lang='lat' dir='ltr'>ut</span> <span class='ocrx_word' id='word_1_99' title='bbox 838 1637 996 1682; x_wconf 86' lang='lat' dir='ltr'>narremur</span> <span class='ocrx_word' id='word_1_100' title='bbox 1018 1623 1052 1681; x_wconf 91' lang='lat' dir='ltr'>in</span> <span class='ocrx_word' id='word_1_101' title='bbox 1078 1640 1180 1684; x_wconf 81' lang='lat' dir='ltr'>aevo:</span> 
     </span>
     <span class='ocr_line' id='line_1_16' title="bbox 282 1706 1174 1790; baseline 0.001 -20"><span class='ocrx_word' id='word_1_102' title='bbox 282 1707 342 1790; x_wconf 82' lang='lat' dir='ltr'>Et,</span> <span class='ocrx_word' id='word_1_103' title='bbox 364 1725 440 1787; x_wconf 88' lang='lat' dir='ltr'>quae</span> <span class='ocrx_word' id='word_1_104' title='bbox 462 1707 633 1789; x_wconf 80' lang='lat' dir='ltr'>dempsistis</span> <span class='ocrx_word' id='word_1_105' title='bbox 654 1710 754 1790; x_wconf 83' lang='lat' dir='ltr'>vitae,</span> <span class='ocrx_word' id='word_1_106' title='bbox 777 1707 844 1769; x_wconf 89' lang='lat' dir='ltr'>date</span> <span class='ocrx_word' id='word_1_107' title='bbox 865 1717 1001 1788; x_wconf 88' lang='lat' dir='ltr'>tempora</span> <span class='ocrx_word' id='word_1_108' title='bbox 1023 1706 1174 1771; x_wconf 82' lang='lat' dir='ltr'>famae.”</span> 
     </span>
     <span class='ocr_line' id='line_1_17' title="bbox 283 1794 1035 1876; baseline 0.003 -19"><span class='ocrx_word' id='word_1_109' title='bbox 283 1794 398 1874; x_wconf 78' lang='lat' dir='ltr'>[Dixit.</span> <span class='ocrx_word' id='word_1_110' title='bbox 425 1796 514 1858; x_wconf 85' lang='lat' dir='ltr'>etad</span> <span class='ocrx_word' id='word_1_111' title='bbox 537 1804 639 1876; x_wconf 87' lang='lat' dir='ltr'>postes</span> <span class='ocrx_word' id='word_1_112' title='bbox 661 1803 782 1858; x_wconf 88' lang='lat' dir='ltr'>ornatos</span> <span class='ocrx_word' id='word_1_113' title='bbox 805 1814 892 1876; x_wconf 85' lang='lat' dir='ltr'>saepe</span> <span class='ocrx_word' id='word_1_114' title='bbox 916 1799 1035 1859; x_wconf 90' lang='lat' dir='ltr'>coronis</span> 
     </span>
     <span class='ocr_line' id='line_1_18' title="bbox 281 1883 1058 1966; baseline 0 -20"><span class='ocrx_word' id='word_1_115' title='bbox 281 1883 445 1947; x_wconf 89' lang='lat' dir='ltr'>Humentes</span> <span class='ocrx_word' id='word_1_116' title='bbox 468 1885 570 1947; x_wconf 87' lang='lat' dir='ltr'>oeulos</span> <span class='ocrx_word' id='word_1_117' title='bbox 594 1893 625 1947; x_wconf 91' lang='lat' dir='ltr'>et</span> <span class='ocrx_word' id='word_1_118' title='bbox 645 1884 753 1964; x_wconf 84' lang='lat' dir='ltr'>pallida</span> <span class='ocrx_word' id='word_1_119' title='bbox 774 1883 895 1946; x_wconf 80' lang='lat' dir='ltr'>brachia</span> <span class='ocrx_word' id='word_1_120' title='bbox 916 1885 1025 1947; x_wconf 87' lang='lat' dir='ltr'>tollens</span> <span class='ocrx_word' id='word_1_121' title='bbox 1032 1884 1058 1966; x_wconf 88' lang='lat'>,]</span> 
     </span>
    </p>

    <p class='ocr_par' dir='ltr' id='par_1_9' title="bbox 216 1972 1082 2055">
     <span class='ocr_line' id='line_1_19' title="bbox 216 1972 1082 2055; baseline 0 -21"><span class='ocrx_word' id='word_1_122' title='bbox 216 1972 357 2036; x_wconf 75' lang='grc'><strong>7310111</strong></span> <span class='ocrx_word' id='word_1_123' title='bbox 379 1972 494 2035; x_wconf 85' lang='lat' dir='ltr'>foribus</span> <span class='ocrx_word' id='word_1_124' title='bbox 515 1973 615 2053; x_wconf 83' lang='lat' dir='ltr'>laquei</span> <span class='ocrx_word' id='word_1_125' title='bbox 637 1973 777 2052; x_wconf 85' lang='lat' dir='ltr'>religaret</span> <span class='ocrx_word' id='word_1_126' title='bbox 797 1973 914 2035; x_wconf 77' lang='lat' dir='ltr'>vmoula</span> <span class='ocrx_word' id='word_1_127' title='bbox 936 1976 1082 2055; x_wconf 86' lang='lat' dir='ltr'>summis,</span> 
     </span>
    </p>

    <p class='ocr_par' dir='ltr' id='par_1_10' title="bbox 280 2057 1218 2409">
     <span class='ocr_line' id='line_1_20' title="bbox 282 2057 1217 2145; baseline 0.002 -22"><span class='ocrx_word' id='word_1_128' title='bbox 282 2057 386 2124; x_wconf 78' lang='lat' dir='ltr'>“Haeo</span> <span class='ocrx_word' id='word_1_129' title='bbox 407 2061 464 2123; x_wconf 85' lang='lat' dir='ltr'>tihi</span> <span class='ocrx_word' id='word_1_130' title='bbox 486 2070 566 2123; x_wconf 84' lang='lat' dir='ltr'>serta</span> <span class='ocrx_word' id='word_1_131' title='bbox 587 2060 727 2143; x_wconf 83' lang='lat' dir='ltr'>placent,</span> <span class='ocrx_word' id='word_1_132' title='bbox 750 2061 879 2123; x_wconf 89' lang='lat' dir='ltr'>erudelis</span> <span class='ocrx_word' id='word_1_133' title='bbox 898 2071 928 2123; x_wconf 88' lang='lat' dir='ltr'>et</span> <span class='ocrx_word' id='word_1_134' title='bbox 945 2057 1095 2142; x_wconf 65' lang='lat' dir='ltr'>impiaY&#39;</span> <span class='ocrx_word' id='word_1_135' title='bbox 1114 2063 1217 2145; x_wconf 85' lang='lat' dir='ltr'>dixit,</span> 
     </span>
     <span class='ocr_line' id='line_1_21' title="bbox 280 2149 1218 2234; baseline 0 -21"><span class='ocrx_word' id='word_1_136' title='bbox 280 2150 470 2230; x_wconf 86' lang='lat' dir='ltr'>Inseruitque</span> <span class='ocrx_word' id='word_1_137' title='bbox 493 2157 604 2232; x_wconf 86' lang='lat' dir='ltr'>caput,</span> <span class='ocrx_word' id='word_1_138' title='bbox 627 2151 681 2212; x_wconf 87' lang='lat' dir='ltr'>sed</span> <span class='ocrx_word' id='word_1_139' title='bbox 702 2157 767 2212; x_wconf 92' lang='lat' dir='ltr'>tum</span> <span class='ocrx_word' id='word_1_140' title='bbox 785 2167 905 2229; x_wconf 83' lang='lat' dir='ltr'>quoque</span> <span class='ocrx_word' id='word_1_141' title='bbox 923 2168 1028 2212; x_wconf 87' lang='lat' dir='ltr'>versus</span> <span class='ocrx_word' id='word_1_142' title='bbox 1046 2149 1085 2211; x_wconf 84' lang='lat' dir='ltr'>ed</span> <span class='ocrx_word' id='word_1_143' title='bbox 1110 2151 1218 2234; x_wconf 85' lang='lat' dir='ltr'>iiiam,</span> 
     </span>
     <span class='ocr_line' id='line_1_22' title="bbox 281 2238 1147 2319; baseline 0 -19"><span class='ocrx_word' id='word_1_144' title='bbox 281 2240 378 2319; x_wconf 77' lang='lat' dir='ltr'>Atque</span> <span class='ocrx_word' id='word_1_145' title='bbox 400 2257 476 2301; x_wconf 90' lang='lat' dir='ltr'>onus</span> <span class='ocrx_word' id='word_1_146' title='bbox 499 2238 601 2301; x_wconf 83' lang='lat' dir='ltr'>infelix</span> <span class='ocrx_word' id='word_1_147' title='bbox 624 2238 697 2301; x_wconf 81' lang='lat' dir='ltr'>elisa</span> <span class='ocrx_word' id='word_1_148' title='bbox 717 2239 803 2300; x_wconf 80' lang='lat' dir='ltr'>fauce</span> <span class='ocrx_word' id='word_1_149' title='bbox 824 2238 983 2319; x_wconf 87' lang='lat' dir='ltr'>pependit.</span> <span class='ocrx_word' id='word_1_150' title='bbox 1143 2265 1147 2271; x_wconf 95' lang='lat'><em>·</em></span> 
     </span>
     <span class='ocr_line' id='line_1_23' title="bbox 281 2325 1167 2409; baseline 0 -20"><span class='ocrx_word' id='word_1_151' title='bbox 281 2328 342 2391; x_wconf 85' lang='lat' dir='ltr'>iota</span> <span class='ocrx_word' id='word_1_152' title='bbox 363 2327 474 2409; x_wconf 90' lang='lat' dir='ltr'>pedum</span> <span class='ocrx_word' id='word_1_153' title='bbox 495 2334 579 2389; x_wconf 87' lang='lat' dir='ltr'>motu</span> <span class='ocrx_word' id='word_1_154' title='bbox 602 2325 814 2407; x_wconf 83' lang='lat' dir='ltr'>[trepidantem</span> <span class='ocrx_word' id='word_1_155' title='bbox 837 2335 868 2387; x_wconf 90' lang='lat' dir='ltr'>et</span> <span class='ocrx_word' id='word_1_156' title='bbox 889 2326 983 2388; x_wconf 88' lang='lat' dir='ltr'>multa</span> <span class='ocrx_word' id='word_1_157' title='bbox 1004 2329 1167 2389; x_wconf 86' lang='lat' dir='ltr'>timentem</span> 
     </span>
    </p>

    <p class='ocr_par' dir='ltr' id='par_1_11' title="bbox 216 2414 1217 2851">
     <span class='ocr_line' id='line_1_24' title="bbox 216 2414 1217 2497; baseline 0 -19"><span class='ocrx_word' id='word_1_158' title='bbox 216 2416 349 2479; x_wconf 79' lang='grc'><strong>7401111</strong></span> <span class='ocrx_word' id='word_1_159' title='bbox 371 2415 489 2478; x_wconf 86' lang='lat' dir='ltr'>dedisse</span> <span class='ocrx_word' id='word_1_160' title='bbox 511 2414 632 2493; x_wconf 89' lang='lat' dir='ltr'>sonum]</span> <span class='ocrx_word' id='word_1_161' title='bbox 662 2423 731 2497; x_wconf 85' lang='lat' dir='ltr'>est,</span> <span class='ocrx_word' id='word_1_162' title='bbox 753 2415 950 2496; x_wconf 87' lang='lat' dir='ltr'>adapertaque</span> <span class='ocrx_word' id='word_1_163' title='bbox 978 2416 1066 2477; x_wconf 79' lang='lat' dir='ltr'>ianua</span> <span class='ocrx_word' id='word_1_164' title='bbox 1095 2418 1217 2478; x_wconf 79' lang='lat' dir='ltr'>iactum</span> 
     </span>
     <span class='ocr_line' id='line_1_25' title="bbox 281 2503 1196 2584; baseline 0 -18"><span class='ocrx_word' id='word_1_165' title='bbox 281 2504 437 2568; x_wconf 87' lang='lat' dir='ltr'>Prodidit.</span> <span class='ocrx_word' id='word_1_166' title='bbox 466 2504 629 2566; x_wconf 83' lang='lat' dir='ltr'>exclamant</span> <span class='ocrx_word' id='word_1_167' title='bbox 652 2503 753 2565; x_wconf 88' lang='lat' dir='ltr'>iamuli</span> <span class='ocrx_word' id='word_1_168' title='bbox 765 2551 775 2584; x_wconf 91' lang='lat'>‚</span> <span class='ocrx_word' id='word_1_169' title='bbox 797 2504 968 2584; x_wconf 76' lang='lat' dir='ltr'>frustraque</span> <span class='ocrx_word' id='word_1_170' title='bbox 991 2503 1124 2566; x_wconf 74' lang='lat' dir='ltr'>leuatum</span> <span class='ocrx_word' id='word_1_171' title='bbox 1146 2538 1196 2550; x_wconf 94' lang='lat'>—</span> 
     </span>
     <span class='ocr_line' id='line_1_26' title="bbox 281 2591 1213 2675; baseline 0.002 -20"><span class='ocrx_word' id='word_1_172' title='bbox 281 2594 356 2656; x_wconf 90' lang='lat' dir='ltr'>Nam</span> <span class='ocrx_word' id='word_1_173' title='bbox 376 2601 462 2675; x_wconf 87' lang='lat' dir='ltr'>pater</span> <span class='ocrx_word' id='word_1_174' title='bbox 485 2593 636 2656; x_wconf 76' lang='lat' dir='ltr'>occiderat</span> <span class='ocrx_word' id='word_1_175' title='bbox 658 2623 700 2637; x_wconf 93' lang='lat'><em>-</em></span> <span class='ocrx_word' id='word_1_176' title='bbox 724 2591 861 2654; x_wconf 76' lang='lat' dir='ltr'>referunt</span> <span class='ocrx_word' id='word_1_177' title='bbox 887 2592 923 2654; x_wconf 89' lang='lat' dir='ltr'>ad</span> <span class='ocrx_word' id='word_1_178' title='bbox 949 2592 1053 2653; x_wconf 82' lang='lat' dir='ltr'>limine</span> <span class='ocrx_word' id='word_1_179' title='bbox 1080 2597 1213 2657; x_wconf 86' lang='lat' dir='ltr'>matris.</span> 
     </span>
     <span class='ocr_line' id='line_1_27' title="bbox 281 2680 1028 2763; baseline -0.003 -20"><span class='ocrx_word' id='word_1_180' title='bbox 281 2683 397 2763; x_wconf 79' lang='lat' dir='ltr'>decipit</span> <span class='ocrx_word' id='word_1_181' title='bbox 418 2682 467 2744; x_wconf 89' lang='grc'><strong>1111</strong></span> <span class='ocrx_word' id='word_1_182' title='bbox 489 2684 579 2762; x_wconf 89' lang='lat' dir='ltr'>sinu,</span> <span class='ocrx_word' id='word_1_183' title='bbox 603 2680 814 2760; x_wconf 82' lang='lat' dir='ltr'>complexaque</span> <span class='ocrx_word' id='word_1_184' title='bbox 836 2680 943 2761; x_wconf 78' lang='lat' dir='ltr'>frigida</span> <span class='ocrx_word' id='word_1_185' title='bbox 964 2682 1028 2742; x_wconf 90' lang='lat' dir='ltr'>nati</span> 
     </span>
     <span class='ocr_line' id='line_1_28' title="bbox 281 2768 1153 2851; baseline -0.001 -18"><span class='ocrx_word' id='word_1_186' title='bbox 281 2770 412 2833; x_wconf 84' lang='lat' dir='ltr'>Membra</span> <span class='ocrx_word' id='word_1_187' title='bbox 434 2772 482 2834; x_wconf 89' lang='lat' dir='ltr'>sui</span> <span class='ocrx_word' id='word_1_188' title='bbox 498 2778 656 2851; x_wconf 78' lang='lat' dir='ltr'>postquem</span> <span class='ocrx_word' id='word_1_189' title='bbox 678 2771 857 2832; x_wconf 90' lang='lat' dir='ltr'>miserorum</span> <span class='ocrx_word' id='word_1_190' title='bbox 879 2768 969 2831; x_wconf 81' lang='lat' dir='ltr'>verba</span> <span class='ocrx_word' id='word_1_191' title='bbox 990 2777 1153 2850; x_wconf 89' lang='lat' dir='ltr'>parentum</span> 
     </span>
    </p>

    <p class='ocr_par' dir='ltr' id='par_1_12' title="bbox 217 2859 1064 2943">
     <span class='ocr_line' id='line_1_29' title="bbox 217 2859 1064 2943; baseline -0.002 -21"><span class='ocrx_word' id='word_1_192' title='bbox 217 2872 268 2923; x_wconf 78' lang='grc'>711</span> <span class='ocrx_word' id='word_1_193' title='bbox 282 2859 404 2943; x_wconf 81' lang='lat' dir='ltr'>Edidit,</span> <span class='ocrx_word' id='word_1_194' title='bbox 427 2868 458 2922; x_wconf 87' lang='lat' dir='ltr'>et</span> <span class='ocrx_word' id='word_1_195' title='bbox 479 2866 609 2922; x_wconf 89' lang='lat' dir='ltr'>matrum</span> <span class='ocrx_word' id='word_1_196' title='bbox 631 2861 809 2920; x_wconf 88' lang='lat' dir='ltr'>miserarum</span> <span class='ocrx_word' id='word_1_197' title='bbox 831 2859 908 2920; x_wconf 83' lang='lat' dir='ltr'>iacta</span> <span class='ocrx_word' id='word_1_198' title='bbox 929 2860 1064 2940; x_wconf 83' lang='lat' dir='ltr'>peregit,</span> 
     </span>
    </p>

    <p class='ocr_par' dir='ltr' id='par_1_13' title="bbox 281 2945 1156 3298">
     <span class='ocr_line' id='line_1_30' title="bbox 282 2945 1099 3027; baseline -0.005 -16"><span class='ocrx_word' id='word_1_199' title='bbox 282 2949 399 3011; x_wconf 84' lang='lat' dir='ltr'>Funera</span> <span class='ocrx_word' id='word_1_200' title='bbox 421 2947 548 3011; x_wconf 89' lang='lat' dir='ltr'>duoehat</span> <span class='ocrx_word' id='word_1_201' title='bbox 570 2947 698 3009; x_wconf 90' lang='lat' dir='ltr'>mediam</span> <span class='ocrx_word' id='word_1_202' title='bbox 720 2946 875 3009; x_wconf 81' lang='lat' dir='ltr'>lacrimosa</span> <span class='ocrx_word' id='word_1_203' title='bbox 896 2964 952 3027; x_wconf 92' lang='lat' dir='ltr'>per</span> <span class='ocrx_word' id='word_1_204' title='bbox 973 2945 1099 3027; x_wconf 86' lang='lat' dir='ltr'>urbem,</span> 
     </span>
     <span class='ocr_line' id='line_1_31' title="bbox 281 3034 1045 3117; baseline -0.007 -17"><span class='ocrx_word' id='word_1_205' title='bbox 281 3037 450 3117; x_wconf 85' lang='lat' dir='ltr'>Luridaque</span> <span class='ocrx_word' id='word_1_206' title='bbox 473 3055 577 3099; x_wconf 87' lang='lat' dir='ltr'>arsuro</span> <span class='ocrx_word' id='word_1_207' title='bbox 600 3035 737 3116; x_wconf 87' lang='lat' dir='ltr'>portabat</span> <span class='ocrx_word' id='word_1_208' title='bbox 759 3034 892 3098; x_wconf 84' lang='lat' dir='ltr'>membra</span> <span class='ocrx_word' id='word_1_209' title='bbox 914 3036 1045 3097; x_wconf 85' lang='lat' dir='ltr'>feretro.</span> 
     </span>
     <span class='ocr_line' id='line_1_32' title="bbox 282 3120 1023 3208; baseline -0.005 -20"><span class='ocrx_word' id='word_1_210' title='bbox 282 3127 371 3188; x_wconf 85' lang='lat' dir='ltr'>Forte</span> <span class='ocrx_word' id='word_1_211' title='bbox 394 3129 459 3188; x_wconf 85' lang='lat' dir='ltr'>viae</span> <span class='ocrx_word' id='word_1_212' title='bbox 481 3128 577 3188; x_wconf 85' lang='lat' dir='ltr'>vieina</span> <span class='ocrx_word' id='word_1_213' title='bbox 600 3125 728 3208; x_wconf 85' lang='lat' dir='ltr'>domus,</span> <span class='ocrx_word' id='word_1_214' title='bbox 751 3141 809 3204; x_wconf 84' lang='lat' dir='ltr'>qua</span> <span class='ocrx_word' id='word_1_215' title='bbox 831 3120 938 3185; x_wconf 83' lang='lat' dir='ltr'>flebilis</span> <span class='ocrx_word' id='word_1_216' title='bbox 960 3122 1023 3185; x_wconf 82' lang='lat' dir='ltr'>ibat</span> 
     </span>
     <span class='ocr_line' id='line_1_33' title="bbox 282 3211 1156 3298; baseline -0.001 -22"><span class='ocrx_word' id='word_1_217' title='bbox 282 3216 416 3298; x_wconf 89' lang='lat' dir='ltr'>Pompa,</span> <span class='ocrx_word' id='word_1_218' title='bbox 438 3216 517 3297; x_wconf 80' lang='lat' dir='ltr'>init3</span> <span class='ocrx_word' id='word_1_219' title='bbox 541 3214 692 3294; x_wconf 81' lang='lat' dir='ltr'>duraeque</span> <span class='ocrx_word' id='word_1_220' title='bbox 716 3231 808 3275; x_wconf 91' lang='lat' dir='ltr'>sonus</span> <span class='ocrx_word' id='word_1_221' title='bbox 829 3212 980 3294; x_wconf 81' lang='lat' dir='ltr'>plangoris</span> <span class='ocrx_word' id='word_1_222' title='bbox 1003 3211 1041 3273; x_wconf 87' lang='lat' dir='ltr'>ad</span> <span class='ocrx_word' id='word_1_223' title='bbox 1064 3231 1156 3275; x_wconf 83' lang='lat' dir='ltr'>aures</span> 
     </span>
    </p>

    <p class='ocr_par' dir='ltr' id='par_1_14' title="bbox 218 3300 1142 3562">
     <span class='ocr_line' id='line_1_34' title="bbox 218 3300 1123 3384; baseline -0.003 -18"><span class='ocrx_word' id='word_1_224' title='bbox 218 3316 268 3367; x_wconf 75' lang='grc'>750</span> <span class='ocrx_word' id='word_1_225' title='bbox 282 3304 369 3366; x_wconf 88' lang='lat' dir='ltr'>Venit</span> <span class='ocrx_word' id='word_1_226' title='bbox 391 3304 593 3384; x_wconf 78' lang='lat' dir='ltr'>Anaxaretes,</span> <span class='ocrx_word' id='word_1_227' title='bbox 616 3320 705 3383; x_wconf 89' lang='lat' dir='ltr'>quam</span> <span class='ocrx_word' id='word_1_228' title='bbox 722 3304 781 3363; x_wconf 86' lang='lat' dir='ltr'>iam</span> <span class='ocrx_word' id='word_1_229' title='bbox 800 3301 873 3363; x_wconf 87' lang='lat' dir='ltr'>deus</span> <span class='ocrx_word' id='word_1_230' title='bbox 895 3300 975 3362; x_wconf 87' lang='lat' dir='ltr'>ultor</span> <span class='ocrx_word' id='word_1_231' title='bbox 998 3300 1123 3380; x_wconf 79' lang='lat' dir='ltr'>agebat.</span> 
     </span>
     <span class='ocr_line' id='line_1_35' title="bbox 283 3385 1142 3476; baseline -0.003 -21"><span class='ocrx_word' id='word_1_232' title='bbox 283 3394 361 3455; x_wconf 84' lang='lat' dir='ltr'>Mota</span> <span class='ocrx_word' id='word_1_233' title='bbox 384 3402 483 3455; x_wconf 90' lang='lat' dir='ltr'>tamen</span> <span class='ocrx_word' id='word_1_234' title='bbox 495 3441 505 3476; x_wconf 90' lang='lat'><strong><em>,</em></strong></span> <span class='ocrx_word' id='word_1_235' title='bbox 529 3386 714 3453; x_wconf 81' lang='lat' dir='ltr'>“videamus&#39;</span> <span class='ocrx_word' id='word_1_236' title='bbox 738 3393 780 3452; x_wconf 89' lang='lat' dir='ltr'>ait</span> <span class='ocrx_word' id='word_1_237' title='bbox 801 3386 980 3451; x_wconf 73' lang='lat' dir='ltr'>‘miserabile</span> <span class='ocrx_word' id='word_1_238' title='bbox 1003 3391 1095 3452; x_wconf 84' lang='lat' dir='ltr'>sunus</span> <span class='ocrx_word' id='word_1_239' title='bbox 1106 3385 1142 3471; x_wconf 84' lang='lat'>,’&#39;</span> 
     </span>
     <span class='ocr_line' id='line_1_36' title="bbox 283 3479 1009 3562; baseline -0.008 -18"><span class='ocrx_word' id='word_1_240' title='bbox 283 3481 322 3543; x_wconf 83' lang='lat' dir='ltr'>Et</span> <span class='ocrx_word' id='word_1_241' title='bbox 344 3483 453 3562; x_wconf 88' lang='lat' dir='ltr'>patuiis</span> <span class='ocrx_word' id='word_1_242' title='bbox 474 3483 542 3543; x_wconf 88' lang='lat' dir='ltr'>iniit</span> <span class='ocrx_word' id='word_1_243' title='bbox 564 3488 678 3542; x_wconf 82' lang='lat' dir='ltr'>tectum</span> <span class='ocrx_word' id='word_1_244' title='bbox 702 3479 828 3541; x_wconf 85' lang='lat' dir='ltr'>sublime</span> <span class='ocrx_word' id='word_1_245' title='bbox 852 3479 1009 3539; x_wconf 84' lang='lat' dir='ltr'>fenestris.</span> 
     </span>
    </p>

    <p class='ocr_par' dir='ltr' id='par_1_15' title="bbox 283 3566 1128 3650">
     <span class='ocr_line' id='line_1_37' title="bbox 283 3566 1128 3650; baseline -0.001 -21"><span class='ocrx_word' id='word_1_246' title='bbox 283 3569 396 3650; x_wconf 85' lang='lat' dir='ltr'>Vixque</span> <span class='ocrx_word' id='word_1_247' title='bbox 419 3569 496 3632; x_wconf 90' lang='lat' dir='ltr'>hene</span> <span class='ocrx_word' id='word_1_248' title='bbox 518 3571 681 3649; x_wconf 88' lang='lat' dir='ltr'>inpositum</span> <span class='ocrx_word' id='word_1_249' title='bbox 703 3568 781 3629; x_wconf 85' lang='lat' dir='ltr'>lecto</span> <span class='ocrx_word' id='word_1_250' title='bbox 803 3575 998 3648; x_wconf 82' lang='lat' dir='ltr'>prospexerat</span> <span class='ocrx_word' id='word_1_251' title='bbox 1019 3566 1128 3649; x_wconf 79' lang='lat' dir='ltr'>Iphin,</span> 
     </span>
    </p>
   </div>
   <div class='ocr_carea' id='block_1_3' title="bbox 0 0 1238 4042">
    <p class='ocr_par' dir='ltr' id='par_1_16' title="bbox 0 0 1238 4042">
     <span class='ocr_line' id='line_1_38' title="bbox 0 0 1238 4042; baseline 0 0"><span class='ocrx_word' id='word_1_252' title='bbox 0 0 1238 4042; x_wconf 95' lang='lat' dir='ltr'> </span> 
     </span>
    </p>
   </div>
  </div>
 </body>
</html>
