2467 4042
180 216 243 289 156
587 228 637 283 EX
654 227 775 280 PONTO

312 388 430 470 Credit,
453 390 569 469 etipsa
592 408 677 452 suam
699 393 800 452 nescia
822 394 894 454 vitat
916 410 1025 471 opem.

265 475 399 538 Membra
421 478 617 540 reformidant
643 479 761 540 mollem
789 498 909 560 quoque
936 483 1039 542 saucia
1066 492 1200 548 tactum:

311 564 449 646 Vanaque
473 565 607 628 sollicitis
630 569 738 629 incutit
761 567 866 631 umbra
888 577 1021 631 metum.

222 664 254 716 15
270 652 319 715 Sic
342 671 398 733 ego
420 653 557 715 fortunae
581 655 648 716 telis
671 656 805 717 confixus
828 658 940 735 iniquis
1160 675 1201 726 (11)

311 740 436 803 Pectore
459 745 594 822 concipio
617 743 661 803 nil
682 746 741 805 nisi
762 746 849 806 triste
872 762 956 807 meo.
1056 785 1062 790 -

267 828 327 891 lam
350 829 423 892 mihi
446 829 505 892 iata
526 830 621 910 liquet
644 840 766 912 coeptos
790 835 936 893 servantia
959 851 1075 896 cursus
1187 841 1193 846 ’

313 917 370 979 Ρ11
393 918 451 979 sibi
473 928 631 980 consuetas
654 938 772 999 semper
794 923 873 981 itura
895 924 974 983 vias:

267 1004 432 1067 Observare
455 1005 549 1083 deos,
572 1007 683 1087 nequid
706 1008 779 1069 mihi
802 1008 887 1070 cedat
910 1011 1024 1071 amice:

219 1105 253 1155 20
312 1093 466 1174 Verbaque
489 1093 639 1157 Fortunae
662 1098 709 1157 vix
731 1104 805 1177 puto
828 1114 916 1176 posse
939 1096 1022 1159 dari.

266 1180 321 1243 Est
342 1181 386 1243 illi
408 1200 497 1245 curae
520 1201 568 1245 me
591 1183 739 1263 perdere.
780 1202 916 1264 quaeque
941 1184 1060 1247 solebat

311 1268 386 1331 Esse
409 1270 504 1351 levts,
527 1282 665 1333 constans
689 1281 720 1334 et
741 1271 818 1333 bene
842 1281 923 1333 certa
945 1282 1057 1334 nocet.

267 1357 361 1420 Crede
384 1358 479 1441 mibi,
502 1362 528 1420 si
551 1378 619 1421 sum
641 1364 705 1421 veri
726 1359 782 1421 tibi
805 1362 942 1441 cognitus
965 1363 1045 1442 oris,

310 1445 372 1508 Nec
395 1447 500 1526 planus
522 1450 554 1508 in
577 1450 688 1509 nostris
711 1448 829 1509 casibus
853 1467 918 1510 esse
941 1457 1051 1529 puter,

219 1546 253 1596 26
268 1534 427 1614 Cinyphiae
451 1538 560 1615 segetis
583 1538 672 1597 citius
694 1536 865 1597 numerabis
888 1539 1013 1617 aristas,

310 1623 434 1703 Altaque
457 1642 546 1704 quam
569 1624 671 1686 multis
693 1625 798 1687 floreat
819 1624 912 1704 Hybla
934 1625 1064 1705 thymis:

267 1709 306 1772 Et
328 1718 401 1791 quot
423 1730 493 1773 aves
515 1714 604 1773 motis
627 1715 761 1774 nitantur
783 1715 814 1773 in
838 1718 905 1774 abre
929 1715 1056 1795 pennis,

312 1799 451 1879 Quotque
474 1808 578 1862 natent
599 1803 697 1880 pisces
720 1818 871 1880 aequore,
895 1810 995 1862 certus
1020 1805 1106 1884 eris,

267 1886 361 1958 Quam
384 1888 438 1949 tibi
461 1897 632 1950 nostrorum
655 1896 802 1951 statuatur
826 1906 941 1950 summa
962 1888 1125 1973 laborum,

218 1987 252 2037 30
313 1975 394 2047 Quos
417 1994 473 2057 ego
495 1995 562 2038 sum
585 1987 688 2059 terra,
712 1996 787 2058 quos
810 1996 865 2057 ego
887 1996 993 2057 passus
1017 1996 1119 2057 aqua.

266 2063 352 2126 Nulla
375 2063 457 2125 Getis
479 2073 543 2126 toto
566 2083 640 2144 gens
663 2074 709 2127 est
732 2065 931 2128 truculentior
953 2064 1044 2128 orbe:

312 2151 370 2212 Sed
388 2160 488 2215 tamur
510 2153 542 2214 hi
565 2156 676 2214 nostris
698 2155 871 2232 ingemuere
893 2153 994 2215 malis.

268 2241 349 2313 Quae
372 2239 427 2302 tibi
450 2243 477 2302 si
499 2244 624 2302 memori
648 2260 739 2303 coner
761 2242 949 2322 perscribere
972 2260 1085 2324 versu,

310 2328 378 2389 llias
401 2336 447 2391 est
470 2331 522 2391 lati
545 2328 631 2410 longa
654 2331 754 2392 lutura
777 2333 852 2391 mei.

218 2416 331 2478 3111111
354 2418 446 2496 igitur
468 2436 595 2498 vereor,
614 2420 683 2498 quia
706 2426 736 2479 11
758 2436 826 2479 rear
849 2437 915 2480 esse
939 2417 1128 2500 verendum,

311 2504 403 2568 Cuius
427 2523 509 2566 amor
532 2504 617 2567 nobis
641 2508 765 2586 pignora
789 2506 868 2568 mille
892 2506 990 2568 dedit:

269 2592 327 2654 Sed
355 2595 424 2672 quia
451 2612 501 2655 res
530 2593 632 2655 timida
660 2603 705 2656 est
732 2596 828 2655 omnis
856 2598 967 2674 miser,
997 2602 1028 2655 et
1055 2600 1133 2675 quia

814 2683 973 2762 longeest
1154 2699 1198 2750 (aa)

311 2769 458 2850 Tempore
480 2770 615 2831 laetitiae·
632 2772 718 2831 ianua
742 2770 841 2832 clausa
863 2789 962 2832 meae.

266 2858 327 2920 lam
350 2858 434 2919 dolor
456 2860 488 2920 in
511 2876 625 2920 morem
648 2862 729 2920 venit
750 2877 858 2920 meus.
899 2869 991 2939 utque
1014 2858 1145 2923 caducis

218 2959 253 3009 40
311 2947 461 3009 Percussu
484 2945 591 3007 crebro
615 2965 684 3008 sara
707 2956 848 3009 cavantur
871 2949 972 3028 aquis,

268 3034 318 3097 Sic
340 3053 395 3115 ego
419 3037 559 3097 continuo
583 3037 720 3097 fortunae
743 3035 985 3115 111111110111111,
1148 3099 1152 3106 ,

312 3123 425 3205 Virque
448 3123 537 3186 habet
559 3127 590 3184 in
613 3123 700 3186 nobis
722 3127 781 3186 iam
803 3143 878 3185 nova
901 3124 985 3203 plaga
1006 3121 1134 3189 locum.

266 3213 328 3275 Nec
351 3215 444 3292 magis
466 3212 585 3274 assiduo
608 3232 709 3274 vomer
732 3221 873 3275 tenuatur
895 3213 932 3274 ab
955 3229 1031 3292 usu,

310 3300 373 3363 Nec
395 3305 488 3383 magis
511 3310 559 3362 est
581 3305 680 3363 curvis
702 3302 797 3382 Appia
819 3304 889 3363 trita
911 3303 1002 3381 rotis,

217 3401 251 3450 45
265 3390 391 3452 Pectora
413 3411 502 3471 quam
525 3407 591 3452 mea
613 3400 684 3453 sunt
707 3393 784 3451 serie
804 3397 921 3453 caecata
943 3388 1116 3455 malorum:

310 3479 349 3539 Et
371 3480 444 3541 nihil
467 3480 589 3560 inveni,
612 3480 691 3558 quod
714 3478 787 3540 mihi
811 3480 904 3540 111111
926 3495 1030 3557 opem.

265 3566 389 3628 Artibus
411 3571 550 3647 ingenuis
574 3571 707 3647 quaesita
731 3577 777 3629 est
799 3567 892 3647 gloria
915 3564 1036 3628 multis:
