2467 4042
337 202 418 267 70
627 222 752 259 rra.
790 221 978 256 ‘rmum
1161 200 1489 255 METAMM
1504 240 1521 257 .

378 382 478 431 135
506 368 819 430 Pallidiora
863 386 1077 447 gerens
1122 366 1431 428 exhorruit
1475 371 1752 447 aequoris
1795 371 1985 431 instar
2000 417 2018 451 ‚

509 456 681 529 Quod
725 458 928 518 tremit
950 504 970 538 ‚
1016 458 1226 535 exigua
1271 473 1409 517 eum
1454 474 1756 517 summum
1809 460 2136 537 stringitur
2182 479 2359 521 aura
2381 509 2396 525 .

510 546 626 607 Sed
671 553 986 625 postquam
1029 554 1325 605 remorata
1370 562 1510 605 suos
1556 547 1834 624 cognovit
1876 563 2120 607 amores
2139 595 2157 628 ,

504 634 775 697 Percutit
816 632 1089 711 indignos
1134 632 1293 693 claro
1328 632 1612 712 plangore
1655 633 1911 694 lacertos
1927 681 1947 715 ‚

505 722 583 783 Et
625 722 840 783 laniata
886 740 1083 783 eomas
1129 721 1510 801 amplexaque
1556 739 1777 800 corpus
1822 732 2085 783 amatum

377 821 479 873 140
505 810 762 872 Vulnera
806 809 1100 890 supplevit
1140 808 1400 871 lacrimis
1443 809 1770 889 fletumque
1815 813 2018 872 emori

507 900 746 961 Miscuit
769 948 788 980 ,
835 907 896 959 et
931 897 1138 977 gelidis
1183 900 1247 958 in
1293 897 1554 958 vultibus
1600 898 1804 959 oscula
1846 900 2033 979 figens

506 984 800 1067 “Pyrame
824 982 866 1070 ‚³
914 986 1184 1047 clamavit
1230 982 1389 1065 ‘quis
1434 995 1495 1047 te
1540 986 1687 1047 mihi
1732 1004 1907 1047 casus
1954 986 2248 1050 ademit?

504 1077 753 1156 Pyrame
778 1124 798 1158 ‚
843 1075 1181 1154 responde:
1227 1084 1330 1135 tua
1375 1082 1434 1136 te
1480 1077 1784 1136 carissima
1828 1074 2048 1136 Thisbe

503 1165 780 1225 Nominat
805 1210 820 1226 .
876 1162 1131 1245 exaudi,
1173 1163 1492 1243 vultusque
1538 1163 1738 1224 attolle
1784 1166 2047 1226 iacentes
2064 1159 2139 1225 !'’

376 1267 474 1315 145
505 1253 589 1314 Ad
636 1271 853 1313 nomen
896 1251 1149 1313 Thisbes
1193 1251 1400 1313 oculos
1444 1254 1563 1312 iam
1606 1261 1799 1313 morte
1843 1261 2120 1331 gravatos

503 1343 789 1422 Pyramus
833 1343 1024 1401 erexit
1046 1388 1066 1422 ‚
1110 1343 1353 1419 visaque
1396 1339 1734 1401 recondidit
1774 1340 1872 1402 illa
1890 1388 1907 1403 .

505 1431 666 1502 Quae
710 1438 1027 1510 postquam
1069 1437 1414 1508 vestemque
1461 1447 1628 1490 suam
1676 1432 1950 1508 cognovit
1970 1478 1991 1511 ,
2036 1438 2098 1492 et
2151 1449 2309 1493 ense

501 1519 660 1580 Vidit
703 1517 854 1580 ebur
887 1535 1140 1578 vacuum
1164 1565 1183 1599 ‚
1229 1512 1380 1578 “tua
1426 1525 1485 1578 te
1530 1512 1766 1579 man-us’
1811 1520 2010 1597 inquit
2037 1514 2373 1600 ‘amorque

501 1606 768 1669 Perdidit
789 1655 809 1689 ‚
853 1606 1058 1667 infelix
1086 1652 1100 1667 .
1157 1614 1252 1667 est
1296 1614 1357 1667 et
1400 1605 1545 1666 mihi
1590 1606 1763 1666 fortis
1805 1609 1871 1667 in
1915 1624 2106 1667 unum

373 1710 474 1758 150
502 1696 629 1757 Hoe
673 1713 884 1758 manus
906 1743 926 1777 ‚
972 1703 1065 1755 est
1109 1702 1171 1755 et
1205 1713 1415 1756 amor:
1458 1693 1621 1755 dabit
1661 1694 1761 1755 hio
1787 1696 1850 1754 in
1876 1694 2127 1755 vulnera
2156 1699 2331 1758 vires
2352 1747 2368 1759 .

500 1786 833 1863 Persequar
879 1787 1206 1844 extinctum
1229 1831 1250 1864 ,
1294 1783 1517 1862 letique
1563 1784 1895 1843 miserrima
1939 1782 2106 1843 dicar

502 1874 690 1935 Causa
735 1890 1052 1951 comesque
1097 1874 1188 1933 tui
1213 1918 1229 1932 .
1286 1874 1507 1950 quique
1554 1890 1589 1931 a
1631 1888 1727 1931 me
1774 1878 1965 1932 morte
2000 1872 2213 1934 revelli

501 1962 630 2024 Heu
677 1962 801 2023 sola
844 1969 1081 2041 poteras
1105 2008 1126 2043 ,
1169 1963 1397 2041 poteris
1440 1978 1555 2021 nee
1599 1968 1791 2020 morte
1835 1958 2041 2020 revelli
2059 2006 2075 2021 .

500 2051 625 2111 Hoc
671 2060 869 2111 tamen
914 2050 1224 2110 amborum
1269 2048 1467 2109 verbis
1513 2054 1705 2109 estote
1749 2050 1977 2129 rogati,

370 2153 472 2202 155
503 2140 550 2200 Ο
598 2139 850 2199 multum
896 2140 1143 2220 miseri,
1187 2155 1357 2198 meus
1393 2137 1670 2216 illiusque
1714 2146 1993 2216 parentes
2010 2183 2030 2217 ‚

499 2228 579 2289 Ut
623 2246 772 2307 quos
817 2236 1019 2287 eertus
1065 2244 1231 2287 amor
1255 2273 1275 2307 ‚
1320 2243 1469 2305 quos
1516 2226 1663 2286 hora
1706 2227 2023 2285 novissima
2068 2228 2309 2309 iunxit,

501 2316 787 2396 Componi
831 2315 1060 2376 tumulo
1107 2333 1228 2375 non
1272 2314 1584 2375 invideatis
1629 2313 1838 2375 eodem
1854 2360 1869 2374 .
2070 2328 2118 2368 1.
2148 2330 2355 2372 mvn.

500 2406 575 2465 At
618 2413 684 2465 tu
711 2454 729 2486 ,
769 2422 925 2483 quae
972 2407 1152 2464 ramis
1199 2402 1377 2463 arhor
1420 2401 1755 2463 miserabile
1801 2420 2021 2483 eorpus

498 2492 671 2554 Nune
717 2495 868 2572 tegi-s
913 2495 1092 2554 unius
1117 2540 1137 2574 ‚
1182 2510 1321 2552 mox
1365 2509 1432 2552 es
1476 2499 1709 2553 tectura
1754 2491 2012 2552 duorum
2027 2539 2047 2573 ‚

375 2597 471 2645 1111]
503 2581 681 2661 Signa
725 2589 864 2643 tene
909 2580 1106 2642 caedis
1132 2628 1150 2661 ‚
1194 2580 1509 2660 pullosque
1557 2588 1618 2640 et
1659 2578 1921 2641 luctibus
1965 2588 2135 2659 aptos

503 2673 751 2749 Semper
795 2669 946 2730 habe
991 2670 1149 2730 fetus
1166 2716 1186 2750 ‚
1231 2670 1449 2747 gemini
1496 2676 1880 2729 monumenta
1924 2671 2161 2729 cruoris
2180 2665 2246 2731 .''

503 2761 656 2821 Dixit
681 2806 700 2838 ,
744 2767 807 2820 et
850 2766 1044 2839 aptato
1090 2767 1302 2837 pectus
1346 2775 1633 2818 mucrone
1679 2756 1790 2818 sub
1835 2758 2022 2817 imum

503 2845 777 2909 Ineubuit
819 2847 980 2907 ferro
1005 2894 1025 2928 ‚
1072 2845 1230 2925 quod
1277 2845 1469 2907 adhue
1515 2865 1549 2906 a
1593 2846 1771 2907 caede
1816 2845 2088 2925 tepebat.

503 2937 647 2997 tiata
690 2944 888 2996 tamen
934 2937 1183 3015 tetigere
1230 2934 1375 2995 deos
1400 2983 1419 3015 ,
1462 2937 1717 3013 tetigere
1760 2942 2039 3013 parentes
2057 2980 2074 2995 .

375 3041 471 3085 1115
503 3025 647 3085 Nam
693 3024 857 3084 color
900 3027 964 3085 in
1007 3041 1185 3103 pomo
1232 3032 1326 3084 est
1349 3070 1368 3102 ,
1410 3022 1516 3083 ubi
1558 3024 1957 3102 permaturuit
1980 3070 1999 3104 ‚
2054 3030 2219 3085 ater:

503 3113 792 3192 Utaodque
835 3115 996 3192 rogis
1041 3120 1319 3193 superest
1341 3160 1360 3192 ,
1404 3129 1524 3172 una
1568 3113 1893 3190 requiescit
1934 3113 1997 3171 in
2043 3128 2194 3171 urna
2215 3106 2256 3172 .'

591 3201 894 3262 Desierat:
934 3199 1316 3280 mediumque
1342 3200 1457 3261 fuit
1482 3200 1662 3261 breve
1689 3208 1925 3279 tempus
1940 3247 1961 3280 ,
1996 3207 2060 3259 et
2085 3216 2224 3259 orsa
2253 3211 2340 3261 est

503 3293 711 3350 Dicere
757 3289 1071 3351 Leuconoe
1097 3336 1114 3350 .
1167 3306 1374 3350 vocem
1418 3296 1666 3350 tenuere
1712 3305 1951 3349 sorores
1969 3334 1986 3349 .

503 3377 698 3439 *Hune
745 3396 981 3459 quoque
1007 3427 1026 3459 ,
1058 3377 1305 3439 <siderea
1350 3379 1452 3457 qui
1496 3385 1789 3457 temperat
1823 3378 2019 3438 omnia
2062 3374 2198 3438 luce
2218 3424 2239 3461 ‚

375 3481 475 3529 1111
503 3469 674 3545 Cepit
716 3485 882 3528 amor
929 3466 1162 3528 Solem:
1209 3465 1364 3526 Solis
1407 3466 1737 3527 referemus
1782 3482 2014 3525 amores
2032 3512 2047 3527 .

503 3553 735 3615 Primus
782 3554 1137 3617 adulterium
1181 3552 1428 3614 Veneris
1474 3572 1613 3615 eum
1656 3553 1842 3616 Marte
1874 3560 2125 3636 putatur
