2467 4042
419 213 466 263 vr.
486 214 634 277 rso-812.
962 204 1026 271 355

112 377 254 437 Convenit
276 384 307 436 et
329 377 423 436 servis
435 422 445 456 ,
468 391 552 435 serua
575 375 644 452 quia
666 369 782 433 Tullius
805 378 888 431 ortus

156 465 316 525 Constituit
339 463 444 525 dubiae
468 461 576 542 templa
598 462 764 539 propinqua
788 458 877 519 deae.

366 572 418 639 25.
440 570 504 637 ΗΟ
549 572 600 637 26.
625 568 686 636 Au

47 696 97 745 785
111 683 188 744 Ecce
212 682 382 745 suburbana
403 682 522 743 rediens
545 680 620 741 male
645 678 761 739 sobrius
784 677 855 738 aede

155 770 200 830 Ad
224 771 323 832 stellas
346 771 451 849 aliquis
473 768 543 830 talia
565 766 655 828 verba
677 768 762 827 iacit:

111 858 190 919 Zona
212 858 284 920 latet
305 866 356 919 tua
379 876 480 937 nuuc,
504 866 534 918 et
555 874 622 917 oras
645 856 770 915 fortasse
793 852 913 913 latebit:

63 945 65 948 ’
155 944 267 1006 Dehinc
291 948 369 1026 erit,
392 945 506 1024 Orion,
529 942 697 1023 aspicienda
720 941 809 1002 mihi.

111 1033 148 1094 lt
172 1035 198 1094 si
220 1052 280 1094 non
302 1042 381 1094 esset
403 1040 514 1113 potus,
537 1031 661 1092 dixisset
683 1030 784 1091 eadem

46 1134 98 1182 790
155 1120 320 1182 Venturum
343 1129 462 1199 tempus
485 1119 638 1181 solstitiale
662 1118 727 1179 die.

349 1233 418 1296 Ἣ.
442 1228 503 1295 ΒΟ
548 1230 599 1296 28.
624 1226 680 1294 dr

111 1339 248 1400 Lucifero
272 1339 417 1399 subeunte
440 1338 531 1398 Lares
554 1337 677 1398 delubra
700 1334 833 1397 tulerunt

156 1426 230 1506 Hic,
256 1426 309 1487 ubi
330 1427 363 1486 iit
386 1425 471 1486 docta
493 1424 584 1485 multa
609 1441 717 1484 corona
741 1441 846 1483 manu.

112 1514 243 1592 Tempus
260 1513 339 1574 idem
353 1513 453 1574 Stator
470 1513 551 1573 aedis
569 1510 676 1592 babet,
695 1529 782 1590 quam
795 1509 938 1571 Romulus
958 1510 1026 1570 olim
1068 1511 1069 1515 ’

157 1601 233 1662 Ante
255 1600 379 1662 Palatini
403 1601 534 1661 condidit
557 1618 609 1661 ora
631 1601 709 1677 iugi.

456 1711 507 1775 29.
531 1708 592 1774 DF

45 1833 97 1882 795
113 1821 170 1881 Tot
192 1828 306 1881 restant
329 1820 365 1880 de
387 1838 491 1881 meuse
514 1817 599 1901 dies,
623 1826 696 1898 quot
718 1818 836 1878 nomina
858 1814 976 1895 Parcis,

158 1908 232 1969 Cum
255 1907 322 1968 data
345 1916 416 1969 suut
438 1907 557 1969 trabeae
580 1906 710 1986 templa,
734 1905 880 1985 Quirine,
902 1911 987 1965 tuae.

461 2019 512 2083 30.
535 2015 595 2082 EC

113 2128 243 2208 Tempus
265 2125 354 2188 Iuleis
377 2145 442 2188 cras
465 2136 511 2188 est
534 2126 629 2187 natale
652 2125 808 2187 Kalendis:

156 2214 311 2294 Pierides,
334 2217 446 2294 coeptis
469 2213 565 2275 addite
589 2231 704 2275 summa
726 2216 817 2275 meis.

113 2303 230 2382 Dicite,
252 2301 406 2381 Pierides,
430 2305 497 2381 quis
519 2320 572 2362 vos
594 2301 762 2362 adiunxerit
783 2302 851 2380 isti,

42 2404 98 2452 800
158 2390 213 2451 Cui
236 2390 316 2450 dedit
338 2391 445 2471 invitas
468 2392 543 2450 victa
566 2382 692 2450 noverca
714 2384 846 2449 manus?

113 2477 163 2538 Sic
185 2495 261 2555 ego.
303 2475 450 2538 sicelio:
482 2473 569 2537 ‘olari
591 2478 772 2537 monimenta
794 2474 921 2554 Philippi

156 2564 294 2646 Aspicis,
316 2563 396 2625 unde
419 2563 511 2624 trabit
532 2562 641 2624 Mareia
664 2571 743 2624 casta
765 2580 876 2642 genus:

110 2653 219 2714 Marcia
231 2698 241 2734 ,
263 2652 397 2712 sacrifico
421 2651 581 2713 deductum
604 2668 712 2711 nomeu
735 2651 771 2711 ab
793 2652 892 2730 Anco,

155 2738 189 2802 ln
212 2759 270 2820 qua
292 2757 362 2819 pars
384 2739 474 2800 facies
497 2739 648 2800 nobilitate
671 2755 725 2800 sua
747 2746 810 2800 est.

29 2844 70 2892 uo
89 2829 161 2907 [Par
183 2830 280 2890 animo
304 2845 422 2907 quoque
445 2828 540 2887 lorma
563 2844 617 2888 suo
640 2827 801 2906 respondet
822 2829 853 2888 in
875 2826 942 2908 illa,

153 2916 192 2979 Et
214 2935 308 2996 genus
331 2924 362 2977 et
384 2915 474 2976 facies
496 2917 706 2995 ingeniumque
731 2913 818 2976 simul
827 2912 849 2991 .]

111 3004 173 3065 Nec
195 3005 273 3083 quod
296 3003 449 3065 laudamus
472 3004 596 3063 formam
607 3049 618 3080 ,
641 3012 674 3064 tu
698 3011 785 3082 turpe
807 3003 940 3081 putaris:

155 3089 320 3153 Laudamus
342 3109 462 3170 magnas
484 3091 539 3151 hac
562 3108 681 3169 quoque
703 3098 788 3169 parte
812 3089 898 3151 deas.

112 3177 210 3257 Nupta
231 3179 288 3239 luit
309 3179 456 3257 quondam
479 3186 638 3239 matertera
660 3178 794 3239 Caesaris
816 3176 875 3238 illi.

37 3280 96 3331 810
156 3265 317 3344 ddecus,
339 3284 357 3326 o
380 3284 462 3328 sacra
485 3268 594 3328 semina
617 3267 704 3345 digna
726 3260 847 3328 domol’

112 3353 162 3415 Sic
184 3355 292 3415 cecinit
314 3352 397 3414 Clio.
438 3353 540 3415 doctae
564 3372 718 3415 assensere
740 3370 876 3431 sorores,

154 3441 265 3502 Annuit
286 3440 403 3501 Alcides
425 3442 631 3521 increpuitque
654 3442 764 3522 lyram.

423 3607 621 3631 ..ψ-.-
