2467 4042
431 255 471 329 ll,
493 252 671 317 50-127.
1007 254 1060 319 let

71 422 110 475 90
163 410 202 471 ltt
215 410 363 485 trepidat,
387 423 446 468 nec
461 422 522 482 quo
538 407 740 481 sustineatur,
764 406 866 469 habet

118 495 248 563 Decidit,
271 501 367 569 atquc
382 492 499 553 cadens
514 494 624 565 ‘pates
642 508 660 552 ο
676 500 772 567 pater,
790 492 941 553 auferort’
962 511 1065 569 mque,

164 578 346 639 Clauserunt
362 577 477 637 virides
493 591 547 634 ora
563 577 718 650 loquentis
733 591 843 650 aquae.

116 664 161 724 At
176 670 263 738 pater
276 661 400 734 infelix,
424 675 482 719 nco
497 660 556 718 iam
572 667 673 735 pater,
694 662 820 720 ‘learet’
843 660 961 732 clamat,

163 748 289 821 ‘lcare,’
313 748 425 805 clamat
439 744 504 803 ‘ubi
519 759 570 817 es,
594 759 698 819 quove
712 744 770 805 sub
786 760 844 804 axe
859 748 981 806 volast’

74 832 235 896 95‘1care’
250 830 417 905 clamabat,
442 828 551 904 pinnas
568 829 690 904 aspexit
705 829 733 887 in
750 829 851 888 undis.

163 914 243 976 Ossa
256 914 331 989 tegit
345 914 446 974 tellus.
470 927 606 988 aequom
622 929 732 972 nomen
751 912 871 972 habent.

118 1000 185 1060 Non
202 1000 300 1075 potuit
313 998 417 1058 Minos
433 997 565 1057 hominis
580 1011 770 1073 conpescere
787 997 906 1071 pinnas.

162 1085 233 1158 lpse
249 1084 341 1143 deum
358 1085 516 1143 volucrem
532 1081 702 1142 detinuisse
718 1097 803 1157 paro.

115 1168 257 1241 Fallitur,
280 1168 470 1231 Haemonias
484 1166 584 1241 siquis
599 1166 734 1227 decurrit
747 1165 787 1226 ad
803 1174 894 1239 artes,

53 1247 111 1317 tou'
159 1252 295 1327 Datque,
320 1252 406 1326 quod
420 1266 439 1310 a
451 1250 548 1310 teneri
564 1251 663 1309 fronte
678 1250 796 1310 revellit
812 1248 892 1324 equi.

115 1336 183 1397 Non
200 1336 329 1408 sacient,
351 1343 385 1396 ut
400 1335 482 1394 vivat
496 1350 596 1409 amor,
621 1335 781 1395 Medeides
795 1332 910 1392 herbae

160 1420 319 1499 Mixtaque
334 1434 403 1479 cum
418 1419 546 1495 magicis
561 1420 673 1479 naenia
687 1420 789 1479 Marsa
807 1416 905 1479 souis.

114 1503 248 1564 Phasias
263 1504 459 1578 Aesoniden,
486 1503 571 1563 circe
584 1504 736 1564 tenuisset
749 1504 879 1577 Ulixem,

160 1586 192 1649 Si
207 1588 304 1648 modo
319 1588 438 1647 servari
453 1588 586 1647 carmine
601 1596 710 1663 posset
725 1603 820 1648 amor.

54 1684 102 1737 loa
113 1673 177 1732 Nec
192 1673 266 1732 data
280 1670 452 1746 proluerint
467 1671 609 1746 pallentia
625 1672 735 1747 philtra
751 1673 875 1746 puellis=

158 1755 274 1816 Philtra
289 1762 402 1817 nocent
416 1755 540 1830 animis,
563 1755 687 1830 vimque
704 1757 816 1818 luroris
832 1754 953 1815 habent.

116 1839 163 1902 Sit
180 1840 291 1916 procul
306 1855 397 1900 omne
411 1840 510 1900 naias.
546 1838 586 1899 Ut
600 1840 727 1912 ameris,
751 1839 890 1899 amabilis
905 1845 988 1902 esto=

159 1924 248 1999 Quod
266 1923 320 1985 tibi
336 1939 397 1984 non
412 1923 508 1983 iacies
524 1924 631 1984 solave
646 1924 744 1985 torma
760 1925 852 1995 dabit,

115 2008 163 2070 Sit
176 2009 249 2070 licet
263 2008 391 2082 antiquo
406 2008 515 2068 Nireus
530 2008 691 2069 adamatus
708 2008 851 2080 Homero,

55 2106 102 2156 tto
155 2093 372 2167 Naladumque
386 2098 473 2152 tener
486 2090 611 2151 crimine
626 2099 733 2167 raptus
748 2092 855 2170 Hylas.

113 2178 154 2239 Ut
167 2177 326 2236 dominam
341 2182 462 2249 teneas,
486 2182 587 2235 necte
602 2177 711 2236 mirere
725 2176 873 2250 relictum,

157 2260 276 2336 ingenii
292 2261 381 2321 dotes
398 2260 538 2335 corporis
554 2260 637 2321 adde
651 2261 752 2321 bonis.

112 2345 228 2406 Forma
237 2346 355 2406 bouum
368 2344 476 2419 fragile
484 2351 540 2404 est.
561 2342 941 2421 quantumqueacoedltad
951 2359 1053 2405 anuos

155 2429 204 2490 Fit
218 2429 332 2501 minor,
355 2435 386 2489 et
399 2429 500 2503 spatio
516 2428 650 2503 carpitur
664 2429 733 2505 ipsa
747 2444 815 2489 suo.

54 2524 100 2576 115
110 2514 174 2574 Nec
190 2513 294 2573 violae
309 2527 473 2589 semperve
487 2512 686 2591 hyacinthina
701 2514 762 2574 lilia
778 2512 897 2585 llorent,

155 2598 194 2657 Et
209 2598 288 2672 riget
301 2598 416 2657 amissa
431 2597 521 2673 spina
534 2597 640 2657 relicta
655 2613 738 2659 rosa.

112 2682 150 2741 lit
164 2681 218 2742 tibi
234 2680 294 2741 iam
309 2681 433 2742 venient
447 2683 531 2754 canl,
553 2682 725 2756 tormonse,
747 2681 857 2756 capilli,

155 2766 223 2826 lam
238 2765 361 2826 venient
375 2780 485 2841 rugae,
510 2781 590 2841 quae
604 2766 658 2825 tibi
675 2782 789 2841 corpus
805 2773 900 2826 arent.

113 2851 177 2911 lam
192 2850 302 2911 molino
317 2850 465 2922 animum,
491 2851 542 2924 qui
559 2850 662 2925 duret,
685 2858 717 2910 et
730 2851 854 2910 adstrue
869 2851 1000 2911 formae·

55 2945 101 2997 1⁶20
154 2934 250 2996 Solus
267 2933 305 2995 ad
320 2940 476 2996 extremos
492 2941 650 3010 permanet
664 2935 714 2996 ille
728 2950 833 3009 rogos.

112 3018 175 3080 Nec
192 3019 270 3079 leuis
284 3018 434 3093 ingenuas
450 3027 558 3094 pertus
573 3019 709 3079 coluisse
723 3035 779 3094 per
789 3025 874 3079 artes

155 3103 236 3164 Cura
254 3102 294 3163 sit
308 3110 338 3163 et
352 3104 472 3178 linguas
487 3103 654 3163 edidicisse
668 3104 756 3164 duas.

113 3188 178 3249 Non
196 3187 373 3248 formonsus
389 3195 468 3260 erat,
492 3189 549 3248 sed
564 3195 630 3248 erat
647 3188 798 3247 facundus
813 3187 929 3259 Ulixes,

152 3271 192 3332 Et
206 3279 308 3332 tamen
325 3287 497 3347 aequoreas
512 3273 599 3332 torsit
613 3288 718 3334 amore
733 3272 819 3332 deas.

55 3354 132 3416 1250
149 3356 295 3431 quotiens
310 3356 393 3417 illum
409 3356 505 3418 doluit
520 3372 688 3433 properare
704 3357 849 3434 calypso,

152 3439 360 3516 Remigioque
373 3448 462 3517 aptas
477 3456 550 3503 esse
563 3441 688 3518 negavit
700 3448 814 3517 aquas!

110 3526 194 3589 llaec
208 3524 321 3587 Troiae
336 3541 428 3588 casus
442 3524 613 3604 iterumque
629 3527 800 3602 iterumque
814 3524 956 3600 rogabata
