2467 4042
159 227 203 296 93
576 225 747 276 rs1sn1uu

250 389 375 452 Difficile
402 397 466 471 est,
494 390 591 470 quod,
621 392 731 469 amice,
758 406 877 468 moues,
905 391 973 467 quia
1001 391 1141 450 carmina

673 476 782 537 laetum

250 567 327 628 Sunt
349 585 424 647 opus
446 573 478 627 et
499 582 602 643 pacem
626 567 734 627 meritis
756 563 865 625 habere
889 564 1006 625 volunt.

219 654 355 716 uNostra
378 672 434 733 per
456 653 593 714 adversas
616 655 713 731 agitur
735 654 853 713 iortrurs
876 652 1039 735 procellas,

250 743 337 804 Sorte
360 760 417 804 nec
439 742 497 803 ulla
520 760 585 802 mea
607 743 722 802 tristior
746 760 811 802 csse
834 749 949 819 potest.

250 831 374 911 Exigis,
397 838 431 892 ut
453 830 589 890 Priamus
612 839 750 890 natorum
773 830 877 890 lunera
900 827 998 909 ludat,

250 918 288 981 Et
310 917 403 980 Niobe
427 918 519 979 festos
542 918 631 979 ducat
654 928 687 978 nt
709 916 782 978 orba
804 913 937 978 choros?

249 1007 393 1068 Luctibus
416 1024 454 1067 an
476 1005 575 1066 studio
598 1005 701 1066 videor
723 1005 832 1066 debere
855 1007 968 1087 teneri,

204 1108 236 1156 10
252 1095 339 1156 Solus
362 1097 394 1156 in
417 1102 566 1156 extremos
589 1096 689 1155 iussus
713 1092 794 1154 abire
818 1090 933 1155 Getas?

249 1183 307 1244 Des
329 1183 399 1244 licet
420 1184 452 1243 in
475 1182 569 1242 valido
591 1192 697 1262 pectus
720 1181 793 1242 mibi
815 1181 922 1242 robora
944 1180 1075 1262 fultum,

249 1270 337 1331 Fama
360 1272 453 1331 relect
474 1271 563 1349 Anyti
585 1270 671 1348 quale
695 1272 787 1331 inisse
811 1288 881 1331 reo:

248 1358 353 1421 Fracta
376 1357 462 1421 cadet
485 1366 582 1419 tantae
606 1361 749 1436 sapientia
771 1358 848 1419 mole
871 1360 991 1419 ruinas.

249 1447 320 1509 Plus
342 1447 419 1509 vaiet
441 1447 578 1507 humanis
600 1445 714 1508 viribus
735 1450 780 1507 ira
802 1446 870 1507 dei.

202 1548 235 1596 15
250 1535 300 1596 lile
324 1554 437 1616 senex,
460 1535 557 1596 dictus
580 1537 698 1613 sapiens
721 1534 757 1595 sb
779 1534 935 1615 Apolline,
958 1534 1074 1595 nulium

251 1623 388 1686 Scribere
410 1625 442 1684 in
465 1623 521 1683 boc
544 1641 614 1684 casu
638 1625 830 1685 sustinuisset
852 1640 944 1701 opus.

249 1711 288 1773 Ut
310 1713 429 1773 veniant
450 1713 585 1791 patriae,
609 1713 728 1772 veniant
750 1710 856 1771 oblivia
878 1712 986 1790 vestri,

249 1800 353 1862 Omnis
375 1808 406 1861 et
428 1802 528 1860 amissi
552 1817 659 1860 sensus
681 1798 786 1861 abesse
809 1807 916 1878 queat:

249 1890 287 1949 dt
309 1890 398 1949 timor
420 1889 518 1948 cilicio
542 1888 625 1965 iungi
648 1894 728 1948 vetat
749 1890 813 1968 ipsc
836 1889 986 1966 quietum:

201 1990 235 2037 so
250 1977 371 2038 Cinctus
395 1975 431 2036 ab
455 1978 611 2037 innumero
635 1993 682 2036 me
705 1983 787 2038 tenet
809 1975 894 2036 hoste
917 1973 1017 2037 locus!

248 2064 353 2145 tude,
376 2063 455 2143 quod
479 2066 630 2144 ingenium
652 2063 739 2143 longa
762 2062 897 2142 robigine
919 2064 1030 2124 laesum

249 2152 360 2231 Torpet
383 2160 414 2214 et
435 2160 482 2213 est
505 2152 620 2232 multo,
643 2169 731 2231 quom
755 2152 811 2213 luit
833 2161 923 2233 aute,
946 2154 1061 2213 minus.

249 2239 390 2320 Fertilis,
412 2240 530 2301 assiduo
554 2242 580 2302 si
602 2258 661 2300 non
680 2249 841 2302 renovatur
863 2250 961 2301 aratro
968 2286 978 2320 ,

248 2327 296 2388 Nil
318 2330 376 2390 nisi
399 2346 467 2390 cum
491 2330 584 2407 spinis
607 2345 729 2406 gramen
751 2327 871 2389 habebit
894 2347 980 2408 ager.

201 2428 235 2479 25
249 2417 394 2495 Tempore
418 2418 470 2496 qui
492 2415 579 2496 longo
603 2419 743 2496 steterit,
766 2416 840 2477 male
865 2425 966 2479 curret
988 2424 1019 2479 ct
1041 2419 1127 2480 inter

250 2504 426 2566 Carceribus
449 2506 555 2565 missos
578 2504 701 2566 ultimus
724 2503 778 2565 ibit
801 2522 913 2584 equus.

250 2592 382 2656 Vertitur
404 2595 435 2653 in
459 2601 591 2654 teneram
616 2595 724 2654 cariem
748 2594 892 2672 rimisque
914 2593 1057 2673 dehiscit,

251 2681 342 2760 Siqua
365 2681 415 2742 diu
440 2681 534 2742 solitis
557 2681 663 2742 cumba
687 2681 800 2743 vacabit
823 2684 925 2761 aquis.

248 2768 295 2829 lle
318 2787 437 2848 quoque
460 2769 607 2849 despera,
629 2770 737 2830 fuerim
760 2787 829 2830 cum
850 2787 959 2849 parvus
981 2778 1012 2831 st
1034 2778 1130 2855 ante,

200 2856 314 2937 tollii,
338 2860 389 2935 qui
412 2857 547 2938 fueram,
569 2875 658 2937 posse
682 2856 780 2919 redire
803 2876 921 2937 parem.

249 2945 390 3006 Contudit
412 2947 564 3024 ingenium
587 2947 728 3024 patientia
750 2945 837 3024 longa
860 2946 1021 3027 malorum,

249 3032 287 3094 Et
309 3051 378 3113 pars
400 3036 515 3113 antiqui
537 3033 617 3095 nulls
640 3035 749 3112 vigoris
772 3035 873 3095 adest.

250 3121 341 3201 Siqua
373 3130 472 3183 tamen
503 3121 589 3183 nobis
601 3167 611 3203 ,
641 3130 675 3183 ut
706 3139 785 3184 nnnc
819 3141 959 3203 quoque,
991 3132 1116 3203 sumpta

796 3210 903 3273 tabella
925 3218 988 3292 est,

248 3296 342 3376 inque
365 3315 435 3359 suos
459 3298 538 3359 volni
561 3316 668 3378 cogere
691 3297 782 3359 rerba
804 3299 913 3379 pedes,

199 3396 234 3446 an
249 3384 385 3446 Carmina
408 3385 487 3447 nulla
510 3386 583 3447 mibi
605 3395 676 3447 sunt
699 3389 832 3466 scripta,
855 3395 914 3453 aut,
929 3386 1026 3466 qualia
1049 3394 1164 3455 cernis
1175 3440 1188 3476 ,

247 3471 340 3550 Digna
363 3476 411 3534 sui
433 3473 545 3534 domiui
568 3483 702 3554 tempore
714 3521 724 3556 ,
747 3475 834 3553 digna
857 3474 940 3536 loco.

249 3557 382 3638 lienique
405 3578 466 3621 non
487 3579 593 3641 parvas
615 3564 713 3623 animo
737 3561 786 3624 dat
808 3562 903 3643 gloria
924 3564 1020 3646 vires,
