2467 4042
412 291 414 294 ,
482 242 665 320 1,1-os.

130 399 210 459 Este
226 401 353 475 procul,
374 399 466 458 vittae
483 406 604 474 tenues,
628 398 748 472 insigne
761 398 900 475 pudoris,

180 482 332 560 Quaeque
347 483 426 557 tegis
440 482 561 542 medios
577 483 679 542 instita
694 483 786 558 longa
799 484 906 559 pedes.

134 568 202 627 Nos
220 583 369 627 venerem
382 574 476 628 tutam
492 582 705 642 concessaque
720 568 798 627 lurta
813 582 967 637 canemus

180 652 282 727 Inque
295 666 365 720 meo
380 651 496 710 nullum
512 650 645 711 carmine
660 649 773 710 crimen
788 650 853 710 erit.

80 742 122 796 35
136 735 297 811 Principio
314 735 399 810 qnod
413 750 516 794 amare
530 735 624 808 velis,
642 735 777 809 reperire
791 734 906 810 labora,

181 818 242 893 Qui
256 836 337 880 nova
352 834 434 879 nunc
450 820 580 893 primum
594 817 682 878 miles
699 819 729 878 in
743 834 827 878 arma
841 820 937 880 venis.

133 902 304 963 Proximus
320 903 391 964 hnic
405 901 493 963 labor
509 909 558 963 est
570 902 713 977 placitam
729 917 857 962 exorare
873 904 1019 978 puella1n=

180 987 320 1061 Tertius,
343 994 376 1049 ut
390 987 483 1061 longo
498 992 637 1062 tempore
653 986 742 1048 duret
755 1001 850 1045 amor.

135 1071 196 1130 Hic
211 1071 334 1132 modus.
358 1070 436 1131 haec
450 1076 556 1130 nostro
571 1069 741 1145 signabitur
757 1086 829 1130 area
841 1085 945 1131 curru:

83 1164 126 1215 so
183 1154 272 1214 Haec
286 1155 343 1215 erit
354 1153 493 1214 admissa
506 1159 588 1215 meta
604 1152 771 1230 premenda
784 1161 860 1215 rota.

136 1239 221 1298 Dum
238 1238 320 1311 licet,
344 1245 374 1299 et
388 1237 464 1298 loris
479 1237 594 1313 passim
610 1243 699 1313 potes
714 1237 758 1297 irc
772 1238 890 1312 solutis,

183 1322 273 1397 Elige
287 1323 336 1383 cui
351 1322 439 1383 dicas
455 1325 499 1382 ‘tu
514 1319 588 1381 milii
602 1322 670 1382 sola
686 1322 814 1397 places!

135 1406 228 1466 Haec
242 1405 295 1467 tibi
309 1421 371 1466 non
387 1412 494 1465 tenues
508 1405 611 1466 veniet
626 1405 753 1480 delapsa
768 1422 824 1480 per
837 1421 938 1466 auras.

183 1489 366 1563 Quaerenda
383 1496 432 1551 est
446 1489 544 1550 oculis
560 1495 632 1565 apta
646 1489 749 1564 puella
763 1490 833 1549 tuis.

87 1583 127 1635 45
141 1572 209 1635 Scit
224 1571 302 1634 bene
317 1579 460 1649 venator,
483 1573 583 1634 cervis
596 1572 649 1634 ubl
664 1573 740 1633 retia
756 1574 868 1648 tendat,

182 1656 249 1717 Scit
261 1657 356 1730 bene,
380 1673 442 1733 qua
456 1657 601 1718 frendens
616 1657 696 1717 valle
710 1666 845 1718 moretur
859 1673 948 1733 apere

137 1741 323 1816 Aucupibus
340 1742 406 1803 noti
420 1740 556 1801 frutices.
580 1740 633 1817 qui
648 1740 778 1801 sustinet
790 1742 910 1816 hamos,

180 1823 289 1901 Novit,
311 1841 394 1902 quae
406 1825 501 1885 multo
516 1825 604 1900 pisce
621 1832 761 1886 natentur
778 1842 887 1901 aquae.

137 1909 184 1969 Tu
201 1925 341 1984 quoqne,
363 1908 519 1969 materiam
534 1910 628 1984 longo
643 1909 696 1983 qui
712 1909 834 1984 quaeris
849 1912 955 1986 amori,

89 2002 131 2055 50
185 1993 267 2053 Ante
282 1994 428 2067 frequens
444 2009 506 2068 quo
521 1993 561 2053 sit
575 1992 663 2052 disce
677 1994 779 2068 puella
794 1994 874 2055 loco.

137 2077 208 2138 Non
223 2093 281 2153 ego
298 2083 495 2153 quaerentem
509 2083 602 2138 vento
620 2077 694 2137 dare
709 2078 778 2137 vela
792 2077 913 2150 iubebo,

181 2160 245 2221 Nec
260 2160 329 2236 tibi,
350 2168 384 2223 ut
397 2160 552 2235 invenias,
572 2162 665 2236 longa
678 2162 805 2221 terenda
820 2162 870 2223 via
883 2169 940 2222 oet.

137 2245 360 2306 Andromedan
378 2243 511 2307 Perseus
526 2244 621 2320 nigris
636 2245 763 2320 portarit
781 2245 819 2305 ab
834 2244 928 2321 Indis,

182 2329 344 2406 Raptaque
362 2329 401 2388 sit
414 2327 548 2408 Phrygio
564 2328 654 2389 Graia
670 2330 771 2404 puella
787 2330 861 2389 viro.

92 2424 129 2474 55
140 2413 199 2474 Tot
210 2413 265 2474 tibi
280 2420 405 2489 tamque
420 2413 503 2473 dabit
517 2414 691 2474 lormonsas
706 2414 804 2474 Roma
819 2414 948 2489 puellas,

182 2496 279 2559 ‘Hace
293 2497 399 2558 habel’
415 2503 449 2557 ul
464 2496 550 2559 dicas
566 2495 727 2573 ‘quicquid
742 2499 771 2558 in
788 2498 862 2558 orbe
877 2498 953 2559 luit?

139 2580 277 2656 Gargara
292 2588 368 2657 quot
385 2588 522 2657 segetes,
545 2589 621 2657 quot
635 2581 726 2641 habet
739 2581 916 2658 Methymna
930 2599 1075 2657 racemos

182 2666 329 2740 Aequore
345 2672 421 2741 quot
431 2666 555 2742 pisum,
576 2665 687 2726 lronde
702 2673 843 2741 teguntur
857 2682 941 2741 aves,

139 2747 220 2823 Quot
234 2750 354 2811 caelum
368 2750 488 2823 stellam,
511 2756 556 2811 tot
571 2749 663 2810 habet
676 2756 728 2811 tua
742 2750 840 2811 Roma
855 2751 989 2826 puellas:

95 2841 130 2896 60
184 2833 282 2894 Mater
296 2841 327 2894 et
340 2835 466 2894 Aeneae
481 2839 601 2894 constat
616 2834 647 2893 in
663 2834 738 2894 urbe
753 2835 815 2894 sui.

139 2916 201 2978 Seu
216 2917 338 2994 caperis
354 2918 459 2994 primis
474 2925 504 2977 el
520 2917 623 2978 adhuc
639 2919 847 2980 crescentibus
862 2919 961 2994 annis,

181 3002 263 3061 Anto
276 3004 384 3064 oculos
401 3000 501 3064 veniet
516 3017 589 3062 vera
603 3003 706 3077 puella
722 3009 807 3063 tuos:

139 3085 214 3145 Sive
230 3084 319 3163 cupis
334 3086 492 3162 invenem,
515 3085 643 3147 iuvenes
659 3087 712 3147 tibi
727 3086 807 3147 mille
822 3086 996 3162 placebunt,

182 3170 309 3245 cogeris
324 3177 354 3230 el
369 3168 431 3230 voti
446 3169 571 3231 nescius
588 3186 659 3231 esse
672 3171 729 3231 tui:

95 3262 129 3317 65
142 3252 204 3314 Seu
220 3259 251 3313 te
265 3255 344 3314 lorte
358 3256 441 3316 inunt
455 3270 526 3315 sera
539 3261 569 3313 et
584 3254 751 3330 sapientior
765 3262 859 3325 aetas,

180 3337 249 3398 Hoc
265 3352 405 3414 quoque,
428 3339 519 3398 crede
533 3338 621 3414 mihi,
642 3340 761 3414 plenius
777 3355 884 3415 agmen
901 3338 967 3399 erit.

137 3423 182 3482 Tu
197 3420 292 3482 modo
306 3421 454 3498 Pompeia
468 3422 568 3484 lentus
583 3423 717 3497 spatiare
732 3424 790 3483 sub
804 3421 921 3495 umbra,

183 3504 256 3566 Cum
272 3508 320 3567 sol
334 3506 474 3567 Herculei
489 3516 573 3582 terga
586 3507 683 3566 leonis
700 3507 776 3566 adit:
