2467 4042
173 209 233 275 [40
453 163 456 168 ⁴
579 213 628 263 EX
645 212 766 266 PONTO

255 373 298 438 A!
317 376 442 436 nimium
461 382 524 455 est,
544 375 639 455 quod,
658 377 767 455 amice,
785 377 881 456 petis.
900 371 1092 441 moderatius
1107 389 1190 462 opta,

300 462 340 525 lit
361 465 422 525 voti
445 480 555 541 masso
579 463 722 525 contrahe
745 465 811 527 vcia
833 466 895 528 tui.

257 551 351 615 Terra
373 550 462 613 salim
484 555 607 631 propior
630 552 763 633 nullique
786 553 913 614 obnoxia
935 553 1015 615 bello

302 639 418 722 Detur,
440 647 506 703 arat
527 642 640 703 nostris
662 658 732 721 pars
754 640 832 703 bona
855 642 973 722 dempta
995 643 1110 709 malis.

611 833 728 909 VIIII.

258 995 339 1067 Quae
363 994 436 1056 milri
458 992 495 1055 dc
517 1002 603 1075 rapto
627 1002 678 1056 tua
700 996 783 1056 venit
805 992 929 1074 epistola
951 994 1059 1079 Celso,

302 1081 443 1145 Protinus
466 1089 513 1144 est
534 1082 664 1145 lacrimis
687 1083 787 1144 umida
810 1084 887 1145 iacta
911 1087 1001 1146 meis.

258 1170 404 1251 Quodque
427 1171 511 1232 naias
534 1169 639 1253 dictu,
662 1172 728 1233 fieri
751 1189 807 1234 nec
830 1189 918 1251 posse
942 1176 1063 1255 putari,

303 1259 407 1321 inritis
429 1259 525 1321 cordis
546 1259 647 1321 littera
668 1260 744 1322 lecta
767 1268 819 1322 tua
841 1268 904 1321 ost.

226 1348 319 1411 oNcc
342 1350 502 1429 quicquam
524 1348 561 1409 ad
583 1357 701 1410 nostras
724 1351 861 1429 pervenit
883 1347 1022 1411 acerbius
1044 1369 1145 1415 aures

303 1436 342 1499 Ut
364 1454 469 1499 sumus
490 1438 523 1497 in
545 1435 663 1518 Ponto,
685 1439 917 1518 perveniatque,
942 1455 1073 1519 precor.

259 1526 335 1587 bute
358 1542 441 1586 meos
463 1525 567 1587 oculos
589 1532 740 1605 tamquam
762 1528 928 1605 praesentis
950 1529 1048 1607 imago

303 1613 412 1676 ilaeret
424 1660 433 1694 ,
457 1622 488 1675 ot
510 1615 675 1675 extinctum
697 1615 797 1675 vivere
819 1615 904 1694 tingit
926 1631 1027 1677 amor.

259 1702 353 1783 Saepe
376 1702 471 1764 refert
493 1704 609 1764 animus
632 1701 716 1764 lusus
739 1704 883 1782 gravitate
906 1711 1062 1786 carentes,
1134 1713 1140 1722 ’

211 1801 245 1853 to
304 1791 388 1852 Seria
410 1809 479 1852 cum
502 1789 613 1870 liquida
637 1808 725 1869 saepe
748 1798 867 1871 peracta
890 1791 965 1853 ilde.

258 1878 344 1941 Nulla
366 1888 465 1940 umen
489 1878 620 1940 subeunt
641 1879 714 1940 mibi
737 1890 870 1958 tempora
893 1879 1015 1941 densius
1038 1880 1124 1965 illis,

304 1968 385 2039 Quae
408 1967 514 2028 vellem
536 1970 613 2029 vitae
636 1985 752 2029 summa
774 1968 866 2030 baisse
889 1986 989 2048 meac,

259 2056 333 2118 Cum
357 2056 463 2117 domus
485 2058 599 2135 ingenti
621 2054 720 2118 subito
743 2074 808 2117 moa
830 2056 911 2135 lapsa
934 2059 1020 2118 ruina
1149 2075 1196 2126 (aa)

303 2143 440 2207 Concidit
461 2145 493 2205 in
516 2143 629 2205 domini
651 2143 871 2224 procubuitque
895 2151 1000 2225 caput.

210 2241 245 2293 tt
260 2233 352 2295 iltuit
373 2232 422 2293 ille
446 2232 519 2293 mibi
531 2279 540 2312 ,
563 2250 632 2294 cum
654 2249 702 2293 mc
724 2250 794 2313 pars
817 2250 921 2313 magna
944 2232 1089 2319 reliquit,

303 2319 450 2382 Maximel
483 2322 620 2382 iortunae
643 2339 700 2382 nec
723 2321 780 2383 fuit
801 2323 866 2400 ipse
890 2337 1005 2383 comes.

258 2408 344 2471 illum
367 2410 423 2487 ego
447 2427 506 2471 non
530 2409 615 2470 aliter
637 2408 758 2471 flentem
782 2427 846 2470 mea
869 2410 1077 2486 itinerandi,

303 2497 463 2559 Ponendus
486 2515 574 2577 quam
597 2500 625 2559 si
647 2499 739 2559 irator
762 2498 793 2559 in
816 2499 884 2577 igne
907 2499 1001 2560 toret.

259 2584 362 2648 Haesit
383 2589 416 2648 in
438 2586 576 2666 amplexu
592 2586 828 2667 consolatusque
851 2590 996 2648 iacentem
1019 2596 1088 2671 ost,

209 2685 245 2738 20
303 2674 438 2756 Cumque
461 2677 536 2736 meis
558 2674 689 2736 lacrimis
711 2677 831 2737 miscuit
853 2691 950 2755 nsque
972 2692 1059 2738 suas.

259 2763 301 2826 Ol
325 2766 464 2842 quotiens
486 2765 562 2825 ritae
586 2771 689 2825 custos
710 2766 825 2825 inrisus
848 2781 962 2825 amarae

303 2850 457 2914 Continuit
478 2859 632 2932 promptas
655 2854 687 2913 in
710 2869 775 2914 mea
798 2852 856 2914 iata
879 2849 1001 2914 manus!

259 2939 301 3003 0!
325 2943 463 3020 quotiens
487 2941 561 3001 dixit
584 2936 746 3021 ‘placabilis
768 2944 812 3002 ira
836 2941 960 3002 deorum
983 2949 1047 3003 cst:

302 3028 394 3109 Vive,
418 3048 473 3091 nec
495 3030 609 3109 ignosci
632 3037 665 3090 tu
687 3029 742 3091 tibi
764 3047 852 3109 posse
875 3023 969 3108 nega?

210 3130 244 3181 25
259 3117 321 3180 Vox
345 3126 443 3179 tamen
468 3117 517 3178 ilia
541 3118 597 3179 luit
621 3116 835 3198 celeberrima,
863 3113 1012 3198 erespice,
1036 3131 1196 3197 quantum

304 3206 416 3267 llebeat
438 3206 580 3267 arixilium
603 3205 747 3267 Maximus
771 3224 837 3267 csse
860 3201 932 3267 tibi.

258 3295 405 3357 Maximus
427 3293 580 3356 incumbet
592 3340 602 3375 ,
626 3312 744 3374 quaque
767 3301 814 3356 est
835 3295 968 3375 pictate,
991 3294 1137 3382 rogabit,

303 3384 346 3446 Ne
370 3386 410 3445 sit
432 3384 468 3444 ad
491 3390 658 3444 extremum
682 3382 815 3445 Caesaris
838 3385 882 3443 ira
905 3391 1010 3445 tenax:

260 3471 393 3549 Cumque
417 3474 480 3532 suis
503 3472 604 3532 iratris
628 3473 706 3532 vires
729 3469 902 3551 adhibebit,
926 3482 956 3533 et
978 3489 1124 3554 omnem,

211 3569 245 3617 30
304 3556 369 3627 Quo
393 3558 488 3619 levius
511 3558 633 3639 doleas,
657 3560 828 3638 experietur
851 3555 967 3641 opem?
