2467 4042
442 255 489 306 VI.
505 257 654 308 469-5372
987 251 1051 317 347

179 416 348 479 verticibus
369 417 456 478 densi
478 416 635 495 Thybridis
657 434 709 478 ore
731 423 854 480 tenent.

135 506 235 567 Lucus
257 512 322 566 erut
333 552 343 586 ,
365 503 489 566 duhium
512 503 667 585 Semelae,
690 504 870 566 Stimulaene
893 512 1034 565 vocetur:

179 593 334 655 Maenadas
356 591 501 654 Ausonias
523 591 683 654 incoluisse
707 594 824 654 ierunt.

71 692 123 743 ooo
137 681 261 753 Quaerit
283 680 319 742 ah
342 679 389 742 his
411 679 486 760 ino,
509 697 585 759 quae
603 697 676 759 gens
699 682 799 742 ieret.»
834 679 963 741 Arcadas
986 698 1051 742 esse

180 768 291 850 dudit,
313 776 345 830 et
366 767 536 829 Evandrum
557 775 675 847 sceptra
695 776 800 830 tenere
823 768 897 830 loci.

135 855 324 919 Dissimulate
346 855 431 917 deam
453 855 551 917 hstias
573 854 711 920 Saturnia
733 855 860 918 hacohos

180 944 346 1006 instimulat
367 945 445 1006 lictis
466 943 608 1005 insidiosa
631 946 736 1006 sonisz'

137 1028 178 1093 ‘0
201 1034 326 1094 nimium
348 1030 449 1094 faciles
461 1080 470 1113 ,
493 1050 511 1092 o
534 1040 597 1094 tcto
620 1040 742 1111 pectore
763 1029 884 1111 captae!

68 1131 122 1182 510
179 1119 245 1180 Non
267 1122 349 1182 venit
371 1121 444 1182 haec
466 1121 577 1181 nostris
599 1119 709 1200 hospes
732 1122 824 1181 amica
848 1119 963 1181 choris.

135 1206 251 1270 Fraude
274 1210 370 1289 petit,
393 1210 529 1287 sacrique
551 1216 637 1287 paret
658 1225 839 1288 cognoscere
861 1209 970 1268 riuum.

180 1294 246 1365 Quo
268 1297 364 1373 possit
386 1314 495 1373 poenas
516 1295 671 1376 pendere,
692 1298 800 1376 pignus
822 1290 945 1356 hehet?

135 1381 191 1442 Vix
214 1381 290 1442 hene
313 1382 463 1463 desierat,
487 1381 637 1460 complent
657 1382 819 1444 ululatibus
842 1400 929 1443 amas
1008 1430 1016 1445 .

180 1468 347 1549 Thyiades,
371 1470 472 1531 eiiusis
495 1486 550 1547 per
573 1486 627 1529 sna
649 1470 724 1531 oolla
745 1471 857 1550 comis,

68 1568 122 1619 ⁶15
136 1555 325 1635 iniciuntque
347 1574 474 1635 manus,
496 1573 684 1636 puerumque
707 1556 850 1619 reuellere
871 1565 1020 1638 pugnent.

180 1644 263 1716 Quos
284 1647 400 1723 ignorat
422 1644 519 1706 adhuc
531 1691 541 1725 ,
563 1647 681 1706 invocat
701 1645 752 1705 illa
774 1644 862 1707 deos:

137 1727 248 1811 ‘ilique
269 1735 386 1812 virique
408 1733 488 1815 loci,
511 1735 637 1794 miserae
660 1734 826 1795 succurrite
848 1727 969 1794 matrii’

181 1820 298 1882 Clamor
320 1819 457 1882 Aventini
480 1839 548 1881 saxa
569 1823 737 1901 propinqua
757 1822 846 1882 ierit.

135 1907 296 1988 Appuierat
318 1909 399 1987 ripae
422 1926 524 1970 vaccas
547 1908 676 1970 Oetaeus
698 1907 843 1970 Hiberas:

67 2006 122 2057 111
181 1995 270 2057 dudit
282 2042 291 2077 ,
315 2004 346 2057 et
367 1996 404 2056 ad
426 2014 528 2057 vocem
551 1999 687 2058 concitus
709 2005 797 2075 urget
818 1998 893 2058 iter.

137 2082 275 2147 Herculis
298 2081 425 2145 adventu
448 2101 523 2164 quae
546 2087 605 2145 rim
628 2083 716 2145 modo
739 2085 819 2145 ierre
841 2083 1000 2164 parabant,

180 2171 292 2251 Turpia
314 2172 458 2233 ieminese
479 2179 564 2251 terga
587 2171 697 2233 dedere
719 2172 823 2250 iugae.

137 2254 230 2329 ‘Quid
257 2261 336 2338 petis
360 2259 430 2320 hinc
444 2254 468 2339 ,’
492 2292 526 2305 ·-
548 2266 692 2340 cognorat
718 2261 854 2407 emm?-
878 2255 1051 2321 ‘matertera

682 2346 791 2408 Bacchi

179 2433 225 2494 lin
247 2451 357 2494 numen
380 2433 460 2512 quod
483 2452 553 2509 ma,
575 2442 606 2496 te
629 2452 749 2514 quoque
771 2443 857 2496 vexat
870 2429 902 2495 l’
927 2437 983 2495 ait.

68 2519 189 2583 1111111
212 2520 299 2582 docet
320 2523 450 2602 partim,
473 2524 580 2602 partim
602 2524 771 2602 praesentia
794 2525 856 2584 nati

181 2606 342 2690 Conduct,
364 2617 395 2670 et
416 2609 503 2670 iuriis
524 2612 557 2670 in
579 2609 678 2671 scelus
700 2613 759 2671 isse
782 2609 894 2690 pudet.

135 2695 271 2778 Rumor,
294 2704 329 2757 ut
349 2704 398 2757 est
419 2695 524 2776 velox,
547 2698 664 2777 agitatis
686 2698 818 2777 pervolat
840 2697 911 2776 olis,

179 2782 293 2862 Estque
316 2784 481 2863 frequens,
503 2784 579 2866 lno,
601 2802 710 2846 nomen
732 2789 764 2847 in
784 2803 839 2846 ore
860 2795 963 2848 tuum.

134 2870 257 2951 Hospita
281 2871 446 2933 Carmentis
468 2871 543 2933 tides
564 2875 692 2934 intr-osse
714 2882 836 2953 penates

67 2971 121 3021 ooo
178 2957 294 3021 Diceris
317 2968 348 3021 et
369 2960 487 3039 longam
510 2961 684 3039 deposuisse
706 2962 831 3023 iamem.

134 3044 207 3107 Liha
229 3065 282 3108 suo
303 3056 462 3128 properata
483 3066 573 3110 menn
595 3048 728 3128 Tegeaea
749 3049 889 3110 sacerdos

179 3131 319 3195 Traditur
341 3138 373 3197 in
395 3136 494 3198 subito
517 3144 601 3198 cocta
624 3136 741 3198 dedisse
764 3138 848 3198 ioco.

133 3219 221 3282 Nunc
243 3240 362 3301 quoque
384 3223 443 3285 liha
464 3226 567 3286 iurant
589 3226 673 3286 iestis
695 3223 867 3286 Matralibus
889 3222 955 3285 illa.

178 3307 301 3370 Rustica
324 3310 463 3372 sedulitas
486 3314 597 3391 gratior
620 3320 684 3374 arte
706 3313 780 3374 luit.

65 3405 121 3458 111
135 3391 237 3458 ‘Nunc
250 3391 275 3478 ,’
299 3398 341 3458 ait
362 3393 396 3458 ‘o
419 3407 501 3461 rates
513 3447 523 3480 ,
546 3402 693 3461 venientia
715 3401 774 3461 1111
796 3401 931 3479 resigno,

178 3481 243 3555 Quo
264 3483 356 3548 licet.
395 3484 532 3568 hospitiis
554 3487 634 3568 hoo,
655 3505 786 3567 precor,
809 3487 883 3549 adde
906 3481 1014 3548 meis.'

133 3571 227 3633 Parra
248 3590 333 3635 mora
356 3581 402 3635 est
414 3621 423 3655 ,
447 3575 561 3636 caelum
583 3582 665 3637 vates
689 3592 723 3637 ao
746 3578 867 3637 numine
890 3576 998 3655 sumit,
