2467 4042
187 230 251 297 164
330 247 513 286 uniames
599 227 761 285 usnimi
771 272 778 287 .

273 397 365 477 ldque
388 414 443 477 ego
465 413 551 476 passa
573 394 690 457 iorem!
713 397 813 457 vixisti
835 414 959 458 munere
983 407 1093 480 nostro;

272 485 360 547 Nunc
381 486 488 546 merito
510 484 638 545 moriere
661 492 735 546 tuo.
761 502 835 565 cape
856 488 986 565 praemia
1007 487 1087 570 iacti,
1230 534 1232 557 2

273 573 382 653 Bisque
405 572 524 654 datam,
546 574 676 652 primum
698 581 809 654 partu,
831 591 899 634 mox
923 577 1022 656 stipite
1043 584 1129 656 rapto,
1231 616 1232 619 ¹

207 675 258 726 555
273 660 374 724 Redde
396 663 544 722 animam.
568 658 630 739 [vel
651 679 699 722 me
722 661 861 723 fraternis
883 661 958 724 adde
981 663 1129 744 sepulchris
1137 662 1159 741 .]
1230 700 1232 711 ι

272 750 311 811 Ε5
324 751 412 829 cupio
427 758 457 811 55
470 767 604 829 nequeo.
623 749 695 829 quid
708 746 818 830 agam?
831 750 919 811 modo
932 751 1053 814 vulnera
1065 753 1175 813 fratrum
1230 764 1232 811 ἓ

272 841 347 900 inte
371 836 473 899 oculos
495 837 568 898 milri
590 843 662 899 sunt
683 845 714 900 et
735 846 833 900 555555
857 838 955 900 caedis
978 842 1086 921 imago:
1230 900 1232 911 ,

272 926 358 989 Nunc
380 928 511 988 animum
532 928 627 1006 pietas
649 933 841 1007 maternaque
865 930 985 989 nomina
1007 930 1146 1009 irangont.
1230 920 1232 1005 ἕ

272 1015 319 1077 115
342 1012 503 1076 miseram!
526 1013 600 1076 male
624 1016 771 1098 vincetis,
793 1014 846 1077 sed
868 1018 979 1078 vincite
991 1065 1001 1099 ,
1023 1019 1133 1078 iratres:

206 1115 260 1167 515
274 1102 452 1184 [Dummodo
476 1121 550 1184 quae
574 1102 685 1164 dedero
707 1102 790 1165 vobis
813 1103 920 1166 solacia
933 1118 949 1187 ,'
965 1104 1085 1185 vosque]

271 1193 338 1273 lpsa
361 1209 470 1272 sequar
483 1186 503 1252 .'
526 1190 599 1252 dixit
611 1240 621 1273 ‚
644 1191 807 1272 dextraque
830 1210 933 1255 aversa
954 1195 1089 1255 trementi

271 1280 442 1343 Funereum
465 1288 577 1343 torrem
599 1279 713 1341 medios
736 1283 864 1343 coniecit
885 1282 916 1342 in
940 1282 1041 1361 ignes.

271 1369 331 1431 Aut
353 1368 456 1450 dedit,
479 1378 529 1431 aut
551 1369 632 1430 51555
655 1370 783 1448 gemitus
806 1376 853 1431 est
873 1368 924 1430 ille
947 1367 1062 1431 dedisse

274 1456 373 1539 Stipes
385 1505 395 1540 ,
418 1465 452 1519 ut
474 1458 574 1518 invitis
596 1465 754 1537 correptus
776 1455 813 1518 ah
836 1456 955 1537 ignibus
978 1460 1065 1519 arsit.

206 1546 386 1608 5151555155
405 1553 493 1626 atque
516 1544 624 1606 absens
646 1545 762 1607 damma
784 1544 946 1625 Meleagros
969 1545 1007 1607 ab
1029 1545 1074 1607 illa

271 1633 397 1716 Uritur,
420 1642 451 1695 55
473 1634 569 1694 caecis
591 1636 703 1695 torreri
725 1635 838 1695 viscera
860 1635 978 1695 sentit·

271 1721 415 1804 Ignibus,
437 1739 472 1783 ac
494 1739 615 1801 magnos
639 1730 762 1801 superat
782 1724 893 1784 virtute
915 1721 1049 1785 dolores.

271 1809 358 1882 Quod
380 1818 480 1872 tamen
502 1812 607 1889 ignavo
630 1809 715 1871 cadat
737 1819 768 1871 et
790 1813 855 1872 sine
877 1813 1020 1890 sanguine
1042 1811 1114 1889 leto,
1222 1826 1232 1869 s

270 1899 382 1960 llaeret
394 1945 404 1980 ,
426 1906 457 1959 55
478 1899 587 1959 Ancaei
610 1898 706 1959 felicia
728 1898 851 1959 vulnera
872 1897 962 1960 dicit:

204 1998 257 2052 tao
271 1985 533 2067 Grandaevumque
556 1993 672 2066 patrem
693 1987 861 2066 fratresque
882 1988 1006 2066 piasque
1029 2004 1140 2048 sorores

271 2074 346 2137 Cum
368 2077 480 2154 gemitu
503 2076 672 2154 sociamque
694 2077 753 2135 tori
775 2082 862 2135 rocat
883 2092 935 2135 ore
957 2093 1111 2157 supremo,

270 2163 407 2225 Forsitan
429 2170 460 2224 et
481 2170 628 2223 matrem.
656 2169 797 2225 crescunt
819 2164 955 2241 ignisque
978 2161 1134 2245 dolorque,

270 2250 539 2331 languescuntque
552 2253 685 2311 iterum:
707 2248 796 2313 simul
819 2259 865 2312 555
883 2252 1032 2312 extinctus
1045 2259 1177 2330 uterquc,
1229 2302 1231 2307 ⁴

270 2340 363 2419 loquo
386 2338 466 2400 15555
488 2337 561 2399 515115
581 2338 723 2418 pardatlm
745 2340 869 2418 spiritus
892 2355 979 2399 auras

205 2441 258 2492 555
271 2427 418 2490 Paulatim
440 2445 513 2489 cana
535 2444 661 2507 prunam
683 2424 798 2487 velante
821 2426 934 2488 invilla.
1230 2482 1231 2485 ,

270 2517 336 2577 Alta
357 2518 435 2577 iacet
457 2514 608 2594 Calydon:
631 2514 735 2593 lugent
755 2516 937 2594 iuvenesque
960 2533 1122 2597 senesque,
1230 2568 1231 2571 ,

270 2602 440 2684 Vulgusqne
463 2619 663 2684 proceresque
686 2610 831 2686 gemunt,
854 2604 1023 2682 scissaeque
1048 2603 1159 2686 capillos
1230 2630 1231 2665 2

269 2691 454 2772 Planguntnr
476 2697 587 2752 matres
610 2688 803 2771 Calydonides
825 2689 994 2752 Eueninae.

269 2779 395 2843 Pulvere
418 2780 557 2841 canitiem
580 2780 697 2858 genitor
718 2777 877 2858 vultusque
900 2778 1009 2841 seniles

204 2881 256 2933 555
269 2867 381 2930 Foedat
402 2867 486 2929 humi
507 2867 614 2950 lusus,
637 2869 858 2947 spatiosumque
881 2867 1016 2948 increpat
1038 2886 1151 2932 aevum.

268 2957 344 3018 Nam
366 2954 403 3017 de
426 2963 520 3017 matre
543 2973 649 3016 manus
672 2955 729 3016 diri
752 2954 808 3016 sihi
831 2957 948 3016 conscia
971 2956 1042 3018 laeti

269 3044 377 3124 Exegit
397 3061 509 3124 poenas
532 3052 598 3105 acto
620 3061 676 3124 per
697 3045 812 3105 viscera
833 3043 933 3105 ierro.

269 3133 336 3194 Non
358 3131 431 3193 mihi
453 3134 481 3193 si
502 3140 624 3193 centum
645 3130 719 3192 deus
742 3148 794 3193 ora
816 3133 949 3193 sonantia
971 3131 1082 3212 linguis

269 3221 484 3301 lngeniumque
506 3238 597 3300 capax
619 3228 775 3299 totumque
796 3218 937 3280 Helicona
959 3218 1107 3304 dedisset,
1223 3248 1230 3287 a

205 3321 257 3373 555
274 3309 384 3370 'l'ristia
405 3325 606 3389 persequerer
629 3311 805 3369 miserarum
827 3325 898 3369 voce
921 3325 1078 3371 sororum.
1225 3356 1230 3382 „q

216 3414 219 3415 ’
269 3397 452 3459 inmemores
475 3396 592 3458 decoris
614 3395 733 3459 liventia
754 3403 876 3476 pectora
898 3395 1045 3478 tundunt3
1218 3420 1230 3479 q

270 3483 406 3550 Dumque
420 3494 520 3546 manet
534 3502 666 3567 corpus,
684 3502 794 3564 corpus
806 3484 1000 3564 refoventque
1014 3485 1171 3564 foventque,
1223 3484 1230 3565 ᾗ

271 3572 379 3635 Oscula
400 3573 472 3636 dant
493 3576 573 3655 ipsi,
595 3574 692 3654 posito
715 3573 788 3635 dant
810 3572 910 3636 oscula
932 3573 1034 3637 lecto:
1226 3566 1228 3579 ’

1205 3840 1229 4009 1
