2467 4042
464 181 693 237 Luto-1114.
1070 177 1089 241 ‘l

169 342 256 416 Quod
275 343 375 407 faciles
394 351 465 423 opto
488 352 614 426 ventos,
636 344 760 424 —quis
784 342 908 405 credere
927 352 1090 423 posset-
1164 344 1169 353 '

170 431 313 495 Sarmatis
336 439 383 494 est
404 431 515 513 tellus,
538 450 627 511 quam
649 450 714 493 mea
737 431 801 492 vela
824 439 946 510 petunt.

170 520 292 601 Obligor
304 567 314 601 ,
336 529 371 582 ut
394 528 512 599 tangam
533 520 609 581 laevi
631 520 694 580 fera
716 519 803 581 litora
826 519 930 601 ronu3

170 608 315 689 Quodque
339 611 378 670 sit
400 628 417 670 a
438 610 533 687 patria
556 615 616 670 tam
639 608 708 687 luga
730 607 834 688 tarda,
860 624 987 687 queror.

120 686 155 758 ltu
169 695 276 759 Nescio
300 715 359 777 quo
381 697 496 759 uideam
518 697 632 777 positos
655 698 742 757 utin
765 695 837 757 orbe
861 695 1009 777 Tomitas,

169 784 283 847 Exilem
307 786 382 847 lanio
404 803 460 865 per
482 803 547 846 mea
569 791 637 845 rota
660 786 752 845 viam.

169 872 230 935 Seu
252 892 300 936 me
323 874 459 956 diligitis,
481 881 580 936 tantos
603 874 774 951 eonpesuite
797 871 924 953 fluctus,

168 961 325 1042 Pronaque
348 965 408 1024 sint
429 970 550 1024 nostrae
572 964 695 1024 numina
717 968 816 1022 vestra
838 963 913 1041 rati3

168 1049 228 1112 Seu
251 1052 344 1130 magis
367 1052 493 1134 odistis,
515 1054 614 1113 iussae
637 1068 686 1111 me
709 1049 853 1111 advertite
875 1056 991 1111 terrae:
1045 1105 1049 1112 .

118 1150 154 1198 90
170 1138 314 1218 Supplioii
336 1144 474 1218 pareest
497 1141 532 1200 in·
551 1141 673 1219 regione
697 1141 773 1200 mei.

169 1225 311 1287 Ferte-
322 1226 394 1306 quid
411 1227 461 1288 hie
474 1227 550 1287 facio
564 1223 636 1288 ?-
650 1225 746 1308 rapidi
764 1242 830 1287 mea
849 1242 974 1311 corpora
991 1223 1092 1288 venti!

168 1311 315 1374 Ausonios
338 1314 412 1374 fines
435 1332 489 1375 our
511 1332 577 1375 mea
598 1315 663 1376 vela
685 1309 814 1375 volunt?

169 1399 271 1462 Noluit
289 1401 345 1461 hoo
364 1400 493 1463 Caesar.
530 1401 625 1484 quid,
649 1420 738 1481 quem
757 1403 840 1481 lugat
860 1401 932 1484 ille,
956 1399 1092 1465 tenetis?

169 1490 300 1567 aspiciat
322 1488 422 1550 vultus
444 1487 567 1550 Pontica
589 1496 670 1551 terra
692 1508 793 1551 meos.
932 1485 935 1494 '

120 1589 155 1638 95
170 1576 208 1638 Et
230 1574 313 1638 iubet
336 1585 366 1639 et
389 1579 507 1638 merui.
543 1595 622 1660 nec,
645 1595 720 1656 quae
744 1578 926 1639 damnaverit
947 1577 1015 1659 ille,

170 1664 298 1726 Crimina
322 1665 440 1727 defendi
463 1667 566 1744 fasque
589 1668 733 1745 piumque
755 1673 847 1746 puto.

170 1753 202 1814 Si
225 1760 324 1815 tamen
347 1762 411 1816 anta
434 1754 506 1815 deos
528 1772 690 1834 numquam
713 1754 847 1816 mortalia
870 1754 992 1837 tabunt,

169 1841 192 1902 A
217 1842 303 1923 culpa
326 1842 440 1903 lacinus
463 1843 546 1903 scitis
569 1842 673 1904 abesse
696 1861 778 1905 mea.

169 1928 261 1991 lmmo
285 1933 325 1992 ita
337 1977 347 2012 ,
370 1932 397 1992 si
419 1933 524 2011 scitis,
548 1932 574 1992 si
597 1948 644 1991 me
667 1949 752 1993 meus
776 1929 897 1992 abstulit
920 1948 1023 2012 error,

104 2030 154 2079 100
170 2018 324 2099 Stulteque
348 2037 432 2080 mens
455 2013 542 2081 nobis
553 2064 563 2100 ,
586 2037 647 2080 uon
671 2018 814 2081 scelerata
837 2021 915 2080 luit:

170 2106 255 2178 Quod
279 2106 350 2168 licet
372 2115 403 2168 et
425 2109 577 2187 minimis,
601 2107 703 2168 domui
726 2109 752 2167 si
775 2109 899 2168 lavimus
923 2105 978 2188 illi,

170 2195 203 2255 Si
225 2197 297 2258 satis
320 2197 446 2275 Augusti
468 2195 587 2275 publica
608 2197 690 2257 iussa
713 2194 804 2258 mihi':

168 2281 232 2344 lioc
256 2283 331 2344 duce
355 2286 381 2345 si
403 2284 464 2345 dixi
486 2284 582 2345 felicia
606 2284 724 2345 saecula
736 2331 745 2365 ,
768 2301 883 2364 proque

170 2369 295 2433 Caesare
317 2379 385 2434 tura
408 2374 465 2451 piis
488 2371 723 2452 Caesaribusque
747 2370 832 2434 dedi:
915 2385 917 2388 ·
1012 2390 1019 2405 ·

105 2470 154 2519 105
170 2458 203 2520 Si
226 2460 283 2521 luit
305 2458 354 2521 hie
377 2462 493 2521 animus
516 2460 624 2542 nobis,
646 2463 687 2522 ita
709 2463 822 2540 parcite
846 2457 924 2521 divil

170 2546 201 2608 Si
224 2549 345 2629 minus,
368 2548 425 2609 alta
448 2548 556 2610 cadens
579 2548 687 2610 obruat
708 2548 788 2611 unda
811 2546 916 2628 oaputl

151 2635 266 2697 ·Fallor
277 2684 287 2718 ,
310 2654 347 2698 an
371 2638 517 2716 incipiunt
540 2638 677 2716 gravidae
700 2655 859 2699 vanescere
883 2635 997 2719 nubes,

140 2759 141 2762 =
168 2722 310 2805 Victaque
334 2728 441 2788 mutati
462 2727 608 2805 frangitur
632 2726 711 2788 unda
734 2722 851 2787 maris?

167 2810 233 2873 Non
256 2811 349 2875 casu!
382 2832 435 2875 vos
458 2813 510 2875 sed
535 2814 591 2876 sub
614 2813 789 2876 condicione
813 2817 925 2896 vocati,

104 2911 154 2961 ιιι)
169 2899 282 2962 Fallere
306 2918 381 2979 quos
403 2918 464 2963 nou
488 2910 555 2984 est,
579 2902 656 2963 hano
678 2901 751 2963 mihi
774 2902 858 2965 fertis
882 2920 978 2982 opem.

552 3093 615 3168 Ili

168 3248 243 3311 Cum
267 3250 348 3313 subit
370 3250 450 3313 illius
473 3252 644 3313 tristissima
667 3256 764 3316 noctis
787 3256 898 3335 imago,

168 3337 233 3409 Qua
256 3340 329 3400 mihi
352 3357 525 3420 supremum
548 3348 667 3421 tempus
689 3344 720 3403 in
744 3341 823 3402 Urbe
847 3343 921 3421 luit,
984 3355 990 3368 ⁹

168 3425 243 3487 Cum
267 3436 370 3508 repeto
393 3437 534 3509 noctem,
558 3447 616 3508 qua
639 3437 684 3491 tot
706 3430 779 3492 milri
802 3448 869 3491 nara
893 3429 1019 3510 reliqui,

169 3512 293 3578 Labitur
316 3535 352 3578 ex
375 3516 469 3579 oculis
492 3535 573 3579 nunc
597 3535 716 3599 quoque
739 3526 822 3598 gutta
846 3521 938 3580 meis.
