2467 4042
647 415 693 488 Π.

255 556 317 618 lam
340 557 404 617 tera
427 554 603 618 Caesaribus
627 556 806 639 Germania,
828 565 910 620 totus
932 567 967 620 ut
989 557 1090 642 orbis,

255 645 338 707 Victa
361 652 461 725 potest
482 644 559 705 llexo
582 645 778 707 succubuisse
801 665 898 729 genu,

256 733 381 813 Altaque
404 733 539 794 velentur
561 733 689 795 fortasse
711 734 823 796 Palatia
846 737 952 817 sertis,

255 822 394 900 'luraque
417 823 448 881 in
471 823 540 900 igne
563 830 671 883 sonent
692 823 885 903 inficiantque
909 824 1004 904 diem,

226 909 445 989 oCandidaquo
467 909 594 971 adducta
617 910 727 972 collum
750 929 893 989 pereussa
916 914 1014 974 securi

255 998 380 1059 Victima
402 1015 554 1077 purpureo
577 1001 721 1077 sangnine
744 999 844 1079 pulset
866 999 1004 1082 humum,

256 1086 397 1166 Donaque
419 1088 581 1148 amicorum
604 1088 724 1167 templis
747 1089 893 1167 promissa
916 1088 1040 1151 deorum

256 1175 392 1236 Reddere
414 1177 542 1236 victores
566 1174 675 1236 Caesar
697 1185 824 1256 uterque
847 1184 954 1257 parent

256 1264 294 1324 Et
317 1266 369 1343 qui
393 1262 535 1326 Caesareo
558 1265 682 1325 iuvenes
706 1264 761 1326 sub
785 1268 904 1327 nomine
929 1272 1084 1347 crescunt,

210 1364 242 1413 10
257 1353 405 1432 Perpetuo
428 1360 524 1412 terras
547 1360 581 1413 ut
604 1352 710 1414 domus
732 1353 780 1413 illa
803 1362 905 1436 regat,

257 1441 390 1519 Cumque
413 1439 499 1501 bonis
522 1440 649 1502 nuribus
672 1458 726 1520 pro
750 1445 862 1522 sospite
885 1442 966 1504 Livia
988 1450 1057 1503 nato

257 1530 381 1591 Munera
404 1528 454 1589 det
477 1530 616 1608 meritis,
640 1546 728 1609 saepe
752 1528 879 1612 datura,
902 1530 983 1611 deis,
1016 1587 1021 1598 ,

257 1618 296 1678 Et
317 1619 429 1698 pariter
451 1624 562 1678 matres
585 1624 615 1677 at
638 1634 714 1696 quae
738 1619 802 1678 sine
825 1620 949 1680 crimine
973 1625 1070 1679 castos

257 1707 404 1786 Perpetua
427 1712 546 1766 servant
568 1707 736 1784 virginitate
759 1706 860 1788 iocos3

210 1806 242 1855 15
257 1794 345 1855 Plebs
367 1797 416 1874 pia
439 1811 566 1873 cumque
589 1795 639 1872 pia
661 1793 788 1856 laetetur
810 1795 897 1874 plebe
921 1804 1058 1877 senatus,

256 1884 408 1962 Parvaque
431 1884 517 1944 cuius
541 1900 622 1942 eram
645 1900 714 1960 pars
738 1901 792 1962 ego
815 1901 930 1966 nuper,
954 1901 1062 1963 eques.

256 1971 316 2033 Nos
339 1970 445 2051 procul
467 1970 606 2050 expulsos
630 1975 796 2033 communia
820 1973 926 2051 garrdia
948 1971 1071 2054 fallunt,

256 2061 403 2139 Famaque
427 2067 486 2121 tam
509 2059 597 2138 longe
620 2077 680 2121 noo
704 2062 763 2121 nisi
785 2077 874 2138 parra
897 2063 996 2123 venit.

257 2149 336 2228 Ergo
360 2150 455 2209 omnis
478 2148 606 2227 populus
629 2149 740 2227 poterit
763 2156 898 2228 spectare
920 2148 1106 2231 triumphos,

209 2249 243 2298 20
258 2237 391 2317 Cumque
414 2236 523 2298 ducum
548 2236 642 2298 titulis
665 2236 771 2317 oppida
795 2245 880 2316 capta
901 2237 995 2320 leget,

259 2325 419 2406 Vinclaque
443 2328 556 2405 captiva
579 2342 666 2404 reges
689 2326 804 2386 cervice
827 2333 965 2406 gerentes

257 2417 334 2476 Ante
356 2421 513 2475 coronatos
536 2415 580 2474 tre
603 2412 715 2475 videbit
738 2431 849 2495 equos,

258 2503 296 2564 Et
318 2510 422 2564 cernet
444 2501 543 2565 vultus
566 2501 631 2563 aliis
653 2519 708 2581 pro
732 2511 866 2582 tempore
889 2519 1008 2583 versos,

258 2591 421 2652 Terribiles
445 2590 509 2652 aliis
532 2593 771 2670 inmemoresque
794 2592 859 2653 sui.

211 2691 244 2741 aa
259 2681 393 2751 Quorum
416 2697 484 2758 pars
508 2696 611 2741 causas
634 2687 664 2740 et
686 2696 735 2739 res
759 2687 789 2740 et
811 2680 930 2740 nomina
954 2683 1095 2758 quaeret,

258 2768 330 2829 Pars
352 2768 464 2828 reteret
476 2814 485 2849 ‚
509 2769 642 2847 quamvis
665 2769 780 2829 noverit
802 2766 852 2828 illa
874 2785 996 2847 parum.

258 2853 342 2938 Ἣίο,
366 2858 418 2936 qui
442 2855 563 2917 Sidonio
587 2855 681 2934 fulget
703 2855 837 2917 sublimis
860 2859 891 2916 in
914 2865 1013 2936 ostro,

258 2944 323 3007 Dur
342 2946 439 3006 luerat
461 2944 547 3025 belli,
570 2947 723 3024 proximus
745 2943 794 3005 ille
818 2944 903 3006 duel.
944 2964 947 2969 ·

257 3034 313 3096 llic
325 3081 335 3117 ‚
359 3036 411 3113 qui
433 3051 513 3094 nunc
536 3034 567 3093 ln
590 3032 680 3093 humo
704 3030 803 3094 lumen
826 3031 993 3104 miserabile
1016 3031 1100 3114 nait,

213 3123 326 3186 aoNon
349 3124 407 3183 isto
430 3120 536 3201 vultu,
559 3140 628 3182 cum
651 3120 719 3183 tulit
742 3140 844 3204 arma,
868 3123 940 3183 luit.

258 3211 310 3272 lllc
334 3212 417 3272 leros
441 3219 471 3272 et
494 3209 590 3272 adhuc
613 3209 707 3272 oculis
731 3209 888 3272 hostilibus
913 3209 1019 3271 ardens

259 3299 400 3361 Hortatur
421 3316 537 3378 pugnae
561 3298 777 3379 consiliumque
801 3300 874 3361 luit.

259 3387 395 3449 Perfidus
418 3386 466 3448 hic
489 3395 608 3449 nostros
631 3386 752 3448 inclusit
774 3388 877 3450 lraude
900 3387 1050 3468 locorum,

261 3474 398 3554 squalida
420 3477 576 3555 promissis
599 3478 651 3555 qui
673 3478 749 3554 tegit
771 3495 822 3538 ora
845 3478 980 3538 comis.-

213 3573 246 3623 35
261 3562 335 3644 lllo,
360 3564 411 3642 qul
434 3566 591 3645 sequitur,
614 3563 720 3624 dicunt
741 3573 867 3626 mactata
889 3566 1026 3626 ministro
