2467 4042
284 210 411 277 196
646 229 880 268 camus
1109 207 1435 264 imnum
1453 249 1470 266 .

906 493 1185 577 LIBER
1234 492 1642 580 DECIMUS
1661 556 1678 573 .

458 643 603 708 Inde
646 661 756 724 per
800 645 1140 706 inmensum
1186 660 1400 705 croceo
1446 643 1682 705 velatus·
1716 644 1935 706 amictu

456 733 714 795 Aethera
757 730 1091 812 digreditur
1115 778 1135 815 ,
1179 729 1584 812 Ciconumque
1627 730 1996 813 Hymenaeus
2041 731 2125 794 ad
2178 748 2316 793 ons

457 820 674 882 Tendit
696 869 716 903 ‚
763 828 825 881 et
868 819 1106 900 Orphea
1149 823 1510 900 nequiquam
1553 838 1699 882 voce
1742 829 1985 883 vocatur
2003 867 2017 882 .

461 909 646 972 Affuit
687 907 787 970 ille
832 908 1072 990 quidem
1096 957 1117 991 ,
1162 907 1269 971 sed
1314 927 1427 971 nec
1471 908 1777 971 sollemnia
1820 908 1996 972 verba

397 1009 431 1060 5
458 996 583 1060 Nec
625 996 812 1059 laetos
856 996 1055 1059 vultus
1099 1015 1213 1059 nec
1259 997 1399 1059 felix
1443 997 1640 1059 attulit
1683 1016 1860 1060 omen
1878 1046 1892 1060 .

459 1087 581 1149 Fax
624 1103 863 1167 quoque
887 1132 907 1169 ,
953 1103 1130 1167 quam
1173 1087 1370 1148 tenuit
1386 1132 1406 1169 ,
1450 1085 1762 1148 lacrimoso
1806 1085 2056 1149 stridula
2099 1087 2283 1150 suno

458 1175 662 1256 Usque
707 1175 824 1236 fuit
846 1221 865 1256 ,
901 1170 1222 1255 'nullosque
1258 1176 1484 1237 invenit
1526 1174 1785 1238 motibus
1830 1177 1997 1256 ignes
2019 1224 2033 1237 .

459 1263 674 1325 Exitus
720 1264 984 1344 auspIcio
1028 1265 1265 1344 gravior
1292 1311 1306 1325 .
1360 1281 1499 1325 nam
1542 1271 1727 1345 nupta
1768 1281 1879 1345 per
1923 1262 2144 1326 herhas

458 1351 615 1414 Dum
657 1370 808 1413 nova
852 1351 1127 1414 naiadum
1172 1350 1346 1414 turba
1393 1354 1669 1414 comitata
1712 1360 1957 1433 vagatur
1970 1401 1991 1435 ,

367 1453 434 1504 ιο
462 1439 694 1503 Occidit
736 1442 800 1502 in
845 1440 1030 1503 talum
1075 1442 1373 1521 serpentis
1418 1440 1595 1502 dente
1641 1450 1884 1522 recepto
1904 1489 1919 1504 .

461 1530 652 1603 Quam
699 1531 841 1591 satis
887 1528 960 1591 ad
1004 1547 1252 1612 superas
1295 1536 1612 1610 postquam
1655 1528 2039 1611 Rhodopeius
2088 1547 2269 1593 auras

458 1617 708 1685 Deflevit
741 1625 906 1680 vates
929 1664 949 1701 ,
992 1635 1071 1679 ne
1115 1636 1236 1679 non
1283 1624 1600 1699 temptaret
1645 1625 1707 1679 et
1748 1617 2029 1700 umbras,

458 1706 548 1768 Ad
595 1706 772 1787 Styga
816 1706 1103 1768 Taenaria
1148 1713 1244 1768 est
1285 1722 1466 1767 ausus
1512 1705 1873 1768 descendere
1915 1714 2131 1787 porta:

459 1794 695 1875 Perque
740 1794 899 1857 leves
943 1794 1195 1876 populos
1242 1793 1674 1875 simulacraque
1726 1794 1929 1857 functa
1984 1795 2306 1876 sepulchro

364 1894 432 1947 15
458 1882 881 1963 Persephonen
929 1882 1072 1945 adiit
1114 1885 1543 1967 inamoenaque
1587 1901 1770 1963 regna
1812 1891 2124 1946 tenentem

461 1971 820 2034 Umbrarum
865 1971 1170 2034 dominum
1197 2019 1212 2034 .
1266 1970 1574 2052 pulsisque
1621 1969 1694 2032 ad
1740 1974 2001 2034 carmina
2045 1975 2252 2035 nervis

462 2061 563 2123 Sic
606 2062 731 2123 ait:
779 2056 838 2121 ‘o
883 2063 1063 2141 positi
1107 2059 1220 2122 suh
1265 2069 1427 2121 terra
1472 2062 1712 2121 numina
1758 2060 1966 2122 mundi
1981 2107 2002 2141 ,

459 2149 529 2210 In
577 2166 756 2230 quem
799 2147 1158 2211 reccidimus
1183 2196 1202 2230 ‚
1249 2147 1531 2228 quicquid
1577 2147 1824 2210 mortale
1871 2165 2186 2213 creamur:

469 2242 525 2298 Si
577 2238 715 2299 licet
737 2286 757 2321 ,
804 2246 864 2298 et
909 2237 1042 2299 falsi
1084 2238 1295 2318 positis
1341 2235 1684 2316 amhagibus
1728 2238 1851 2298 oris

373 2342 437 2386 eu
469 2326 613 2386 Vera
661 2326 822 2407 loqui
868 2327 1062 2387 sinitis
1087 2374 1106 2408 ‚
1150 2343 1273 2387 non
1316 2325 1435 2386 huc
1460 2373 1480 2407 ‚
1524 2333 1592 2386 ut
1638 2342 1817 2405 opaca
1861 2323 2132 2387 viderem

465 2418 707 2475 Tartara
730 2462 751 2497 ‚
796 2413 1121 2495 descendi;
1167 2432 1279 2475 nec
1323 2415 1415 2475 uti
1458 2413 1661 2474 villosa
1706 2411 1967 2475 colubris

469 2506 661 2562 Terras
707 2502 1010 2565 Medusaei
1052 2504 1342 2563 vincirem
1385 2509 1628 2581 guttura
1672 2505 1923 2564 monstri
1942 2549 1956 2562 .

465 2594 653 2654 Causa
698 2593 826 2653 viae
872 2594 1131 2653 coniunx
1155 2638 1176 2672 ,
1219 2592 1283 2652 in
1331 2607 1506 2668 quam
1552 2589 1773 2652 calcata
1816 2608 2114 2653 venenum

465 2682 677 2758 Vipera
719 2678 956 2742 diffudit
978 2727 998 2762 ,
1044 2686 1502 2760 crescentesque
1548 2676 1791 2740 abstulit
1834 2696 2023 2741 annos
2044 2727 2059 2742 .

365 2782 433 2830 25
464 2770 645 2830 Posse
693 2771 813 2849 pati
855 2767 1058 2849 volui,
1104 2786 1216 2829 nec
1262 2785 1358 2828 me
1396 2773 1715 2847 temptasse
1759 2767 2027 2847 negabo:

465 2858 617 2918 Vicit
661 2858 841 2918 Amor
867 2903 882 2918 .
937 2872 1155 2936 supera
1198 2855 1348 2918 deus
1391 2855 1489 2916 hic
1534 2854 1687 2916 hene
1716 2863 1905 2918 notus'
1938 2859 2003 2917 in
2031 2874 2140 2920 ora
2185 2868 2310 2921 est:

461 2948 549 3006 An
585 2950 661 3006 sit
685 2953 747 3006 et
774 2944 873 3007 hic
896 2990 916 3027 ,
961 2943 1167 3006 dubito
1195 2964 1213 3026 3
1259 2943 1365 3004 sed
1411 2943 1595 3007 ethic
1622 2951 1820 3006 tamen
1847 2962 2114 3025 auguror
2142 2965 2308 3026 esse,

469 3034 760 3114 Famaque
807 3036 860 3094 si
902 3035 1123 3095 veteris
1169 3050 1290 3093 non
1336 3040 1430 3094 est
1474 3035 1721 3094 mentita
1765 3035 2045 3116 rapinae,

465 3122 577 3182 vos
625 3139 863 3202 quoque
906 3123 1101 3184 iunxit
1144 3138 1310 3183 amor
1339 3166 1353 3183 .
1406 3137 1517 3202 per
1562 3138 1672 3201 ego
1717 3121 1864 3183 haec
1907 3120 2040 3184 loca
2084 3122 2258 3204 plena

1933 3271 1944 3281 ,
2042 3213 2309 3294 timoris,

369 3314 437 3362 uu
465 3302 581 3362 Per
629 3298 818 3362 Chaos
861 3299 976 3362 hoc
1018 3302 1231 3380 ingens
1276 3301 1545 3380 vastique
1592 3299 1828 3362 silentia
1870 3301 2082 3381 regni,

465 3386 786 3462 Eurydices
811 3436 831 3470 ‚
877 3406 982 3450 oro
1006 3436 1027 3470 ,
1072 3396 1387 3469 properata
1432 3390 1684 3450 retexite
1729 3390 1848 3451 fata
1866 3435 1880 3449 .
2200 3402 2206 3406 ’

465 3474 677 3534 Omnia
720 3474 1014 3537 debentur
1058 3475 1226 3537 vobis
1251 3525 1271 3559 ‚
1313 3476 1674 3558 paulumque
1721 3479 1935 3539 morati

465 3562 673 3622 Serius
717 3570 818 3622 aut
864 3565 1040 3624 citius
1086 3564 1291 3625 sedem
1332 3583 1725 3646 properamus
1771 3565 1843 3628 ad
1889 3583 2073 3628 unam
2092 3613 2107 3628 .
