2467 4042
366 178 432 234 xiv
441 221 448 249 ,
468 183 626 234 etr-tto.
649 194 822 235 vsnrmurns.
841 197 913 234 rums
940 178 1002 242 301

59 346 118 407 Me
150 363 272 425 quoque
295 346 403 425 pignus
426 342 524 406 habe.
551 361 649 423 neque
673 345 752 404 enim
775 343 833 405 sibi
855 347 953 406 notior

871 432 919 495 ille
943 441 1007 513 est,

12 537 46 587 tu
63 523 180 596 Quam
201 522 297 584 mihi.
324 540 380 583 neo
403 530 467 584 toto
495 522 606 601 passim
629 538 719 600 vagus
742 529 823 582 errat
844 524 876 583 in
899 520 989 599 orbe,

61 612 139 673 Nec
156 610 223 673 loca
236 628 342 691 magna
361 610 452 692 colit,
470 627 526 672 neo
539 657 549 691 ,
567 610 613 671 uti
625 627 695 689 pars
708 626 813 689 usagna
827 627 1005 691 procorum,

65 700 164 772 Quas
187 698 275 761 modo
298 698 393 779 vidit,
417 706 516 760 amat.
542 706 577 760 tu
599 700 714 777 primus
737 706 769 760 et
790 698 912 760 ultimus
935 697 977 758 illi

65 788 182 849 Ardor
204 789 288 869 eris,
313 786 427 866 solique
450 803 521 848 suos
544 785 599 847 tibi
622 785 746 848 devovet
768 804 877 849 annos.

68 876 167 937 Adde
179 923 189 958 ,
213 874 293 955 quod
317 884 363 937 est
385 877 501 936 iuvenis
513 922 523 957 ,
546 873 626 954 quod
644 874 778 936 naturale
802 875 918 937 decoris

12 977 52 1027 ‚85
67 965 192 1026 Munus
216 963 329 1046 habet,
351 964 523 1042 formasque
546 970 614 1043 apte
637 964 766 1042 fingetur
788 966 819 1024 in
842 982 962 1045 omnes,

68 1052 113 1113 Et
139 1051 226 1132 quod
249 1054 308 1114 erit
330 1054 453 1133 iussus,
476 1049 579 1113 iubeas
601 1051 673 1113 licet
695 1053 814 1132 omnia,
837 1053 905 1113 fiet.

71 1141 184 1222 Quid,
209 1141 289 1220 quod
312 1143 416 1205 amatis
438 1136 550 1202 idem?
573 1139 674 1222 quod,
697 1157 772 1218 quae
797 1139 850 1201 tibi
871 1158 959 1220 poma

853 1228 1007 1310 coluntur,

73 1318 203 1379 Primus
226 1316 338 1399 habet,
361 1318 495 1397 laetaque
519 1324 602 1379 tenet
624 1325 675 1378 tua
698 1335 822 1379 munera
844 1313 973 1379 dextra?

76 1406 141 1467 Sed
167 1423 266 1486 neque
289 1408 348 1467 iam
371 1407 451 1467 ietus
469 1405 620 1469 desiderat
642 1405 748 1467 arbore
771 1406 923 1487 demptos,

12 1506 63 1557 tuo
76 1494 169 1577 Neo,
192 1512 266 1574 quas
289 1493 396 1556 hortus
419 1494 470 1555 ulit
482 1542 492 1575 ,
515 1512 584 1556 cum
607 1498 687 1555 sucis
710 1494 832 1555 mitibus
855 1492 980 1571 herbas,

78 1582 144 1644 Nec
165 1584 347 1664 quicquam,
369 1584 498 1644 uisite.
525 1585 669 1644 miserere
688 1582 842 1664 ardentis,
865 1590 895 1643 et
908 1584 1006 1662 ipsum

81 1670 172 1744 Quod
194 1673 292 1753 petit,
316 1688 368 1732 ore
392 1688 458 1733 meo
481 1679 671 1751 praesentem
694 1671 783 1732 crede
806 1672 942 1751 precari:

80 1759 263 1839 Ultoresque
287 1759 359 1820 deos
384 1768 414 1821 et
436 1767 557 1839 pectora
580 1759 655 1820 dnra
676 1777 814 1840 perosam

83 1847 195 1909 Idalien
218 1865 441 1927 memoremque
464 1849 541 1927 time
558 1847 768 1910 Rhamnusidis
790 1851 882 1909 iram.

21 1948 71 1997 eet
86 1936 212 2015 Quoque
235 1937 329 2016 magis
352 1939 475 2017 timeas,
489 1968 531 1980 -
546 1938 658 1998 etenim
676 1936 748 1997 mihi
766 1937 858 1999 multa
877 1944 1006 1998 vetustas

87 2025 171 2086 Scire
194 2024 277 2087 dedit
299 2056 342 2068 —
365 2025 493 2086 reseram
516 2032 579 2086 tota
601 2027 755 2086 notissima
778 2024 874 2105 Cypro

87 2113 175 2175 Facta
187 2161 195 2195 ,
218 2112 328 2193 quinus
350 2112 432 2175 sseoti
454 2112 539 2175 facile
562 2122 593 2174 et
615 2115 771 2175 mitescere
794 2116 908 2193 possis.

131 2200 252 2264 Viderat
273 2220 291 2263 a
312 2203 422 2264 veteris
444 2219 620 2281 generosam
643 2204 785 2281 sanguine
808 2201 917 2263 Teucri

89 2288 169 2369 lphis
191 2291 399 2370 domareten,
421 2289 527 2351 humili
550 2291 586 2352 de
609 2292 703 2369 stirpe
727 2299 861 2370 creatus3

34 2389 79 2441 too
91 2377 207 2440 Viderat
219 2426 228 2459 ,
252 2387 283 2441 et
304 2382 375 2440 totis
397 2387 573 2458 perceperat
595 2377 713 2439 ossibus
736 2386 868 2440 aestum.

92 2465 290 2548 Luctatusque
314 2467 388 2549 diu,
409 2474 567 2546 postquam
590 2469 706 2528 ratione
729 2467 862 2529 iurorem

93 2554 213 2617 Vincere
235 2573 296 2617 non
318 2557 416 2636 potuit
428 2602 438 2637 ,
461 2555 586 2635 supplex
608 2555 645 2616 ad
667 2554 769 2617 limina
792 2558 890 2618 venit:

95 2642 131 2705 Et
151 2643 235 2706 modo
259 2645 370 2705 nutrici
392 2647 543 2720 miserum¹
558 2645 713 2705 consessus
736 2662 881 2728 amorem,

43 2740 86 2792 tot
96 2730 136 2793 Ne
158 2731 213 2794 sibi
235 2731 310 2794 dura
333 2733 432 2814 ioret,
454 2750 510 2813 per
532 2750 601 2812 spes
625 2735 719 2794 oravit
741 2733 892 2816 alumnae3

45 2829 87 2881 tut
97 2819 243 2883 interdum
266 2819 396 2882 madidas
418 2820 606 2883 lacrimarum
629 2839 698 2882 rore
722 2840 846 2884 coronas

26 2938 29 2957 ι
99 2908 228 2971 Postibus
251 2908 403 2989 intendit,
424 2911 584 2989 posuitque
606 2913 638 2971 in
662 2909 762 2971 limine
786 2911 863 2973 duro

48 2995 179 3058 tloiiolle
199 2997 299 3079 latus,
322 2999 477 3077 tristisque
501 3016 585 3061 serae
609 3001 741 3061 convicia
765 3001 855 3061 iecit.

103 3085 211 3147 Saeuior
232 3085 282 3148 illa
305 3086 382 3148 ireto
405 3096 547 3166 surgente
570 3087 744 3149 cadentibus
767 3087 892 3170 Haedis,

103 3173 199 3235 [turim
221 3183 251 3237 et
274 3174 377 3257 ferro,
401 3174 479 3255 quod
503 3174 629 3237 Noricus
653 3176 797 3257 excoquit
814 3179 907 3256 iguis,

105 3261 138 3323 Et
157 3280 243 3346 saxo,
266 3263 347 3344 quod
370 3263 465 3326 adhuc
488 3266 586 3327 virum
609 3264 708 3326 radice
731 3272 868 3344 tenetur,

107 3350 234 3435 Spernit,
258 3360 289 3413 et
310 3353 438 3434 irridet3
461 3355 605 3433 factisque
629 3353 782 3415 inmitibus
806 3353 886 3414 addit

58 3449 97 3499 ut
107 3436 189 3502 Verba
204 3440 332 3521 superba
350 3443 434 3503 ferox
453 3451 483 3504 et
500 3460 553 3522 spe
572 3460 692 3522 quoque
711 3442 827 3503 fraudat
846 3449 1003 3504 amantem.

109 3527 164 3589 Non
182 3530 245 3593 tulit
267 3532 423 3610 impatiens
446 3531 526 3611 longi
548 3539 695 3593 tormenta
718 3530 828 3591 doloris
