2467 4042
115 196 180 263 326
270 219 337 257 nm.
355 219 444 279 muns
532 201 712 259 sinum.

202 365 335 447 Porrigit
356 367 493 447 aequales
525 367 623 430 media
645 367 752 431 tellure
774 368 901 430 lacertos

204 452 270 516 iluc
293 473 326 516 se
350 455 387 517 de
408 454 491 518 Latia
513 459 587 536 pinu
610 456 778 519 Phoebeius
801 459 906 537 anguis

204 542 358 627 Contulit,
381 552 413 606 et
433 545 524 606 linem
546 547 646 626 specie
669 545 795 608 caeleste
818 553 971 626 resumpta

203 630 349 696 Luctibus
371 635 514 714 imposuit
536 635 676 713 venitque
700 634 834 696 salutifer
857 633 945 695 Urbi.

139 731 190 783 rit
249 719 306 783 llic
327 729 428 784 tamen
451 725 577 785 accessit
598 721 731 784 delubris
754 722 865 785 aduena
887 723 1016 784 nostris:

206 809 314 873 Gmsar
336 812 368 872 in
390 808 470 873 Urbe
492 828 547 873 sua
569 810 644 873 deus
667 818 735 873 est.
762 828 852 891 quem
879 810 973 872 llario
1001 819 1128 889 togaque

204 898 404 979 Praecipuum
426 917 487 960 non
509 896 586 962 heila
608 901 702 979 magis
724 899 807 961 linita
829 898 989 980 triumphis

205 987 325 1067 Resque
349 986 429 1048 domi
450 995 551 1067 gestae
573 995 790 1068 properataque
813 987 1031 1068 gloriaremur

104 1152 108 1161 Ι
204 1074 345 1138 lucidus
367 1082 484 1137 vertero
506 1093 617 1137 nonam
639 1075 812 1156 stellamque
834 1083 1018 1157 comantem,

140 1175 192 1227 rso
206 1165 303 1236 Quam
324 1181 378 1226 sna
400 1164 579 1244 progenies.
607 1181 706 1244 noque
733 1166 812 1226 enim
834 1164 871 1226 de
898 1163 1032 1225 Caesaris
1054 1164 1128 1225 actis

205 1252 306 1315 Ullum
327 1253 423 1313 maim
445 1269 521 1333 opus
533 1300 543 1334 ,
566 1270 655 1332 quarn
682 1253 762 1332 quod
787 1260 872 1332 pater
898 1253 997 1314 extitit
1019 1250 1127 1314 huius.

207 1340 328 1404 Scilicet
350 1358 514 1421 aequoreos
536 1339 604 1422 plus
628 1349 674 1402 est
696 1340 846 1402 domuisse
868 1340 1044 1422 Britannos,

206 1430 325 1510 Perque
346 1428 509 1511 papyriieri
531 1428 737 1510 semptemiloa
759 1427 963 1491 ilumina'llili

206 1518 351 1581 Victrices
374 1520 469 1598 egisse
492 1525 595 1600 rates,
617 1516 819 1597 Numidasque
842 1516 969 1579 rebelles

141 1618 194 1670 itt
208 1606 446 1687 Cinyphiumque
469 1604 572 1668 Iubam
594 1605 850 1686 Mithridateisque
871 1613 1036 1667 tumentem

206 1694 382 1759 Nominibus
404 1694 534 1756 Pontum
555 1694 665 1775 populo
688 1693 831 1756 adiecisse
855 1692 990 1774 Quirini,

206 1783 247 1846 Et
268 1783 378 1846 multos
400 1784 569 1864 meruisse,
591 1782 706 1861 aliquos
728 1784 825 1861 egisse
847 1780 1031 1863 triumphos,

208 1874 304 1945 Quam
325 1878 441 1934 tantum
463 1872 602 1951 genuisse
625 1866 753 1932 rhum?
775 1887 834 1951 quo
862 1869 999 1950 praeside
1025 1886 1128 1931 rerum

207 1961 343 2023 Humano
366 1961 491 2041 generi,
514 1960 638 2040 superi,
660 1959 774 2021 lavistis
796 1957 930 2021 abunde.

142 2063 195 2114 tto
208 2050 252 2112 Ne
275 2050 353 2111 taret
374 2047 424 2109 hic
446 2049 538 2127 igitur
559 2045 679 2108 mortali
700 2048 814 2109 semine
837 2053 956 2128 cretus,

207 2137 260 2201 flle
282 2137 357 2199 deus
379 2136 532 2197 iaciendos
555 2143 640 2197 erat.
669 2134 749 2214 quod
771 2142 808 2196 ut
828 2152 918 2197 aurea
939 2134 1013 2197 vidit

207 2226 325 2289 henam
347 2226 504 2306 genetrix,
526 2223 599 2284 vidit
622 2240 741 2303 quoque
764 2225 850 2286 triste
871 2225 971 2303 parari

206 2313 344 2378 Pontifici
365 2312 458 2375 letum
480 2320 512 2375 et
533 2313 686 2375 coniurata
709 2330 789 2374 arma
811 2314 939 2394 moveri,

207 2401 316 2466 Palluit
338 2410 369 2465 et
391 2403 508 2464 cunetis
519 2446 529 2482 ,
552 2408 587 2463 ut
608 2402 717 2481 cuique
740 2408 806 2463 erat
828 2399 912 2461 obvia
923 2447 934 2482 ,
956 2400 1031 2463 divis

142 2503 195 2556 ιιι
209 2487 327 2571 ‘Aspice
339 2485 362 2572 ,'
385 2488 502 2552 diceban
520 2483 642 2569 ‘quanta
663 2487 737 2550 mihi
758 2487 835 2550 mole
857 2495 1001 2569 parentur

208 2578 358 2661 Insidiae,
381 2585 551 2658 quantaque
573 2584 663 2657 caput
681 2594 750 2639 cum
772 2578 877 2639 hande
899 2584 1035 2658 petatur,

209 2667 296 2740 Quod
318 2666 355 2728 de
377 2664 523 2729 Dardanio
547 2665 644 2727 solum
665 2664 738 2726 mihi
755 2672 850 2728 restat
870 2664 951 2727 iulo.

209 2755 317 2817 Solane
339 2773 458 2835 semper
480 2772 532 2815 cro
555 2755 644 2815 iustis
667 2755 797 2816 exercita
815 2750 922 2815 cauis?

210 2845 306 2916 tinam
328 2843 415 2905 mado
438 2841 568 2924 Tydidae
591 2840 750 2922 Calydonia
771 2842 908 2904 vulneret
929 2840 1028 2923 hasta,

144 2934 295 2999 ιιοΝιιιιι
318 2931 393 2993 mde
417 2931 555 2993 defensae
578 2930 761 2993 confundant
783 2931 899 2992 moenia
921 2929 1045 2992 Troiae:

209 3022 292 3094 Quae
314 3020 429 3083 rideam
451 3027 554 3082 natum
576 3019 672 3100 longis
695 3017 848 3081 erroribus
871 3026 970 3081 adum

209 3110 375 3190 iactarique
398 3110 475 3172 irato
498 3108 644 3188 sedesque
666 3110 779 3169 intrare
800 3107 959 3188 silentum,

208 3198 348 3279 bellaque
371 3216 441 3261 cum
462 3196 565 3260 Turno
588 3212 716 3279 gerere,
738 3204 812 3277 aut,
837 3197 866 3257 si
892 3212 963 3257 vera
984 3196 1131 3275 latemur,

211 3287 286 3351 (lum
307 3287 421 3350 lunone
443 3281 568 3366 magis?
589 3285 662 3366 quid
684 3302 765 3347 nunc
787 3286 908 3364 andqua
930 3282 1073 3346 recordor

144 3388 197 3439 ‘tit
210 3375 322 3438 Damna
343 3378 404 3437 mei
425 3369 575 3455 generis?
596 3376 687 3435 timor
708 3373 759 3435 hic
781 3374 952 3434 meminisse
974 3374 1109 3453 priorum

209 3464 276 3526 Non
299 3466 392 3527 sinit.
419 3466 451 3525 in
473 3480 522 3525 ma
544 3464 611 3525 acui
634 3461 795 3524 sceleratos
817 3463 941 3523 cernitis
963 3478 1067 3523 enses.

210 3553 292 3624 Quos
319 3550 498 3634 prohibete,
524 3568 655 3634 precor,
677 3551 851 3630 facinusque
878 3547 1035 3631 repellite!
1058 3564 1132 3610 neve
