2467 4042
120 222 183 289 318
273 240 444 278 erumnosae
536 222 718 281 METAMM.

208 387 267 451 Sed
290 387 437 450 dominam
460 405 562 450 rerum
587 387 625 449 de
648 391 791 468 sauguine
814 397 901 452 natus
923 390 980 453 lull

206 476 345 538 Efficiet.
369 494 429 555 quo
451 493 520 538 cum
542 475 631 538 tellus
653 479 712 538 erit
734 495 810 560 usa,
833 480 971 540 fruentur

207 564 363 626 Aetherias
386 565 496 646 sedes,
518 564 693 643 caelumque
717 568 776 626 erit
798 568 894 628 exitus
916 561 1002 628 illi.”

142 664 193 715 455
207 653 287 714 llaec
308 652 455 714 Helenum
479 655 623 716 cecinisse
645 655 818 733 penatigero
840 655 957 717 Aeneae

206 741 305 802 Mente
328 760 443 803 memor
464 742 588 822 refero,
612 749 795 821 cognataque
817 746 935 805 muenia
956 743 1050 806 laeter

208 830 373 911 Crescere,
395 836 426 893 et
448 829 562 892 utiliter
584 828 754 910 Phrygibus
777 832 883 892 vicisse
905 832 1061 912 Pelasgus.

206 917 250 979 Ne
272 926 372 979 tamen
394 917 494 980 oblitis
516 917 553 979 ad
576 926 686 980 meum
707 918 831 980 tendere
853 919 941 999 lunge

206 1004 415 1087 Exspatiemur
437 1009 545 1087 equis,
568 1006 684 1067 caelum
705 1014 737 1068 et
759 1007 968 1088 quodcumque
991 1009 1049 1070 sub

993 1097 1043 1159 illo
1065 1107 1112 1159 est

140 1194 192 1246 455
206 1185 346 1247 lmmutat
367 1185 478 1246 formas
490 1230 500 1265 ,
523 1183 611 1245 tellus
634 1191 666 1245 et
688 1184 829 1263 quicquid
852 1187 884 1246 in
906 1184 956 1246 illa
978 1193 1040 1247 est.
1121 1146 1131 1180 ³

205 1272 266 1333 Nus
281 1289 418 1353 queque,
431 1290 500 1353 pars
514 1272 618 1333 mundi
626 1319 636 1354 ,
650 1274 790 1351 queniam
804 1289 864 1334 nou
878 1290 1004 1353 corpora
1018 1274 1131 1357 selum,

205 1360 316 1422 Verum
339 1362 427 1421 etiam
449 1360 585 1422 relueres
608 1362 724 1421 animae
751 1376 855 1421 sumus
866 1408 877 1443 ,
899 1363 990 1442 inque
1018 1363 1131 1424 ferinus

205 1449 369 1511 Possumus
391 1450 436 1509 ire
459 1449 563 1509 dumos
585 1448 794 1528 pecudumque
817 1451 849 1509 iu
875 1462 1002 1530 corpora
1024 1451 1129 1513 cendi.

207 1536 338 1618 Corpora
360 1554 436 1616 quae
458 1538 575 1617 possint
597 1538 710 1597 animas
731 1536 870 1598 habuisse
893 1546 1050 1617 parentum

139 1636 192 1688 455
205 1627 265 1687 Aut
287 1626 413 1687 fratrum
435 1633 487 1686 eut
508 1624 607 1704 alique
630 1626 801 1686 iunctorum
824 1624 945 1687 loedere
969 1625 1054 1688 nobis

205 1714 266 1776 Aut
286 1713 441 1775 huminum
464 1721 569 1795 certe,
590 1719 656 1774 tuta
677 1730 744 1774 5555
772 1721 804 1775 55
829 1712 955 1776 honesta
977 1717 1129 1797 sinamus,

206 1802 287 1863 Neve
306 1802 463 1883 Thyesteis
486 1799 672 1863 cumulemus
694 1804 811 1862 viscera
833 1804 961 1863 mensis.

106 1962 110 1970 Δ
208 1891 303 1963 Quam
325 1890 402 1953 male
425 1892 616 1971 consuescit,
639 1906 728 1968 quam
751 1907 783 1950 se
805 1898 891 1970 parat
912 1889 961 1952 ille
984 1895 1085 1953 cruori

206 1979 318 2059 Impius
340 1979 492 2058 humane,
514 1977 599 2040 rituli
622 1979 674 2057 (pu
696 1984 817 2058 guttura
839 1978 920 2038 lerro

141 2079 193 2130 455
207 2068 352 2149 Rumpit,
374 2076 406 2130 55
427 2069 554 2130 inmotas
576 2065 701 2145 praebet
723 2065 886 2145 mugitibus
909 2066 1014 2129 auresl

208 2158 268 2217 Aru
290 2158 342 2235 qui
364 2157 479 2235 vagitus
502 2153 613 2216 similes
636 2153 802 2234 puerilibus
824 2153 952 2216 haedum

206 2243 352 2306 Edentem
374 2242 511 2323 iugulare
531 2250 653 2323 petest:
676 2250 728 2304 aut
750 2242 818 2304 alite
840 2245 939 2325 vesci,

207 2332 262 2395 Cui
276 2332 359 2395 dedit
370 2335 435 2413 ipse
453 2330 558 2394 cibusl
577 2338 722 2412 quanmm
739 2338 807 2411 555,
825 2331 906 2410 qued
919 2328 997 2394 desit
1013 2336 1045 2395 in
1063 2335 1130 2396 istis

206 2421 250 2483 Ad
272 2421 394 2500 plenum
416 2415 563 2483 lacinus?
585 2437 644 2498 que
669 2421 811 2481 transitus
832 2419 903 2480 iude
924 2419 1072 2500 paretur?

141 2521 193 2574 455
206 2510 265 2570 Bos
288 2518 374 2596 eret,
397 2517 449 2572 aut
470 2515 598 2571 mortem
622 2507 792 2569 senioribus
814 2510 943 2588 imputet
964 2513 1066 2573 annis:

207 2598 395 2660 Hurrilerum
418 2605 522 2660 centra
544 2596 656 2658 bureau
679 2598 742 2657 uris
764 2613 846 2657 arma
867 2599 1035 2660 ministret:

207 2685 305 2749 Ubera
327 2686 399 2748 dent
421 2693 540 2748 saturae
562 2683 698 2747 manibus
720 2684 882 2765 pressanda
904 2684 1049 2766 capellae.
1130 2733 1141 2747 .

206 2776 292 2837 Retia
315 2793 384 2837 eum
405 2774 519 2855 pedicis
531 2821 541 2855 ,
563 2775 686 2855 laqueus
697 2819 708 2854 ,
731 2781 870 2854 artesque
893 2773 1009 2836 dolosas

206 2863 336 2945 Tollite3
358 2880 415 2925 nee
437 2863 589 2925 volucrem
611 2864 722 2923 viscata
744 2861 835 2923 fallite
858 2864 958 2946 virga,

140 2964 192 3016 455
205 2952 269 3014 Nee
291 2952 457 3014 formidatis
480 2969 585 3014 cervos
606 2949 721 3013 illudite
744 2952 869 3032 pennis,

205 3041 268 3103 Nee
291 3040 385 3104 celate
407 3040 482 3103 cibis
504 3050 599 3102 untes
622 3037 776 3101 fallacibus
798 3039 917 3101 hamus.

205 3129 326 3192 Perdite
349 3132 434 3210 elque
457 3136 588 3211 necent,
610 3145 715 3189 rerum
737 3127 810 3189 haec
833 3145 951 3208 puroque
974 3129 1089 3209 perdite

998 3225 1129 3298 tantum3

207 3307 268 3371 Ora
289 3316 395 3371 vacent
416 3307 534 3390 epnlls,
558 3307 754 3387 alimentaque
777 3307 859 3368 mitia
882 3301 1034 3386 carpant?

251 3396 372 3459 Talibus
395 3405 485 3477 atque
508 3396 573 3458 eliis
595 3398 743 3458 instructo
765 3402 887 3475 pectore
911 3394 998 3456 dietis

141 3485 241 3548 45515
263 3489 389 3565 patriam
411 3502 560 3548 remeasse
583 3486 713 3566 lerunt,
730 3483 869 3563 ultroque
891 3486 1020 3564 petitum

207 3574 364 3654 decepisse
386 3575 514 3636 Numam
536 3573 639 3656 populi
661 3572 788 3635 Latiaris
811 3573 958 3635 habenas:
