2467 4042
426 258 472 309 IV.
491 270 512 310 v
529 233 632 310 td-ssvx
646 262 688 309 33.

525 455 585 527 Vl.

140 589 354 678 Quam'legis,
379 616 413 658 ex
437 596 495 656 illis
519 595 574 657 tibi
597 598 679 656 venit
702 597 845 677 epistula,
870 595 976 678 Brute,
1004 609 1061 661 (ne)

184 687 330 747 Nasonem
355 685 447 746 nolles
470 687 501 744 in
526 683 635 764 quibus
660 702 725 745 esse
749 684 839 746 locis.

141 774 200 835 Sed
225 784 257 835 tu
281 773 360 852 quod
384 772 498 852 nolles,
522 772 615 833 voluit
638 772 806 833 miserabile
829 773 940 834 iatum.

184 862 220 922 m
243 859 338 921 mihi!
370 861 438 940 plus
462 859 534 920 illud
547 909 556 941 ,
581 878 669 940 quem
693 869 743 921 tua
766 869 855 941 vota,
878 860 971 922 valet.

109 950 174 1013 tln
199 949 317 1028 Scythia
341 949 427 1010 nobis
450 951 651 1028 quinquennis
675 949 816 1028 olympias
839 957 903 1009 ecta
926 957 989 1010 est:

184 1036 243 1097 lam
267 1045 385 1116 tempus
408 1037 495 1096 lustri
520 1039 626 1097 transit
649 1039 679 1095 in
703 1036 841 1097 alterius.

138 1125 255 1186 Perstat
279 1126 357 1184 enim
381 1124 499 1184 iortuna
522 1131 633 1203 tenax,
656 1127 791 1202 votisque
815 1124 975 1203 malignum

184 1212 313 1292 Oppouit
336 1215 447 1273 nostris
471 1212 612 1272 insidiosa
636 1211 758 1290 pedem.

139 1300 245 1360 Certus
270 1318 335 1360 eras
358 1319 413 1380 pro
437 1317 484 1360 me
497 1348 506 1380 ,
530 1299 636 1360 Fabiae
660 1300 732 1380 lux,
756 1299 903 1382 Maxime,
927 1303 1043 1382 gentle,

63 1400 65 1404 '
94 1400 125 1450 to
184 1388 300 1449 Numen
324 1388 360 1448 ad
383 1389 550 1466 Augustum
573 1387 707 1466 supplice
730 1407 802 1449 -voce
825 1388 926 1468 loqui.

139 1475 257 1537 Occidis
281 1485 348 1538 aute
372 1495 499 1555 preces.
542 1494 720 1555 causamque
745 1494 821 1556 ego,
845 1475 988 1559 Maxime,

688 1568 793 1624 mortis
813 1598 845 1607 -

183 1654 243 1714 Nec
267 1653 351 1714 suero
376 1654 450 1713 tanti
470 1687 503 1695 -
522 1671 568 1713 me
593 1671 662 1713 reor
685 1670 750 1712 esse
774 1660 859 1713 tuae.

139 1741 200 1802 lam
223 1744 312 1802 timeo
336 1749 466 1801 nostram
491 1744 629 1821 cuiquam
653 1739 791 1801 mandare
816 1740 958 1803 salutem:

185 1829 283 1908 lpsum
308 1836 403 1889 morte
427 1839 477 1889 tua
501 1828 631 1890 concidit
654 1829 811 1890 auxilium.

92 1929 124 1978 15
139 1917 283 1996 Coeperat
306 1918 458 1995 Augustus
482 1917 623 1995 deceptae
648 1919 801 1996 ignoscere
826 1916 948 1995 culpae:

184 2005 272 2083 Spem
296 2013 428 2065 nostram
452 2015 547 2066 terras
571 2005 763 2083 deseruitque
787 2005 892 2065 simul.

139 2092 230 2164 Quale
254 2101 352 2154 tamen
375 2095 481 2174 potui,
505 2092 541 2153 de
565 2092 691 2173 caelite,
716 2092 828 2173 Brute,
852 2094 967 2153 recenti

182 2181 286 2242 Vestra
309 2179 413 2260 procul
437 2183 551 2260 positus
575 2199 695 2241 carmen
719 2183 750 2241 in
773 2198 825 2241 ora
849 2180 934 2241 dedi.

139 2268 220 2339 Qtrae
243 2272 338 2349 prosit
360 2271 455 2347 pietas
479 2271 592 2329 utinam
616 2269 711 2348 mibi,
735 2271 832 2347 sitque
857 2269 1001 2331 malorum

90 2369 124 2419 20
182 2358 243 2417 lam
266 2356 372 2417 modus
396 2353 549 2418 et'sacrae
574 2358 674 2417 mitior
696 2359 740 2417 ira
764 2355 886 2418 domus!

138 2446 180 2506 Te
204 2464 322 2524 quoque
346 2445 424 2505 idem
448 2445 559 2523 liquido
584 2462 705 2523 possum
729 2446 828 2505 iurare
851 2448 985 2527 precari,

182 2532 206 2594 0
231 2532 304 2593 mibi
327 2551 386 2593 non
410 2532 498 2594 dubia
522 2535 639 2612 cognite
663 2532 753 2594 Brute
777 2541 862 2595 nota.

137 2620 211 2682 Nam
231 2639 299 2682 cum
317 2623 502 2700 praestiteris
521 2639 625 2682 verum
644 2622 717 2681 mihi
736 2639 853 2699 semper

687 2726 835 2787 amorem,
1001 2722 1059 2773 nro

181 2796 237 2858 llic
260 2804 358 2858 tamen
382 2798 505 2858 adverso
529 2806 663 2876 tempore
687 2799 781 2858 crevit
803 2814 902 2857 amor.

87 2899 122 2950 tt
137 2886 254 2966 Quique
278 2893 344 2947 tues
367 2886 479 2965 pariter
501 2887 636 2972 lacrimqs
660 2895 836 2963 nostrasque
859 2886 991 2966 videret,

180 2974 326 3035 Passuros
349 2991 475 3051 poenam
499 2974 636 3034 crederet
659 2991 725 3034 esse
749 2974 840 3034 duos.

136 3061 247 3123 Lenem
272 3070 301 3122 te
325 3064 442 3122 miseris
466 3064 568 3141 genuit
592 3070 718 3142 natura,
760 3079 815 3121 nec
838 3060 891 3122 ulli
959 3103 962 3109 ·

181 3149 281 3211 Mitius
304 3152 478 3231 ingenium,
502 3168 589 3229 qnam
613 3150 689 3231 tibi,
714 3148 827 3228 Brute,
851 3148 949 3211 dedit:

136 3237 175 3300 Ut
199 3240 272 3319 qui,
295 3239 366 3318 quid
391 3238 508 3318 valeas,
532 3241 669 3318 ignoret,
693 3237 785 3298 Marte
809 3237 938 3319 forensi,

88 3338 123 3388 30
181 3326 272 3387 Posse
296 3337 347 3387 tuo
370 3328 472 3406 peragi
496 3327 543 3387 vix
566 3335 651 3406 putet
674 3345 726 3387 ore
750 3343 834 3386 reos.

137 3413 257 3475 Scilicet
280 3415 413 3475 eiusdem
438 3423 505 3488 est,
529 3416 662 3493 quamvis
685 3431 818 3492 pugnare
842 3413 1014 3497 videntur,-

182 3501 372 3581 Snpplioibus
396 3502 533 3582 facilem,
557 3503 693 3563 sontibus
717 3520 782 3563 esse
807 3509 939 3563 trucem.

136 3589 209 3651 Cum
233 3590 287 3652 tibi
310 3599 448 3670 suscepte
472 3600 519 3651 est
540 3589 612 3670 legis
636 3590 764 3653 vindicta
788 3609 927 3672 severae,

91 3697 183 3741 nvn).
210 3701 254 3741 111.
863 3697 895 3746 13
