2467 4042
364 277 482 346 184
1028 274 1306 336 ARTIS
1350 274 1626 336 AMAT.

524 431 605 491 At
636 445 770 491 cum
801 428 1079 490 discedet
1108 444 1321 489 mensa
1352 429 1612 489 conviva
1642 437 1892 504 remota,

610 516 751 589 Ipsa
780 512 886 573 tibi
916 527 1209 572 accessus
1240 513 1418 573 turba
1444 515 1772 589 locumque
1801 513 1985 575 dabit.

403 609 503 662 605
527 599 737 659 Insere
766 605 825 658 te
853 596 1096 670 turbae,
1144 596 1480 671 leviterque
1513 598 1797 659 admotus
1825 598 1986 659 eunti

608 683 786 742 Velle
814 681 972 742 latus
1005 681 1239 756 digitis,
1286 687 1346 741 et
1374 682 1532 756 pede
1561 688 1742 757 tange
1773 682 2015 757 pedem.

529 764 847 841 Conloquii
882 765 1000 825 iam
1030 771 1272 840 tempus
1301 765 1498 826 adest.
1542 766 1681 840 fuge
1711 766 1940 826 rustice
1968 767 2149 841 longe

608 849 764 911 Hinc
790 851 1010 926 pudor.
1060 850 1385 911 audentem
1413 849 1688 925 Forsque
1715 851 2057 924 Venusque
2086 850 2287 910 iuvat.

531 934 658 994 Non
686 941 789 994 tua
818 933 932 994 sub
966 940 1210 996 nostras
1245 933 1445 994 veniat
1473 934 1756 995 facundia
1786 934 1987 1008 leges:

403 1030 504 1082 610
607 1018 729 1078 Fac
757 1025 982 1079 tantum
1010 1017 1297 1094 incipias,
1343 1024 1564 1092 sponte
1593 1018 1857 1082 disertus
1888 1019 2030 1078 eris.

528 1103 634 1163 Est
664 1101 766 1163 tibi
798 1100 1075 1176 agendus
1107 1118 1352 1176 amans,
1394 1101 1813 1176 imitandaque
1842 1103 2095 1165 vulnera
2126 1102 2340 1164 verbis

610 1187 778 1246 Haec
808 1185 913 1247 tibi
947 1192 1274 1260 quaeratur
1305 1185 1573 1260 qualibet
1599 1193 1728 1248 arte
1758 1186 1935 1249 fideS.

537 1274 653 1330 Neo
682 1270 849 1330 credi
880 1268 1055 1330 labor
1082 1276 1195 1331 est.
1241 1268 1359 1331 sibi
1390 1285 1674 1345 quaeque
1702 1270 1938 1333 videtur
1971 1271 2254 1333 amanda

617 1353 886 1414 Pessima
914 1353 1023 1427 sit,
1068 1353 1214 1415 nulli
1246 1369 1366 1416 non
1398 1370 1513 1416 sua
1546 1353 1742 1415 forma
1773 1354 1995 1429 placet.

405 1450 501 1502 515
529 1442 727 1512 Saepe
756 1444 956 1499 tamen
985 1452 1132 1497 vere
1161 1438 1366 1514 coepit
1394 1437 1706 1501 simulator
1733 1452 1959 1508 amare,

617 1522 845 1596 Saepe,
895 1522 1061 1598 quod
1091 1520 1393 1597 incipiens
1427 1522 1685 1584 finxerat
1715 1537 1887 1594 esse,
1936 1520 2063 1580 suit„

533 1606 661 1678 Quo
696 1604 888 1680 magis
923 1621 991 1680 o,
1037 1605 1259 1667 faciles-
1283 1605 1654 1670 imitantibus
1687 1612 1846 1678 este,
1890 1605 2166 1680 puellaez

613 1689 741 1750 Fiet
767 1704 940 1750 amor
966 1704 1184 1764 verus,
1228 1689 1331 1764 qui
1361 1689 1547 1752 modo
1579 1690 1774 1753 falsus
1801 1696 1946 1753 crat.

537 1772 848 1834 Blanditiis
876 1772 1143 1837 animum
1173 1774 1371 1833 furtim
1404 1772 1789 1849 deprendere
1819 1787 1979 1836 nunc
2006 1772 2104 1845 sit,

405 1870 505 1922 ᾖξε-[ι
613 1858 690 1918 Ut
719 1858 996 1934 pendens
1026 1857 1261 1933 liquida
1286 1856 1420 1932 ripa
1452 1856 1685 1919 subitur
1712 1873 1892 1933 aqua.

533 1946 653 2002 Piae.
680 1941 932 2016 faciem,
973 1947 1175 2003 necte
1207 1942 1410 2016 pigeat
1437 1942 1689 2004 laudare
1719 1941 1976 2017 caputos

617 2025 687 2087 Et
713 2031 934 2086 teretes
967 2025 1193 2100 digitos
1221 2022 1634 2100 exiguumque
1661 2025 1903 2100 pedem.

533 2110 844 2172 Delectant
872 2107 1051 2171 etiam
1082 2115 1286 2172 castas
1317 2108 1647 2183 praeconia
1676 2109 1925 2171 formae.

613 2191 963 2268 Virginibus
995 2208 1183 2254 curae
1210 2199 1507 2268 grataque
1536 2193 1734 2255 forma
1759 2208 1877 2257 sua
1901 2197 2014 2252 est.

405 2290 501 2342 5225
529 2282 674 2338 Nam
703 2277 898 2337 curin
927 2275 1211 2355 Phrygiis
1240 2277 1533 2338 Iunonem
1561 2284 1622 2337 et
1647 2276 1894 2340 Pallada
1924 2274 2097 2337 silvis

613 2361 782 2422 Nunc
812 2376 1060 2435 quoque
1086 2360 1375 2424 iudicium
1402 2377 1522 2422 non
1552 2360 1824 2427 tenuisse
1856 2359 2087 2435 pudet?

537 2446 832 2506 Laudatas
866 2445 1134 2508 ostendit
1161 2445 1295 2505 avis
1323 2445 1579 2506 Iunonia
1610 2445 1855 2518 pinnas=

617 2529 676 2590 Si
705 2528 924 2591 tacitus
951 2535 1223 2604 spectes,
1263 2529 1365 2589 illa
1394 2529 1670 2592 recondit
1698 2543 1871 2603 epea.

533 2613 971 2690 Quadrupedes
1002 2614 1156 2675 inter
1181 2613 1380 2688 rapidi
1412 2613 1741 2676 certamina
1770 2627 1987 2676 cursus

405 2710 501 2758 53⁴]
609 2698 1022 2773 Depexaeque
1052 2697 1233 2758 iubae
1265 2699 1607 2772 plausaque
1635 2696 1793 2758 colla
1822 2694 2047 2758 iuvant.

537 2786 653 2842 §leo
683 2780 891 2841 timide
920 2781 1221 2857 promitte.
1268 2781 1516 2842 trahunt
1543 2780 1847 2856 promissa
1880 2781 2134 2854 puellas.

613 2864 882 2927 Pollicito
912 2870 1101 2927 testes
1135 2865 1441 2940 quoslibet
1468 2865 1632 2925 adde
1658 2865 1834 2927 deos.

533 2951 796 3026 luppiter
825 2965 904 3012 ex
932 2949 1053 3010 alto
1084 2947 1351 3026 periuria
1379 2949 1536 3010 ridet
1563 2955 1884 3019 amantum,

609 3034 682 3095 Et
713 3033 881 3094 iubet
907 3033 1161 3094 Aeolios
1190 3031 1369 3093 inrita
1402 3033 1558 3093 ferre
1588 3039 1790 3096 notos.

405 3130 501 3178 535
525 3122 633 3178 Fer
663 3116 859 3197 Styga
889 3118 1102 3178 Iunoni
1135 3117 1354 3178 falsum
1382 3117 1582 3178 iurare
1613 3117 1853 3180 solebat

613 3201 896 3278 Iuppiter.
942 3201 1228 3281 exemplo
1261 3217 1423 3264 nunc
1453 3201 1617 3261 favet
1644 3201 1781 3276 ipse
1810 3215 1944 3261 suo.

533 3286 790 3362 Expedit
810 3302 962 3357 ‚esse
991 3286 1164 3347 deos.
1210 3292 1298 3359 et,
1344 3293 1410 3345 ut
1438 3285 1713 3361 expedit,
1759 3299 1903 3347 esse
1931 3289 2233 3363 putemus.

609 3370 840 3431 Dentur
866 3370 926 3430 in
958 3369 1243 3444 antiquos
1273 3376 1410 3432 tura
1434 3384 1793 3444 merumque
1822 3369 2015 3430 socos.

533 3458 654 3514 Nec
683 3470 904 3515 secura
933 3452 1108 3530 quies
1142 3453 1280 3514 illos
1310 3453 1652 3527 similisque
1681 3452 1891 3528 sopori

405 3550 505 3598 54⁴]
613 3538 870 3598 Detinet.
915 3535 1178 3598 innocue
1206 3535 1421 3604 vivite,
1468 3552 1690 3597 numen
1719 3536 1915 3598 adest.
