2467 4042
165 206 230 272 150
569 207 618 257 nx
635 206 757 259 rouro

253 370 318 443 Quo
342 370 461 432 iortuna
483 371 577 448 magis
599 370 693 431 saevit
705 417 715 452 ,
736 372 830 448 mule
852 371 917 450 ipse
940 373 1089 453 resistis,

295 457 394 538 thue
417 457 525 538 decet,
547 475 585 519 ne
608 465 639 520 te
660 459 767 519 vicerit
788 457 837 519 illa
849 506 859 540 ,
881 476 987 540 caves,

251 547 290 610 Et
312 546 388 609 bene
411 549 457 608 uti
478 563 615 626 pugnes,
637 545 715 607 bene
736 564 872 627 pugnans
895 547 988 608 elficit
1012 546 1144 611 hostis.

297 636 347 697 Sic
371 635 474 700 eadem
496 634 620 714 prodest
642 652 732 696 causa
754 644 903 714 nocetque
924 635 1022 697 mihi.

205 737 238 789 ot
254 724 373 788 Scilicet
395 723 571 803 iudignum,
594 725 710 784 iuvenis
732 725 904 804 rarissime,
926 722 1017 786 ducis

296 812 339 874 Te
363 812 428 874 lieri
451 814 589 873 comitem
612 814 719 873 euntis
740 813 773 873 in
795 811 867 873 orbe
891 812 981 873 deae.

252 900 372 963 Firmus
395 918 428 962 es
440 948 450 981 ,
472 910 503 961 et
526 901 666 979 quoniam
689 918 748 962 non
772 909 842 961 sunt
864 919 920 980 ea,
944 900 1051 979 qualia
1074 901 1193 982 velles,

297 988 367 1050 Vela
389 991 469 1069 regis
493 1006 616 1068 quassae
640 988 864 1068 qualiacumque
887 990 979 1049 ratis.

254 1078 395 1157 Quaeque
418 1079 458 1139 ita
482 1095 627 1138 concussa
650 1085 697 1138 est
709 1125 719 1157 ,
741 1086 776 1139 ut
798 1079 856 1139 iam
879 1094 987 1139 casura
1009 1087 1168 1161 putetur,

206 1180 241 1231 co
299 1166 402 1227 Restat
424 1165 520 1227 adhuc
543 1168 655 1228 umeris
678 1165 751 1227 fulta
773 1167 860 1227 ruina
882 1167 960 1227 tuis.

255 1254 302 1317 lra
325 1253 444 1334 quidem
467 1256 565 1333 primo
588 1254 686 1316 luerat
708 1261 759 1315 tua
781 1255 881 1334 iusta,
905 1272 961 1315 nec
984 1256 1056 1334 ipso
1149 1271 1192 1321 (en

298 1342 407 1404 Lenior
419 1389 429 1424 ,
453 1343 585 1405 offensus
608 1345 660 1422 qul
682 1341 755 1404 mihi
778 1344 843 1404 inre
866 1343 941 1404 luit.

254 1433 372 1510 Quique
395 1430 480 1493 dolor
502 1440 607 1511 pectus
630 1432 779 1511 tetigisset
800 1429 933 1492 Caesaris
957 1430 1031 1513 alti,

297 1519 384 1581 illum
406 1518 525 1582 iurabas
547 1522 685 1600 protinus
708 1537 773 1580 esse
798 1527 900 1582 tuum.

206 1622 239 1673 oo
254 1608 293 1673 Ut
315 1616 415 1670 tamen
437 1607 536 1669 audita
559 1618 605 1669 est
628 1615 747 1669 nostrae
770 1606 825 1669 tibi
848 1606 939 1669 cladis
963 1609 1074 1692 origo,

297 1696 412 1758 Diceris
434 1699 541 1758 erratis
563 1698 743 1776 ingemuisse
766 1698 858 1759 meis.

254 1786 331 1849 'ium
355 1794 405 1847 tna
428 1802 476 1846 me
499 1786 628 1864 primum
652 1784 741 1848 solari
764 1784 862 1846 littera
885 1786 985 1863 coepit

297 1873 336 1935 Et
357 1873 470 1935 laesum
494 1874 575 1935 ilecti
597 1891 681 1953 spem
704 1872 774 1933 dare
796 1891 884 1953 posse
908 1872 1014 1934 deum.

236 1962 345 2032 ,Movit
366 1963 511 2024 amicitiae
534 1970 598 2023 tum
622 1971 651 2023 te
675 1962 839 2027 constantia
862 1959 983 2041 longae,

207 2065 242 2114 'to
299 2053 375 2112 ante
399 2058 467 2112 tuos
490 2058 575 2111 ortus
597 2067 673 2129 quae
697 2049 771 2111 milri
793 2057 898 2128 coepta
921 2050 993 2128 luit,

255 2138 293 2201 Et
317 2140 396 2217 quod
419 2156 485 2200 eras
507 2138 573 2199 aliis
596 2139 714 2217 lactus,
737 2137 809 2199 mihi
832 2145 919 2199 natus
942 2139 1078 2220 amicus,

299 2226 445 2307 Quodque
469 2225 524 2289 tibi
546 2230 577 2288 in
600 2229 687 2287 cunis
710 2225 811 2287 oscula
833 2229 928 2305 prima
951 2223 1038 2286 dedi.

254 2314 340 2387 Quod
367 2334 436 2377 cum
464 2324 563 2377 vestra
585 2314 692 2377 domus
718 2316 830 2377 teneris
853 2313 926 2375 mihi
953 2331 1076 2394 semper
1100 2317 1143 2378 ab

803 2420 888 2463 annrs

300 2492 384 2555 Culta
407 2494 469 2571 sit,
492 2509 558 2553 esse
581 2500 667 2553 retus
690 2509 737 2552 me
761 2490 814 2552 tibi
838 2493 917 2570 cogit
939 2507 1031 2551 onus.

208 2593 242 2643 to
256 2580 303 2642 lle
326 2591 397 2642 tuus
420 2579 468 2641 ille
491 2588 597 2660 pater,
621 2580 721 2641 Latiae
744 2578 882 2640 facundia
903 2578 1038 2659 liuguae,

302 2668 384 2741 Quae
407 2686 467 2730 non
490 2668 614 2729 inlerior
637 2666 789 2729 nobilitate
812 2668 886 2747 luit,

256 2757 396 2838 Primus,
421 2766 456 2818 ut
478 2757 618 2818 auderem
642 2758 828 2818 committere
851 2757 981 2816 carmina
1003 2755 1102 2818 famae
1114 2807 1126 2839 ,

301 2844 442 2924 impulit.
483 2846 595 2925 ingenii
616 2845 678 2906 dux
701 2845 757 2906 luit
779 2844 829 2906 ille
852 2846 928 2906 mci.

256 2934 318 2997 Nec
331 2981 340 3013 ,
363 2952 423 3013 quo
448 2935 486 2995 sit
509 2935 639 3012 primum
661 2932 748 2996 nohis
771 2951 787 2994 a
810 2942 943 3013 tempore
966 2930 1086 3016 cultus,

208 3035 243 3086 80
301 3022 455 3084 Contendo
479 3022 602 3083 fratrem
625 3039 712 3102 posse
736 3023 851 3083 referre
874 3029 976 3083 tuum.

256 3111 298 3174 'l'e
322 3120 420 3173 tamen
444 3119 512 3172 ante
534 3113 632 3172 omnis
654 3114 695 3172 ita
718 3128 784 3172 sum
808 3108 990 3191 conplexus,
1013 3117 1048 3171 ut
1072 3129 1158 3177 uuus

301 3198 441 3273 Quolibet
463 3201 495 3260 in
518 3217 589 3261 casu
612 3202 705 3278 gratia
729 3207 830 3262 nostra
853 3199 950 3260 iores.

256 3288 364 3351 Ultima
386 3306 434 3349 me
457 3296 556 3349 tecum
580 3287 654 3348 vidit
675 3290 856 3367 maestisque
879 3286 1019 3349 cadentes
1138 3305 1184 3358 (aa)

301 3377 427 3457 Excepit
449 3376 584 3439 lacrimas
606 3375 738 3438 Aethalis
760 3376 819 3437 llra
842 3378 946 3456 genis:

209 3477 243 3526 uo
258 3464 331 3530 Cum
356 3465 408 3525 tibi
432 3467 609 3545 quaerenti,
632 3483 704 3526 uum
726 3482 816 3525 verus
840 3466 961 3525 nuntius
985 3471 1086 3545 esset,

301 3551 448 3613 Attulerat
471 3551 574 3633 culpae
598 3570 688 3630 quem
710 3552 785 3613 mala
809 3553 884 3613 lama
908 3570 1008 3632 meae,
