2467 4042
170 208 234 276 152
587 214 637 266 EX
654 212 775 266 PONTO

256 373 390 455 [leuique
413 383 514 437 tantus
536 393 620 439 amor
642 375 751 457 nobis,
774 378 927 438 carissime
939 424 948 458 ,
971 396 1114 460 semper,

301 462 437 535 Quantus
459 467 490 526 iu
512 463 639 526 Aeacide
662 464 878 545 Nestorideque
901 467 974 527 luit.

257 551 323 615 Non
347 571 425 632 ego,
447 555 474 614 si
495 552 616 614 biberes
640 570 763 616 securae
786 554 891 633 pocula
914 554 1043 637 Lethes,

302 640 447 705 Excidero
470 640 544 703 baec
567 641 687 702 credam
705 651 827 722 pectore
851 661 938 723 posse
961 652 1033 706 tuo.

208 739 244 790 as
256 727 359 808 Longa
380 729 445 791 dies
468 732 557 790 citius
579 729 706 791 brumab
728 731 849 812 sidere,
872 749 989 810 noxque
1110 721 1113 730 ¹

302 817 427 878 Tardior
449 817 574 880 hiberna
595 817 757 880 solstitialis
780 821 856 900 erit,

257 904 319 967 Nec
337 904 469 986 Babylon
486 915 618 987 aestum,
642 925 699 968 neo
718 907 829 986 frigora
846 908 961 969 Pontus
982 908 1130 992 babebit,
1144 925 1186 976 (so)

303 994 464 1073 Caltbaque
486 994 646 1057 Paestanas
668 998 767 1056 vincet
789 995 882 1057 odore
904 1015 1006 1076 rosas,

259 1082 353 1155 Quam
376 1082 432 1144 tibi
454 1091 626 1144 nostrarum
648 1086 767 1145 veniant
790 1083 896 1145 oblivia
919 1103 1038 1150 rerum.

210 1183 245 1234 30
303 1170 370 1233 Non
392 1173 435 1232 ita
456 1190 525 1251 pars
548 1173 600 1233 lati
624 1171 747 1234 candida
769 1172 850 1234 nulla
872 1177 931 1234 mei
955 1183 1019 1235 est.

256 1259 301 1320 Ne
324 1269 424 1321 tamen
446 1260 520 1322 haee
542 1260 603 1321 dici
624 1262 719 1339 possit
740 1260 849 1322 fiducia
872 1262 998 1323 mendax

304 1348 460 1427 Stultaque
483 1348 645 1410 credulitas
667 1357 770 1410 nostra
793 1349 908 1427 luisse,
931 1368 1020 1431 cave,

259 1435 472 1517 constantique
495 1438 553 1499 ilde
576 1445 709 1498 voterem
732 1444 831 1498 tutare
855 1437 1002 1517 sodalem,

304 1525 368 1597 Qua
390 1525 462 1587 licet
483 1536 514 1587 et
536 1533 682 1606 quantum
705 1544 765 1587 uon
787 1545 933 1588 onerosus
957 1545 1026 1588 ero.

653 1719 697 1793 V.

260 1877 385 1940 Condita
408 1878 577 1958 disparibus
600 1882 734 1941 numeris
757 1897 812 1958 ego
835 1878 913 1941 Naso
937 1878 1042 1941 Salano

303 1967 476 2046 Praeposita
498 1970 568 2029 misi
589 1967 680 2029 verba
702 1966 798 2029 salute
822 1985 906 2048 meo;

259 2054 340 2126 Quae
364 2065 428 2118 rata
450 2058 490 2118 slt
512 2059 623 2137 cupio,
645 2055 797 2137 rebusque
820 2063 854 2118 ut
877 2063 1026 2135 competat
1047 2075 1161 2140 omen,

304 2143 346 2204 Te
370 2163 478 2223 precor
501 2163 518 2205 a
541 2145 620 2206 salvo
642 2148 760 2225 possit,
783 2146 877 2205 amice
890 2192 899 2225 ‚
923 2143 996 2224 legi.

233 2232 402 2314 stantior,
424 2236 455 2294 in
478 2233 535 2294 hoc
558 2252 629 2294 aevo
653 2251 702 2294 res
725 2236 922 2295 intermortua
944 2251 1058 2313 paene,

304 2320 424 2402 Exigit,
446 2331 482 2383 ut
503 2323 608 2383 faciam
631 2321 701 2383 talia
722 2330 812 2403 vota,
835 2329 923 2383 tuus.

259 2409 333 2472 Nam
356 2411 465 2472 luerim
488 2413 623 2490 quamvis
646 2410 762 2471 modico
784 2409 839 2471 tibi
861 2412 981 2471 iunctus
1004 2409 1040 2470 ab
1065 2429 1146 2493 usu,

304 2499 420 2561 Diceris
443 2500 539 2561 exiliis
561 2498 725 2561 indoluisse
748 2501 840 2561 meis:

259 2587 408 2668 Missaque
431 2587 467 2648 ab
490 2588 607 2650 Euxino
630 2588 746 2668 legeres
769 2605 838 2649 oum
861 2589 992 2649 cumina
1013 2586 1132 2670 Ponto,

213 2688 246 2739 10
304 2676 356 2738 Illa
379 2685 450 2739 tuus
472 2679 548 2739 iuvit
571 2676 797 2756 qualiacumque
820 2675 920 2738 lavor:

261 2764 436 2846 Optastique
460 2765 581 2826 brevem
603 2765 675 2826 salvi
698 2765 770 2825 mibi
793 2763 927 2825 Caesaris
950 2767 1042 2846 iram,

305 2854 391 2925 Quod
415 2862 514 2915 tamen
537 2855 656 2933 optari,
679 2856 706 2914 si
728 2855 824 2933 sciat,
846 2856 911 2932 ipse
935 2854 1028 2913 sinat.

260 2942 394 3005 bloribus
416 2946 473 3003 ista
495 2945 556 3004 tuis
579 2952 640 3004 mm
662 2944 744 3003 mitia
767 2950 834 3003 vota
857 2940 983 3020 dedisti,

306 3031 367 3093 Nec
390 3032 490 3092 minus
513 3031 626 3093 idcirco
650 3039 721 3092 suut
743 3048 778 3091 ea
801 3037 883 3109 grata
907 3029 994 3089 milri.

214 3131 246 3182 15
262 3120 387 3200 Quoque
406 3123 500 3200 magis
518 3138 654 3182 moveare
673 3118 775 3197 malis,
794 3118 965 3180 doctissimo
974 3165 983 3199 ,
1001 3120 1132 3199 nostris,
1145 3134 1189 3185 (m)

306 3208 454 3271 Credibile
478 3219 525 3271 est
546 3211 612 3270 lieri
636 3209 810 3272 condicione
833 3208 909 3269 loci.

262 3298 315 3360 Vix
338 3299 394 3360 hac
416 3302 550 3360 invenies
572 3305 691 3378 totum,
715 3296 788 3357 mihi
811 3296 922 3375 crede,
944 3313 1000 3374 por
1022 3294 1151 3379 orbem,

307 3387 388 3457 Quae
411 3390 511 3449 minus
534 3386 667 3464 Augusta
689 3404 763 3466 paco
785 3386 904 3445 fruatur
926 3384 1052 3446 humus.

261 3474 307 3536 Tu
329 3483 429 3536 tamma
451 3475 655 3537 bicstruotos
677 3478 757 3536 iuter
780 3474 842 3535 lera
864 3472 977 3554 proebe
999 3491 1106 3535 versus

213 3573 247 3622 20
306 3561 345 3622 Et
367 3562 440 3641 legis
463 3573 494 3625 et
517 3563 610 3625 lectos
634 3582 685 3624 ore
709 3564 827 3624 favente
850 3561 976 3643 probas,
