2467 4042
208 215 274 281 266
616 217 810 271 Fastorum

297 378 386 442 Vallis
408 381 545 445 Aricinae
567 379 639 441 siloa
661 383 850 460 praecinctus
873 399 966 461 opaea

341 468 396 530 Est
417 468 521 548 lacus,
543 470 665 546 antiqua
687 467 830 547 religione
853 487 956 530 sacer.

230 557 352 619 2001110
373 556 446 618 12101
467 554 644 636 Hippolytus
667 556 753 617 iuriis
776 556 911 635 direptus
934 575 1116 640 equorum,

340 643 426 706 Unde
448 661 554 719 nemus
576 642 666 706 nnlhs
687 642 761 704 illud
784 644 882 705 aditur
905 648 1009 723 equis.

296 731 376 797 Liola
399 731 589 813 dependent,
611 730 714 811 longas
735 731 861 793 velantia
884 749 1007 813 saepes,

341 819 381 882 Et
402 822 498 900 posita
522 827 568 881 est
590 821 713 880 meritae
737 819 828 881 multa
850 818 957 881 tabella
980 820 1079 882 deae.

299 908 393 987 Saepe
415 916 523 987 potens
545 909 627 987 voti,
651 907 778 971 frontem
800 908 937 969 redimita
960 912 1108 992 coronis,

230 1007 283 1058 210
341 995 462 1057 Femina
485 995 618 1057 lucentes
641 1004 739 1075 portat
761 995 799 1057 ab
821 994 901 1057 Urbe
924 996 1023 1059 laces.

296 1083 397 1163 Regna
419 1092 523 1145 tenent
546 1084 639 1145 lortes
662 1083 798 1145 manibus
821 1082 1006 1163 pedibusque
1033 1087 1176 1166 lugaces,

341 1171 379 1233 Et
401 1172 481 1252 perit
503 1171 637 1251 exemplo
661 1171 816 1250 postmodo
840 1174 965 1252 quisque
989 1190 1067 1236 suo.

298 1259 407 1321 llellnit
427 1262 543 1321 1200210
566 1258 716 1339 lapidosus
738 1258 892 1322 murmure
914 1262 1014 1322 212222

342 1347 457 1428 Saepe,
481 1348 533 1409 sed
557 1350 672 1428 exiguis
694 1347 849 1409 haustibus
870 1347 940 1410 inde
963 1347 1047 1411 hibi.

230 1447 282 1499 225
296 1436 403 1515 Egeria
427 1445 492 1516 est,
515 1453 590 1516 quae
609 1435 732 1516 praebet
750 1453 861 1517 aquas,
884 1436 938 1498 dea
960 1445 1048 1516 grata
1066 1436 1204 1501 Camenis.

338 1523 390 1585 llls
413 1522 526 1588 Numae
548 1526 679 1585 coniunx
701 1524 916 1604 consiliumque
938 1525 1012 1586 1211.

296 1612 445 1692 Principio
469 1613 594 1673 nimium
616 1621 770 1692 promptos
792 1612 828 1673 ad
851 1611 928 1674 bella
950 1611 1080 1683 Quiritis

340 1698 448 1761 blolliri
470 1699 582 1779 placuit
603 1703 669 1761 iure
693 1700 840 1780 deumque
863 1709 961 1761 metu.

296 1787 367 1849 lude
390 1788 474 1849 datae
497 1788 599 1868 leges,
624 1806 662 1849 ne
684 1788 798 1849 tirmior
821 1791 918 1849 omnia
941 1797 1064 1869 posset;

231 1887 283 1938 280
343 1874 511 1956 Coeptaque
535 1883 605 1937 sunt
627 1893 703 1957 pure
726 1874 833 1938 tradita
856 1894 939 1937 sacra
962 1875 1039 1938 ooli.

295 1962 423 2026 Eruitur
445 1965 570 2045 lenitas,
592 1967 743 2043 armisque
765 1967 917 2043 potentius
939 1982 1071 2044 acquum
1096 1974 1164 2046 est,

340 2051 379 2113 Et
401 2070 469 2113 cum
493 2053 557 2113 0120
579 2051 674 2131 podet
695 2055 884 2115 conseruisse
906 2069 1029 2114 manns.

296 2141 394 2220 Atque
417 2141 545 2221 aliquis,
568 2140 656 2201 modo
679 2149 771 2220 trux,
794 2142 855 2202 visa
877 2142 936 2201 iam
957 2142 1089 2202 vertitur
1115 2161 1183 2217 ara,

339 2228 471 2308 Vinaque
494 2228 545 2289 dat
566 2227 675 2308 tepidis
698 2227 833 2309 salsaque
856 2229 935 2289 farra
956 2229 1052 2290 locis.

231 2327 282 2379 280
296 2316 374 2379 Εο00
397 2316 486 2378 deum
509 2319 626 2396 genitor
649 2315 753 2379 rutilas
775 2334 830 2396 per
853 2315 953 2378 nubila
974 2316 1116 2379 llammas

342 2405 481 2486 spargit,
505 2412 535 2465 21
557 2405 665 2473 eliusis
682 2405 802 2466 aethera
825 2406 918 2466 siccat
939 2407 1042 2484 aquis.

296 2492 361 2555 Non
385 2493 456 2553 alias
478 2494 561 2554 missi
585 2492 720 2553 cecidere
743 2494 930 2572 frequentius
952 2495 1056 2571 ignes.

339 2581 403 2643 1102
425 2586 513 2659 paret
536 2589 566 2641 21
587 2579 666 2660 volgi
688 2589 809 2659 pectora
831 2588 930 2643 terror
952 2578 1060 2643 habet.

297 2669 351 2730 Cui
374 2670 428 2730 dea
453 2664 507 2730 ‘ne
530 2670 655 2730 nimium
677 2667 815 2730 terrere!
847 2668 954 2748 piabile
976 2669 1092 2731 tulmen

229 2769 281 2820 200
339 2756 393 2818 Est
406 2752 430 2836 ,³
454 2758 495 2818 ait
518 2751 565 2817 ‘et
587 2759 666 2819 saevi
688 2757 819 2819 llectitur
840 2759 885 2818 ira
907 2757 1001 2819 lovis.

297 2845 354 2907 Sed
379 2851 521 2923 poterunt
542 2846 635 2906 ritum
657 2843 746 2906 Picus
768 2845 946 2925 Faunusque
969 2845 1072 2924 piandi

339 2932 491 3013 Tradere,
514 2931 639 2997 Romani
662 2949 772 2995 numen
794 2941 956 3012 utrumque
979 2933 1055 2994 soli.

295 3021 357 3084 Nee
380 3023 444 3082 sine
467 3022 496 3081 vi
519 3020 659 3082 tradent:
690 3020 828 3082 adhibeto
852 3020 967 3083 vincula
990 3020 1127 3103 captis3'

340 3110 435 3190 litque
458 3111 522 3190 ita,
545 3127 603 3189 qua
626 3111 763 3191 possint,
786 3109 907 3192 erudit,
930 3118 993 3170 arte
1015 3112 1101 3189 capi.

172 3244 182 3263 .
228 3197 394 3261 2001220222
417 3197 562 3259 Aventino
586 3196 709 3259 suberat
730 3200 815 3276 niger
837 3197 913 3259 ilicis
936 3196 1059 3279 umbra,

339 3286 404 3358 Quo
427 3303 531 3366 posses
554 3288 617 3346 viso
633 3286 742 3348 dicere
766 3281 891 3357 ‘numen
915 3280 1025 3348 inesti’

294 3373 328 3436 ln
350 3373 448 3435 medio
471 3391 614 3454 gramen,
638 3390 800 3454 muscoque
823 3373 964 3453 adoperta
986 3375 1096 3436 virenti

338 3460 473 3522 llanabat
495 3480 565 3522 saxo
588 3478 662 3523 vena
684 3462 825 3541 perennis
848 3479 959 3542 aquae.

340 3548 366 3608 ’2
389 3548 452 3608 1022
476 3548 531 3610 2011
553 3549 673 3611 Faunus
696 3548 845 3630 Picusque
868 3548 1024 3612 bibebant.
