2467 4042
196 262 291 322 Xllll.
313 260 694 322 HYPERMNESTRA
716 260 893 325 34-109.
1000 265 1060 329 1ἳὸ

155 415 352 491 Expulerunt
370 415 590 477 somnoshaeo
605 431 677 475 meo
690 415 771 478 diota
785 424 856 478 tuos

109 498 233 574 ‘Surge
248 514 321 575 age,
340 499 463 573 Betide,
486 500 525 560 de
539 505 584 560 tot
600 500 694 559 modo
708 500 851 562 tratribus
866 509 960 562 unus!

156 583 230 643 Nox
244 580 311 656 tibi,
334 583 366 643 ni
382 599 547 660 properas,
567 582 628 644 ista
642 585 785 658 perennis
801 587 881 647 erit’

57 675 99 731 75
111 668 256 728 Territus
271 668 424 742 exsurgis.
447 667 523 743 iugit
537 668 637 728 omnis
653 668 761 729 inertia
776 671 885 730 somni.

156 750 286 827 Aspicis
302 751 334 811 in
348 751 454 812 timida
468 752 558 813 tortia
571 753 633 812 teta
649 766 752 814 mauu.

110 836 282 912 Quaerenti
297 851 422 897 eausam
437 836 522 897 ‘dum
538 852 602 897 nox
614 836 703 910 sinit,
721 836 837 912 effuge
854 837 931 897 dixi:

158 921 254 981 ‘Dum
270 935 333 981 nox
346 926 413 981 atra
427 920 512 995 sinit,
532 927 566 980 tu
581 921 678 996 mgis,
699 921 768 998 ipsa
781 925 906 983 moror?

111 1005 210 1066 Mane
221 1010 301 1077 erat,
324 1011 355 1065 et
369 1006 494 1067 Danaus
506 1020 642 1081 generos
656 1020 697 1066 ex
711 1006 808 1065 caede
826 1006 954 1068 iacentis

60 1100 103 1154 80
160 1087 350 1151 Dinumeret
372 1104 511 1151 summus
525 1089 660 1150 oriminis
674 1105 755 1150 unus
771 1089 857 1151 abes.

111 1174 189 1235 Fert
206 1174 285 1233 mate
298 1180 449 1249 cognatae
462 1173 609 1235 iacturam
625 1174 731 1236 montis
746 1174 777 1234 in
793 1190 864 1247 uno,

156 1257 199 1318 Et
213 1258 349 1333 queritur
363 1257 436 1319 tacti
449 1258 608 1333 sanguinis
624 1273 699 1320 esse
713 1274 830 1334 parum

112 1341 291 1403 Abstrahor
305 1358 324 1402 a
337 1342 444 1418 patriis
460 1342 607 1417 pedibus,
628 1343 977 1419 raptamque-capitiis„

157 1425 245 1486 Haec
261 1426 370 1487 meruit
385 1426 484 1501 pietas
500 1426 668 1503 praemia..
683 1442 792 1488 earoer
805 1427 906 1489 habet

63 1521 103 1575 85
117 1511 303 1572 Seitioetex-
314 1510 368 1572 itto
381 1510 511 1571 Iunonia
527 1518 686 1586 permanet
700 1513 753 1586 ira,

158 1594 227 1671 Quo
242 1593 301 1656 bos
314 1610 354 1655 ex
368 1593 493 1656 homine
505 1601 568 1668 est,
589 1611 630 1656 ex
645 1596 727 1656 bove
742 1597 823 1657 tacta
837 1597 906 1656 dea.

114 1681 155 1740 nt
171 1678 249 1741 sutis
265 1685 319 1740 est
327 1694 450 1755 poeitae
460 1684 598 1742 tenerum
610 1680 749 1756 mugisse
763 1682 906 1756 puellam,

156 1763 236 1835 Neo,
260 1764 354 1825 modo
369 1764 574 1839 formonsum,
594 1780 691 1840 posse
705 1766 828 1840 pteoere
842 1765 917 1825 lori.
982 1788 985 1794 ·

112 1847 242 1909 Adstitit
257 1847 371 1924 inripa
385 1847 493 1924 liquidi
509 1864 594 1909 nova
604 1864 701 1909 vauca
716 1849 859 1925 parentis,

64 1942 105 1996 9⁰
159 1931 392 2009 omnaquetn
406 1932 514 2008 patriis
529 1949 592 1993 uon
606 1948 665 1994 sua
679 1932 756 1993 vidit
769 1933 873 2009 aduisa

113 2017 300 2092 toruoque
313 2017 399 2093 queri
412 2016 545 2092 mugitus
559 2017 658 2078 edidit
671 2033 734 2090 ore,

156 2101 341 2177 Territaque
352 2108 401 2161 est
413 2102 528 2173 torma,
552 2101 657 2162 territa
670 2116 749 2163 voce
765 2118 829 2163 sua

114 2185 194 2260 Quid
209 2184 303 2259 iuris,
327 2185 455 2249 interint
476 2185 549 2261 quid
564 2192 594 2245 te
608 2185 728 2246 miraris
743 2185 775 2247 in
790 2186 918 2248 umbrat

157 2267 237 2344 Quid
250 2285 397 2347 numeras
413 2270 512 2333 suetos
526 2269 567 2330 ud
580 2270 816 2332 uonamombru
830 2271 949 2348 pedes?

68 2354 173 2417 951111
187 2353 270 2415 lovis
285 2355 389 2430 magni
403 2353 495 2430 pelex
509 2355 674 2415 metuenda
688 2355 797 2427 sorori,

156 2438 280 2500 Fronde
296 2439 384 2499 levas
399 2436 523 2497 nimiam
539 2438 792 2514 caespitibusque
807 2440 930 2500 tamem:

113 2523 210 2583 Fonte
226 2520 322 2595 bibis,
345 2529 531 2599 spectasque
545 2528 628 2583 tuam
644 2523 815 2599 stupefacta
832 2525 969 2600 figuram,

157 2605 210 2681 Et,
231 2614 262 2668 te
277 2618 317 2667 ne
332 2607 443 2668 tutam
456 2620 537 2682 quae
549 2606 634 2682 geris
648 2623 748 2681 arma,
767 2608 865 2668 timos.

114 2690 263 2766 Quaeque
277 2690 389 2764 ruodo,
409 2697 443 2752 ut
456 2706 569 2766 posses
584 2690 676 2752 etiam
689 2692 765 2751 love
778 2691 872 2767 digna
887 2693 992 2762 videri,

52 2787 102 2837 too
155 2773 251 2836 Dives
265 2786 354 2850 eras,
375 2776 459 2839 nuda
472 2775 556 2837 nuda
569 2775 723 2836 recumbis
738 2775 842 2837 humo.

113 2858 174 2919 Per
188 2874 289 2932 mare,
313 2873 371 2943 per
384 2865 480 2921 terras
497 2867 692 2936 cognataque
706 2858 834 2923 flumina
847 2862 961 2935 eumin:

157 2943 216 3004 Dat
230 2949 332 3018 muro,
355 2942 428 3004 dant
442 2960 565 3018 amnes,
586 2946 640 3005 dat
653 2942 707 3004 tibi
724 2950 806 3006 terra
822 2946 912 3007 viam.

113 3027 198 3103 Quae
211 3025 265 3089 tibi
277 3042 373 3088 eausa
384 3028 496 3103 fugae?
527 3027 621 3102 Quid,
637 3030 686 3103 to,
702 3029 779 3089 treta
790 3031 883 3105 ionga
894 3038 1056 3106 pererrast

156 3110 224 3174 bion
240 3110 358 3188 poteris
371 3113 473 3173 vultus
489 3111 626 3188 effugere
641 3113 713 3188 ipsu
727 3119 807 3174 tuos.

53 3206 100 3259 tus
113 3195 234 3267 inachi,
258 3213 319 3271 quo
335 3203 509 3274 propat-ast
526 3197 638 3259 eadem
650 3198 855 3274 sequerisque
869 3198 1027 3275 fingisquer

155 3280 202 3342 iu
216 3278 270 3343 tibi
285 3280 350 3343 dux
364 3281 482 3353 munti,
505 3287 537 3342 tu
552 3296 657 3343 eomes
674 3281 744 3359 ipsa
759 3282 840 3342 duni.

112 3363 172 3424 Per
185 3371 307 3441 septem
317 3364 405 3429 iiitus
420 3372 528 3443 portus
543 3364 678 3428 omissus
691 3366 721 3427 tn
737 3382 855 3442 aequor

156 3447 250 3511 Exuit
261 3449 392 3513 insanas
407 3449 514 3527 pettois
529 3465 584 3511 oru
596 3449 701 3514 bovis⁴

113 3531 226 3594 Ultima
240 3532 316 3610 quid
332 3534 477 3607 mierum,
498 3551 627 3610 quorun
643 3535 714 3597 mihi
730 3550 807 3599 dana
822 3542 965 3598 senectus
