2467 4042
294 235 382 302 86
1127 236 1469 288 ‘rms‘mm

471 400 621 463 Vitis
645 445 665 482 ,
711 406 772 462 et
814 398 1044 461 incluso
1089 398 1264 479 plena
1308 401 1387 461 sit
1431 416 1544 460 uva
1589 417 1791 482 mero;

475 489 576 551 Sic
621 486 730 549 tihi
775 505 914 549 cum
956 486 1196 548 bacchis
1242 494 1574 567 satyrorum
1618 506 1803 567 gnava
1844 490 2125 551 iuventus

470 576 632 639 Assit
654 622 674 657 ‚
720 583 782 638 et
826 578 1073 636 attonito
1119 593 1241 637 non
1286 584 1519 636 taceare
1562 593 1749 658 sono;

474 664 621 726 Ossa
667 663 1023 743 bipenniferi
1067 665 1155 724 sic
1200 665 1322 724 sint
1364 662 1516 725 male
1559 681 1767 744 pressa
1811 662 2068 745 Lycurgi
2084 713 2102 748 ,

375 764 445 813 40
473 752 657 833 Impia
702 769 814 813 nec
858 769 1048 832 poena
1092 750 1392 812 Pentheos
1436 750 1647 813 umbra
1691 761 1900 833 vacet3

475 840 574 902 Sic
619 841 799 901 micet
844 846 1153 901 aeternum
1196 842 1506 919 vicinaque
1552 838 1747 901 sidera
1792 843 1988 903 vincat

475 928 755 1007 Coniugis
800 928 864 988 in
910 925 1072 989 caelo
1118 927 1275 988 clara
1319 945 1538 989 corona
1585 927 1755 989 tuae!

476 1014 607 1077 Huc
653 1015 793 1076 ades
839 1022 900 1076 et
944 1032 1117 1076 casus
1161 1015 1390 1077 releves
1416 1062 1434 1096 ,
1478 1016 1879 1096 pulcherrime
1904 1064 1923 1097 ,
1969 1025 2247 1101 nostros,

471 1103 667 1165 Unum
712 1103 786 1164 de
831 1119 1079 1164 numero
1124 1120 1221 1163 me
1268 1121 1495 1164 memor
1540 1122 1671 1166 esse
1718 1104 1859 1166 tuo!

376 1202 444 1253 45
474 1191 627 1253 Sunt
672 1191 765 1252 dis
807 1192 966 1251 inter
1012 1208 1077 1252 se
1122 1193 1475 1253 commercia
1503 1238 1518 1253 .
1590 1192 1832 1254 flectere
1877 1200 2099 1274 tempta

473 1277 824 1341 Caesareum
870 1296 1092 1340 numen
1135 1281 1380 1341 numine
1404 1325 1422 1360 ,
1468 1278 1698 1342 Bacche
1725 1328 1743 1362 ,
1788 1280 1928 1342 tuo!

473 1366 590 1428 Vos
636 1384 916 1448 quoque,
965 1375 1274 1429 consortes
1321 1367 1546 1450 studii,
1567 1370 1687 1448 -pia
1732 1368 1908 1431 turha
1933 1416 1951 1450 ,
1995 1377 2242 1454 poetae,

471 1451 629 1516 Haec
675 1454 880 1515 eadem
926 1462 1161 1535 sumpto
1208 1458 1462 1535 quisque
1509 1466 1711 1535 rogate
1761 1456 1959 1519 mero!

471 1544 665 1622 Atque
711 1542 924 1621 aliquis
967 1550 1231 1604 vestrum
1259 1590 1277 1626 ,
1323 1542 1573 1605 Nasonis
1618 1546 1859 1606 nomine
1905 1544 2096 1627 dicto,

378 1641 445 1692 50
472 1626 520 1711 †
563 1632 833 1710 Apponat
877 1630 1133 1692 lacrimis
1177 1631 1388 1710 pocula
1432 1633 1614 1693 mixta
1659 1634 1819 1715 suis,

471 1718 940 1798 Admonitusque
986 1720 1147 1801 mei,
1192 1736 1331 1780 cum
1376 1722 1869 1801 circumspexerit
1911 1738 2149 1803 omneS‚

472 1806 640 1868 Dicat
685 1801 822 1867 ‘Ubi
867 1815 960 1867 est
1003 1808 1193 1867 nostri
1240 1826 1376 1888 pars
1421 1808 1596 1869 modo
1642 1808 1798 1869 Naso
1843 1804 2081 1870 chori?

472 1892 656 1973 quue
702 1895 781 1954 ita
808 1939 826 1974 ,
875 1896 926 1955 si
969 1901 1232 1955 vestrum
1280 1897 1471 1957 merui
1518 1896 1772 1957 candore
1816 1896 2110 1978 favorem,

471 1980 759 2060 Nullaque
804 1981 1023 2043 iudicio
1069 1980 1267 2045 littera
1312 1983 1467 2045 laesa
1512 2002 1645 2045 meo
1692 1992 1818 2067 est,

376 2082 441 2131 55
473 2069 535 2130 Si
562 2116 580 2150 ,
625 2077 892 2131 veterum
938 2068 1113 2149 digne
1159 2089 1413 2132 veneror
1458 2090 1595 2132 cum
1640 2074 1861 2152 scripta
1905 2074 2197 2153 virorum,

469 2158 743 2218 Proxima
788 2175 908 2218 non
952 2157 1069 2219 illis
1115 2176 1247 2220 esse
1293 2161 1520 2220 minora
1564 2176 1704 2221 reor
1722 2206 1736 2221 .

474 2244 573 2307 Sic
618 2246 800 2324 igitur
846 2245 1052 2307 dextro
1099 2246 1326 2308 faciatis
1372 2246 1638 2325 Apolline
1684 2245 1958 2309 carmen!

469 2331 641 2403 Quod
686 2332 827 2396 licet
849 2378 868 2415 ‚
913 2336 1071 2396 inter
1118 2352 1220 2397 vos
1267 2353 1484 2397 nomen
1528 2335 1740 2397 habete
1785 2332 2014 2398 meuml

1231 2526 1354 2603 IV.

478 2687 673 2747 Lirin-e
720 2685 792 2747 ab
836 2683 1069 2746 Euxino
1115 2684 1368 2747 Nasonis
1412 2685 1666 2766 epistula
1702 2687 1872 2767 veni,

474 2775 767 2852 l.;1.·;saque
813 2774 966 2835 facta
1011 2775 1162 2834 mari
1203 2774 1476 2853 lassaque
1521 2776 1673 2836 facta
1718 2777 1846 2856 via,

478 2867 586 2931 Uni
638 2859 780 2923 mihi
824 2859 977 2922 flens
1013 2859 1163 2923 dixit
1207 2857 1324 2924 ‘Tu
1350 2910 1369 2943 ,
1413 2864 1512 2924 cui
1557 2862 1698 2924 licet
1722 2909 1740 2944 ,
1785 2864 1982 2944 aspice
2026 2860 2322 2926 Romam!

478 2951 606 3007 lli-u
654 2957 872 3029 quanto
918 2949 1128 3011 melior
1173 2968 1305 3011 sors
1350 2959 1451 3012 tua
1497 2957 1660 3012 sorte
1705 2967 1835 3011 mea
1880 2944 2029 3012 estl'

414 3051 442 3095 fi
478 3035 654 3099 Fisus
706 3053 945 3117 quoque
998 3054 1095 3098 me
1153 3040 1436 3120 scripsit.
1518 3056 1632 3099 nec
1694 3056 1810 3118 qua
1872 3036 2177 3119 unguebat,
2243 3038 2330 3101 ad

1566 3143 1635 3187 os
1681 3134 1774 3187 ost

474 3219 622 3275 Ante
654 3258 667 3293 ,
714 3212 820 3274 sed
865 3212 938 3274 ad
984 3212 1247 3275 madidas
1293 3229 1522 3293 gemma
1566 3214 1750 3275 relata
1793 3232 1974 3293 genas
1991 3260 2007 3275 .

474 3299 777 3362 Tris-tiniae
822 3318 1058 3363 causam
1105 3303 1295 3381 siquis
1341 3319 1704 3381 cognoscere
1748 3304 2014 3383 quaerit,

478 3388 723 3449 [mendi
769 3388 955 3450 solem
999 3389 1260 3470 postulat
1301 3388 1401 3450 ille
1448 3389 1598 3471 sibi,

478 3475 594 3535 Nm:
646 3475 912 3538 frondem
956 3478 1021 3538 in
1066 3476 1230 3538 silvis
1255 3524 1274 3557 ,
1317 3495 1430 3539 nee
1473 3487 1681 3558 aperto
1723 3477 1921 3539 mollia
1964 3485 2134 3559 prato

386 3575 446 3619 ii·
478 3563 518 3619 i}
534 3564 751 3625 vamina
777 3608 797 3642 ‚
843 3582 954 3626 nec
998 3565 1176 3646 pleno
1218 3563 1463 3626 flumine
1508 3567 1702 3629 cernit
1744 3583 1991 3646 aquam;
