2467 4042
162 238 204 304 gg
579 235 752 287 nmsmnu

249 401 311 463 Nec
334 402 412 461 sinet
433 398 483 486 ille
505 406 573 460 tuos
596 398 668 460 litus
691 414 775 459 arare
798 396 907 459 boves.

250 489 308 552 Fac
330 486 440 567 modo,
469 482 640 549 constanter
662 486 822 568 prologum
844 484 969 547 tuearel
999 486 1080 565 quod
1102 486 1171 570 ille,

201 590 236 640 oo
250 577 308 649 Qut
330 575 406 638 bene
430 583 460 638 te
482 577 565 637 norit
576 623 586 658 ,
609 593 671 636 non
693 581 779 653 rogat
791 619 800 656 ‚
823 576 888 653 ipsa
910 590 1000 653 rogo.

643 766 684 840 V.

250 926 374 989 Annuus
398 924 553 987 adsuetum
576 925 712 986 dominae
735 926 839 987 natalis
862 925 1004 987 honorem

250 1015 370 1095 Exigit:
392 1017 433 1076 ite
457 1030 560 1075 manus
584 1013 620 1074 ad
644 1015 692 1092 pia
715 1031 799 1075 sacra
820 1012 920 1075 meae!

252 1103 302 1165 Sic
325 1101 473 1181 qnondam
497 1101 605 1162 loetum
628 1100 764 1163 naerens
787 1109 889 1181 egerat
911 1101 1000 1162 heros

250 1191 362 1253 Forsan
385 1191 416 1252 in
439 1197 572 1250 extremo
597 1191 732 1269 coniugis
755 1188 827 1250 orbe
850 1189 945 1250 diem

220 1278 365 1357 tLlngua
388 1279 488 1339 favens
511 1279 602 1357 assit,
625 1286 796 1339 nostrornm
820 1276 910 1338 oblita
933 1275 1087 1353 malorum,

251 1367 355 1448 Quae,
377 1375 472 1447 puto,
495 1365 636 1427 dedidicit
658 1367 716 1426 iam
739 1364 816 1428 bona
837 1363 927 1425 rerba
949 1363 1044 1444 loqui3

252 1455 392 1534 Quaeque
416 1452 508 1515 semel
530 1460 591 1515 toto
614 1455 705 1515 vestis
728 1453 802 1515 mihi
824 1455 952 1514 sumitur
975 1469 1066 1531 amo,

123 1543 135 1569 ⁶
252 1542 394 1604 Sumatur
416 1541 484 1602 latis
507 1541 636 1602 discolor
658 1540 723 1602 alba
746 1543 837 1622 meis3

252 1632 370 1709 Araque
392 1631 542 1709 gramineo
565 1629 668 1690 viridis
691 1630 728 1690 de
752 1631 881 1709 caespite
904 1629 974 1710 ilat,

203 1733 237 1783 to
251 1719 290 1780 Et
311 1717 388 1779 velet
410 1718 526 1797 tepidos
548 1735 624 1779 nexa
646 1735 756 1778 corona
778 1718 878 1779 locos.

251 1808 293 1869 lla
316 1805 388 1867 mihi
411 1815 501 1885 tura,
523 1823 622 1886 puer,
644 1808 770 1886 pingues
793 1806 931 1866 facientia
952 1804 1098 1883 neumas,

251 1894 395 1974 Quodque
418 1896 467 1973 plo
490 1894 590 1955 lusum
614 1894 721 1954 stridat
743 1896 773 1955 in
796 1896 882 1972 igne,
907 1910 1033 1954 merum.

250 1983 368 2063 Optime
391 1979 518 2061 Natalis,
543 1984 675 2061 quamvis
698 1980 803 2061 procul
825 1980 985 2060 absumus,
1007 1987 1077 2059 opto

251 2070 399 2133 Candidus
422 2070 480 2132 huc
503 2072 603 2130 venias
626 2069 835 2148 dissimilisque
858 2087 943 2149 meo;

203 2172 237 2222 tt
252 2160 285 2222 st
308 2158 387 2239 quod
411 2166 441 2221 et
463 2156 591 2219 instabat
614 2157 750 2218 dominae
773 2155 940 2218 miserabile
963 2154 1082 2236 vuinus,

251 2248 296 2309 Sit
318 2248 474 2328 perfuncta
497 2248 572 2306 meis
594 2253 712 2324 tempus
734 2247 766 2306 in
789 2262 876 2305 omne
898 2243 998 2323 mals3

251 2337 392 2414 Quaeque
411 2335 493 2413 gravi
507 2351 603 2413 nuper
616 2333 684 2412 plus
698 2350 786 2412 quam
805 2340 941 2412 quassata
959 2329 1083 2411 procella
1101 2341 1168 2413 est,

251 2423 336 2495 Quod
360 2429 519 2503 superest,
542 2427 641 2482 tutum
662 2439 718 2501 per
740 2438 822 2482 mare
845 2423 927 2481 naris
950 2417 1010 2482 eall

250 2512 301 2574 llla
324 2510 411 2573 domo
436 2517 562 2589 nataque
585 2527 639 2570 sna
661 2511 816 2588 patriaque
839 2509 955 2570 fruatur
978 2539 1016 2551 -

203 2600 361 2680 conrepta
383 2599 456 2660 haec
479 2600 531 2659 uni
555 2599 594 2658 sit
616 2599 688 2658 satis
711 2614 777 2657 esse
799 2597 873 2658 mihi
897 2628 935 2641 -

251 2689 403 2760 Quatenus
427 2694 458 2748 et
479 2703 539 2746 non
563 2693 609 2746 est
631 2687 663 2745 in
686 2702 755 2745 caro
778 2687 904 2764 coniuge
926 2683 1011 2765 felix,

250 2776 324 2837 Pars
346 2777 421 2836 vitae
445 2774 525 2835 tristi
546 2781 647 2834 cetera
669 2772 749 2834 nube
772 2782 873 2835 vacet.

249 2864 334 2926 Vivat
360 2870 498 2942 ametque
520 2863 634 2943 virum,
658 2864 796 2940 quioniam
819 2862 864 2921 slc
886 2862 1018 2940 cogitur,
1038 2856 1178 2941 absens,

250 2953 470 3031 consumatque
493 2967 609 3030 annos,
632 2950 684 3011 sed
707 2949 869 3031 diuturna,
892 2967 978 3010 suos.

201 3053 235 3104 to
250 3040 427 3119 edicerem,
451 3047 482 3100 et
504 3047 647 3100 nostros.
683 3037 734 3099 sed
759 3055 797 3098 ne
820 3039 954 3116 contagia
975 3036 1028 3096 lati

251 3129 451 3208 Corrumpunt
473 3130 586 3208 timeo,
610 3145 685 3206 quos
708 3127 769 3205 agit
790 3127 876 3206 ipsa,
898 3127 974 3186 mei.

250 3216 297 3278 Nil
320 3216 432 3278 homini
455 3224 570 3277 certum
594 3224 663 3276 est.
699 3215 766 3274 lieri
788 3215 856 3293 quis
878 3230 966 3293 posse
986 3217 1133 3293 putaret,

251 3305 290 3368 Ut
312 3305 442 3366 lacerem
464 3307 496 3365 in
519 3303 625 3364 mediis
648 3303 721 3363 haec
744 3320 799 3381 ego
822 3319 906 3362 sacra
928 3295 1036 3361 Getis?

251 3395 380 3473 Aspice,
403 3402 437 3454 ut
458 3408 530 3453 aura
553 3399 651 3452 mmcn
674 3393 773 3452 tomos
797 3408 813 3450 e
836 3398 904 3451 ture
927 3394 1045 3450 coortos

203 3493 237 3542 30
251 3479 285 3541 ln
308 3488 408 3559 partes
430 3479 517 3541 ltalas
540 3487 571 3540 et
593 3478 657 3540 loca
680 3479 785 3541 dextm
807 3476 900 3539 leratl

253 3566 365 3628 Sensus
388 3569 468 3630 inest
489 3569 582 3647 igitur
604 3566 744 3648 nebulis,
767 3584 841 3646 quas
863 3567 954 3645 exigit
974 3564 1070 3644 ignis:
