2467 4042
175 233 216 296 12
592 232 764 285 martura

261 398 422 460 Fortunam
444 404 597 478 praestent
620 397 852 477 dissimilemque
875 414 976 460 meac.

262 486 295 548 Si
317 494 416 548 tamen
439 486 512 548 baec
535 488 617 547 navis
640 493 728 547 rento
752 485 883 547 lerretur
906 487 1018 567 amico,

262 573 454 654 {gnoraretur
477 575 601 636 forsitan
624 576 680 635 ista
702 573 793 636 fides.
1016 584 1019 590 '

261 662 376 724 Thesea
399 662 551 724 Pirithous
573 680 634 723 non
658 670 717 723 tam
741 663 884 723 sensisset
906 663 1051 743 amicum,

214 763 248 812 eo
263 750 296 812 Si
318 768 378 812 non
401 751 533 812 iniernas
555 752 640 812 virus
664 749 775 812 adisset
796 767 905 829 aquas.

262 838 302 900 Ut
325 839 403 900 foret
426 838 593 918 exemplum
616 840 680 899 veri
702 837 838 900 Phoceus
861 839 988 920 amoris,

262 925 412 989 Fecerunt
434 927 551 1008 iuriae,
575 928 670 988 tristis
692 924 821 1007 Oresta,
843 932 931 987 tuae.

263 1015 296 1075 Si
318 1032 379 1076 non
401 1014 547 1094 Euryalus
569 1013 696 1076 Rutulos
719 1014 877 1076 cecidisset
898 1015 930 1074 in
954 1013 1075 1095 bostcs,

263 1101 439 1182 Hyrtacidae
462 1102 526 1163 Nisi
549 1102 642 1181 gloria
666 1101 746 1163 nulla
769 1103 864 1163 ioret.

215 1203 248 1252 25
265 1190 385 1253 Scilicet
407 1200 441 1253 nt
463 1190 576 1252 fulvum
599 1198 752 1271 spectatur
774 1192 805 1251 in
828 1187 947 1269 ignibus
970 1205 1095 1272 aurum,

262 1279 410 1359 Tempore
433 1281 477 1340 sic
499 1279 576 1341 duro
600 1286 647 1341 est
668 1278 852 1359 inspicienda
875 1277 965 1339 lidos.

261 1366 338 1429 Dum
360 1369 443 1429 iuvat
464 1375 496 1429 et
517 1368 601 1429 rultu
624 1366 703 1429 ridet
725 1366 857 1428 Fortuna
879 1382 1005 1445 sereno,

262 1451 439 1517 lndelibatas
462 1463 570 1518 cuncta
593 1462 762 1535 sequuntur
784 1470 874 1534 opes:

262 1544 300 1605 lt
322 1543 410 1606 slmul
432 1545 585 1625 intonuit,
607 1543 748 1626 lugiunt,
770 1560 827 1604 nee
850 1543 985 1604 noscitur
1007 1540 1079 1624 alli,

213 1645 247 1693 30
263 1632 437 1712 Agminibus
460 1634 602 1693 comitum
626 1633 677 1713 qui
699 1632 787 1693 modo
811 1632 928 1693 cinctus
951 1639 1031 1692 crat.

261 1722 358 1800 Atque
380 1719 477 1801 baec,
500 1719 643 1799 exemplis
665 1720 814 1799 quondam
838 1718 962 1781 collecta
984 1720 1148 1803 priorum,

261 1808 348 1870 Nunc
371 1808 444 1870 mibi
467 1816 537 1870 sunt
559 1810 690 1889 propriis
713 1810 831 1888 cognita
855 1825 925 1868 rera
947 1805 1048 1869 malis.

261 1896 317 1958 Vix
339 1896 398 1958 duo
421 1904 520 1958 tresve
542 1897 616 1959 mibi
639 1897 676 1958 de
700 1905 745 1958 tot
767 1897 932 1976 superestis
955 1896 1059 1978 amici,

262 1984 368 2047 Cetera
391 1983 562 2065 Fortunae,
585 2002 646 2046 non
669 2002 734 2045 mea
756 1984 844 2046 turba
867 1984 939 2045 luit.

215 2085 249 2135 35
264 2073 330 2145 Quo
353 2075 470 2155 magis,
493 2091 510 2134 o
533 2076 622 2153 pauci
634 2119 644 2153 ,
666 2072 758 2134 rebus
781 2073 949 2133 succurrite
971 2070 1078 2152 laesis,

262 2160 301 2222 Et
322 2161 390 2223 date
413 2162 566 2241 naufragio
589 2160 676 2222 litora
700 2169 763 2222 tuta
785 2177 870 2241 meo,

261 2248 341 2310 Neve
363 2258 445 2311 metu
468 2249 542 2311 laiso
566 2251 690 2311 nimium
714 2248 883 2329 trepidate,
906 2248 1063 2327 timentes,

261 2336 322 2398 Hac
346 2338 512 2400 offendatur
534 2354 572 2399 ne
595 2339 703 2417 pietate
727 2335 819 2398 deus!

262 2425 357 2505 Saepe
380 2426 468 2488 tidem
492 2426 624 2488 adversis
647 2428 736 2487 etiam
758 2424 888 2487 laudavit
909 2425 942 2485 ln
963 2424 1072 2502 armis,

212 2526 248 2576 40
261 2512 356 2593 Inque
380 2517 443 2576 sois
466 2524 543 2575 amat
565 2513 642 2575 banc
666 2513 774 2575 Caesar
786 2561 796 2596 ,
818 2515 850 2575 in
872 2513 958 2574 boste
980 2509 1107 2591 probat.

262 2601 356 2664 Causa
379 2620 444 2663 mea
467 2610 514 2664 est
535 2602 664 2682 melior,
687 2604 739 2680 qui
762 2618 822 2661 non
845 2603 993 2662 contraria
1015 2599 1076 2660 iovi

261 2691 351 2752 Arma
363 2737 373 2771 ,
396 2690 449 2752 sed
471 2689 547 2751 banc
570 2693 670 2751 merui
692 2689 880 2770 simplicitate
903 2689 1020 2767 sugam.

262 2776 399 2857 invigiles
421 2779 514 2857 igitur
536 2781 648 2839 nostris
670 2796 726 2857 pro
750 2777 891 2861 casibus,
913 2794 986 2859 oro,

261 2865 400 2927 Deminui
423 2869 507 2947 siqua
530 2869 661 2929 nominis
684 2868 729 2928 ira
751 2875 851 2946 potest
859 2901 872 2927 .»

213 2966 248 3017 45
263 2955 347 3015 Scire
371 2972 453 3017 meos
476 2973 563 3018 casus
586 2956 681 3034 siquis
704 2955 854 3017 desiderat
875 2955 989 3033 omnis,

263 3042 358 3124 Plus,
381 3061 469 3122 quam
493 3044 573 3126 quod
595 3045 661 3104 deri
684 3061 734 3105 res
757 3045 851 3122 sinit,
872 3042 922 3105 illo
944 3043 1036 3122 petit.

262 3132 320 3192 'lot
337 3131 412 3193 mala
431 3150 498 3194 sum
516 3149 646 3213 passus,
669 3139 743 3212 quot
760 3134 792 3192 in
810 3130 931 3193 aethere
950 3129 1048 3191 sidera
1065 3126 1199 3217 lucent,

262 3221 414 3301 Parvaque
438 3230 512 3300 quot
534 3222 633 3283 siccus
656 3237 782 3299 corpora
804 3219 901 3299 pulvis
923 3217 1029 3279 babet:

263 3307 412 3388 Multaque
437 3308 573 3370 credibili
595 3307 719 3369 tulimus
741 3310 875 3388 maiora,
898 3314 1069 3386 ratamque,

214 3407 249 3457 50
264 3395 404 3467 Quamvis
427 3398 611 3476 acciderint,
634 3412 694 3456 uon
717 3393 854 3457 habitura
876 3395 982 3457 iidem.

263 3484 337 3545 Pars
360 3486 448 3545 etiam
472 3483 615 3564 quaedam
639 3500 757 3546 mecum
778 3485 924 3545 moriatur
946 3489 1083 3564 oportet,

262 3570 369 3650 Meque
391 3572 479 3633 velim
501 3573 598 3652 possit
620 3569 823 3634 dissimulante
845 3573 916 3651 tegi.
