2467 4042
390 253 445 325 111,
467 251 665 318 osa-obt.
979 254 1043 320 225

90 408 172 470 Tuta
187 423 314 485 quoque
328 415 377 468 est
390 406 527 481 tollitque
541 407 650 468 oculos
665 424 684 468 e
698 410 776 467 lacte
790 407 904 468 recenti

138 493 260 553 Littera.
284 489 427 552 carbonis
444 492 571 566 pulvere
584 497 689 565 tange,
711 492 807 566 leges.

91 578 192 637 Fallet
207 583 239 636 et
255 575 383 635 umiduli
399 590 480 649 quae
494 574 701 654 fietacumine
715 573 777 650 lini,
998 608 1042 622 -ω

24 671 80 725 630
135 658 173 719 Et
187 661 266 720 ieret
280 660 418 719 occultas
434 674 511 733 pura
525 658 636 718 tabella
651 666 749 719 notas.

90 745 202 806 Adfuit
216 744 339 803 Acrisio
354 742 528 802 servandae
543 758 616 802 cura
634 743 769 818 puellae:

136 827 227 887 Hunc
241 835 343 887 tamen
360 826 410 885 illa
424 842 482 887 suo
498 827 623 886 crimine
638 827 708 887 lecit
721 841 822 887 avum.

93 911 174 986 Quid
188 910 282 971 iaciat
297 917 419 981 custos,
445 926 512 969 cum
527 911 588 971 sint
601 917 646 971 tol
658 909 689 969 in
704 909 787 971 Urbe
800 908 927 984 theatro,

138 996 213 1056 Cum
229 1001 351 1070 spectet
367 995 488 1054 iunctos
501 993 555 1054 illa
572 994 701 1054 libenter
714 1009 822 1069 equos,

28 1088 78 1142 635
91 1081 167 1141 Cum
183 1079 294 1139 sedeat
306 1078 437 1138 Phariae
452 1076 551 1138 sistris
567 1085 694 1153 operata
709 1076 867 1151 iuvencae,

136 1163 270 1238 Quoque
285 1163 333 1222 sui
349 1162 477 1222 comites
492 1162 536 1221 ire
551 1169 706 1235 velantur,
728 1169 787 1235 eat,

91 1248 169 1307 cnm
184 1248 271 1321 luget
285 1262 304 1306 a
317 1245 441 1320 templis
457 1248 563 1306 oculos
577 1245 665 1307 Bona
680 1247 758 1306 Diva
773 1245 938 1307 virorum...

132 1330 353 1405 Praeterquam
368 1329 476 1405 siquos
491 1329 542 1389 illa
555 1331 661 1390 venire
675 1330 812 1389 iubet...⁴t

90 1414 183 1489 Cum,
207 1415 339 1477 custode
353 1414 430 1473 ioris
443 1414 561 1474 tunicas
577 1420 721 1474 servante
736 1416 864 1489 puellae,

26 1506 76 1560 oto
133 1498 240 1558 Celent
256 1498 386 1558 furtivos
400 1498 511 1557 balnea
526 1499 619 1558 multa
637 1498 733 1569 iocos,

89 1582 181 1655 Cum,
207 1582 351 1657 quotiens
366 1598 446 1656 opus
461 1588 523 1655 est,
546 1582 639 1641 fallax
654 1588 791 1656 aegrotet
805 1579 912 1655 amica,

131 1665 170 1726 Et
184 1665 277 1726 cedat
290 1667 370 1724 lecto
386 1664 551 1738 quamlibet
563 1679 657 1739 aegra
672 1680 740 1739 suo,

87 1749 221 1809 Nomine
236 1764 305 1808 cum
321 1748 445 1820 doceat,
468 1748 540 1822 quid
556 1764 698 1823 agamus,
722 1748 861 1809 adultera
875 1749 980 1824 clavis,

134 1832 283 1907 Quasque
299 1840 400 1906 petas,
421 1848 484 1891 non
500 1832 552 1892 det
567 1832 659 1893 ianua
675 1833 758 1906 sola,
782 1833 873 1893 viast

27 1923 76 1978 615
86 1916 217 1976 Fallitur
231 1923 262 1976 et
276 1918 370 1976 multo
387 1915 523 1976 custodis
540 1931 613 1976 cura
626 1916 748 1993 Lyaeo:

134 2001 191 2059 illa
206 2000 255 2060 vel
270 1999 409 2075 Hispano
425 2000 503 2060 lecta
520 1999 559 2061 sit
574 2016 635 2060 uva
651 2001 731 2074 iugo.

89 2084 169 2145 Sunt
185 2099 327 2159 quoque,
351 2099 431 2159 quae
446 2083 557 2144 iaciant
571 2085 650 2144 altos
665 2084 866 2145 medicamina
881 2099 1018 2161 somnos,

132 2168 288 2242 Victaque
302 2167 436 2227 Lethaea
451 2168 564 2227 lumina
577 2175 667 2228 nocte
682 2176 830 2243 premant.

88 2251 153 2311 Neo
166 2253 248 2310 male
263 2250 382 2311 deliciis
398 2251 539 2312 odiosum
555 2251 681 2312 conscia
696 2253 792 2312 tardis

27 2343 77 2396 650
129 2336 268 2408 Detinet,
293 2342 324 2395 et
337 2337 430 2410 longa
443 2336 574 2411 iungitur
588 2335 657 2411 ipsa
673 2352 769 2396 mora.

90 2419 170 2493 Quid
186 2419 271 2479 iuvat
286 2418 432 2493 ambages
447 2425 674 2495 praeceptaque
691 2436 785 2495 parva
800 2437 933 2495 movere,

132 2503 211 2563 Cum
226 2502 350 2562 minimo
367 2511 472 2565 custos
487 2518 612 2564 munere
627 2504 728 2579 possit
742 2504 821 2563 emit

88 2588 236 2662 Munera,
259 2587 352 2648 crede
366 2587 453 2659 mihi,
477 2587 602 2663 capiunt
620 2588 823 2662 hominesque
837 2589 992 2666 deosquet

131 2672 273 2731 Placatur
287 2671 378 2731 donis
392 2672 530 2747 Iuppiter
543 2670 611 2746 ipse
628 2672 717 2733 datis.

29 2760 76 2815 655
89 2755 169 2829 Quid
188 2754 314 2829 sapiens
330 2755 433 2827 saciet,
455 2758 565 2817 stultus
582 2773 673 2831 quum
689 2772 814 2817 munere
827 2759 960 2832 gaudeto

129 2840 205 2914 Ipse
220 2854 347 2914 quoque
362 2846 489 2915 accepto
504 2855 631 2900 munere
644 2846 745 2901 mulus
761 2838 826 2901 erit.

89 2921 152 2984 Sed
169 2923 266 2982 semel
280 2929 329 2982 est
344 2929 449 2984 custos
465 2925 590 2999 longum
603 2924 802 2985 redimendus
817 2923 848 2985 in
863 2941 981 2986 aevum.

131 3005 236 3081 Saepe
251 3005 349 3079 dabit,
371 3007 489 3067 dederit
503 3024 580 3082 quas
595 3009 690 3069 semel
707 3008 757 3069 ille
771 3021 902 3069 manus.‘

89 3090 224 3164 Questus
240 3105 339 3164 eram,
362 3091 499 3165 memini,
522 3092 705 3153 metuendos
721 3107 793 3153 esse
807 3093 947 3154 sodales:

30 3180 78 3236 itio
128 3174 198 3234 Non
212 3175 309 3249 tangit
324 3174 409 3234 solos
424 3176 483 3237 ista
498 3177 636 3249 querella
653 3177 746 3237 viros,

89 3257 221 3318 Credula
237 3258 264 3318 si
280 3258 391 3329 iueris,
412 3259 489 3319 aliae
502 3267 554 3319 tua
569 3261 682 3335 gaudia
697 3269 831 3336 carpent,

130 3342 170 3401 Et
184 3342 272 3417 lepus
288 3341 338 3401 hic
353 3341 420 3403 aliis
436 3343 605 3419 exagitatus
622 3344 687 3405 erit.

87 3424 174 3488 Haec
189 3442 328 3502 quoque,
353 3444 431 3501 quae
446 3427 572 3503 praebet
585 3431 696 3490 lectum
709 3428 848 3490 studiosa
859 3430 1022 3507 locumque

49 3606 117 3652 om
130 3509 229 3653 clrede
243 3508 331 3584 mibi,
354 3527 473 3572 mecum
487 3529 547 3572 non
564 3515 660 3574 semel
674 3515 724 3573 illa
738 3514 803 3573 fuit.
832 3608 862 3659 ¹5
