2467 4042
431 303 480 356 111.
499 304 655 355 111182-v
671 305 713 355 34.

554 499 597 573 V.

158 640 252 711 Quam
275 641 371 721 legis,
394 641 473 702 unde
497 641 551 702 tibi
575 643 710 702 mittatur
734 640 882 723 epistula,
906 638 1051 721 quaeris?

202 729 300 809 Hinc,
324 729 375 790 ubi
399 729 543 790 caeruleis
566 732 700 808 iungitur
722 727 824 791 Hister
847 732 949 809 aquis.

158 818 196 879 Ut
219 820 301 897 regio
325 818 403 879 dicta
426 826 494 900 est,
518 836 696 879 succurrere
720 817 809 878 debet
832 827 862 879 et
885 826 1007 899 auctor,

202 905 313 967 Laesus
337 905 373 966 alt
397 908 515 986 ingenio
539 905 616 967 Naso
640 901 728 986 poeta
752 924 823 967 suu.

129 994 216 1066 uQui
237 992 314 1073 tibi,
338 1013 427 1074 quam
450 994 549 1055 mallet
572 1012 713 1073 praesens
737 994 842 1054 alierre
867 994 1010 1075 salutem,

202 1082 293 1144 Mittit
316 1082 352 1144 ab
375 1083 523 1164 hirsutis,
546 1082 672 1144 Maxime
696 1081 803 1163 Cotta,
827 1081 926 1144 Getis.

157 1171 318 1251 Legimus,
341 1189 358 1232 o
382 1173 497 1233 iuvenis
520 1173 609 1251 patrii
632 1190 692 1233 non
716 1171 846 1250 degener
869 1173 949 1251 oris,

201 1260 285 1321 Dicta
308 1259 361 1321 tihi
384 1259 471 1339 pleno
495 1259 585 1320 verba
608 1259 719 1321 diserta
742 1260 824 1321 loro.

159 1347 241 1418 Quae
264 1366 442 1428 quamquam
465 1348 566 1428 lingua
588 1348 661 1409 mihi
684 1358 755 1409 sunt
777 1356 956 1428 properante
979 1368 1034 1429 per

708 1436 796 1496 horas
908 1441 912 1446 ’
1038 1469 1075 1480 ·-

114 1537 145 1586 10
198 1521 289 1584 Lecta
312 1525 383 1584 satis
406 1522 537 1603 multas,
558 1541 652 1603 pauca
676 1523 767 1585 luisse
792 1541 919 1603 queror.

157 1610 246 1672 Plura
270 1610 322 1672 sed
345 1611 419 1672 haec
434 1612 498 1683 ,leci
522 1612 682 1691 relegendo
705 1628 816 1691 saepe3
839 1630 894 1673 nec
918 1629 1059 1692 umquam

202 1698 267 1760 Nou
291 1699 385 1773 mihi,
409 1718 496 1778 quam
520 1702 640 1779 primo,
662 1708 744 1779 grata
768 1701 852 1760 luere
875 1703 985 1779 magis.

158 1788 292 1868 Cumque
316 1787 388 1849 nihil
412 1790 521 1850 totiens
545 1788 620 1849 lecta
644 1806 660 1848 e
684 1788 840 1849 dulcedine
864 1788 1006 1868 perdant,

203 1874 322 1937 Viribus
345 1875 393 1937 illa
417 1878 502 1955 suis,
526 1895 586 1938 non
609 1879 761 1958 novitate,
785 1876 918 1956 placent.

112 1978 143 2027 15
159 1963 296 2044 felices,
319 1964 427 2044 quibus
450 1965 523 2027 haec
546 1968 612 2046 ipso
635 1983 816 2043 cognoscere
839 1968 870 2026 in
894 1974 980 2045 actu,

202 2053 241 2114 Et
263 2060 323 2114 tam
346 2053 473 2114 facundo
498 2056 623 2132 contigit
645 2072 697 2114 ore
721 2052 798 2115 lutri!

156 2141 231 2202 Nam
254 2160 432 2222 quamquam
455 2160 543 2222 sapor
567 2152 612 2202 est
636 2141 729 2203 adlata
752 2141 847 2203 dulcis
870 2144 900 2203 in
924 2143 1020 2223 unda,

202 2229 323 2292 Gratius
347 2248 381 2290 ex
405 2233 471 2310 ipso
494 2231 575 2292 fonte
598 2230 743 2291 bibuntur
767 2248 877 2310 aquae.

158 2317 196 2379 Et
218 2320 311 2398 magis
335 2317 462 2380 adducto
484 2337 605 2399 pomum
629 2319 790 2399 decerpere
814 2336 914 2400 ramo,
1034 2330 1078 2382 (95)

107 2418 142 2468 20
202 2405 297 2478 Quam
321 2407 356 2467 de
381 2406 490 2468 caelata
514 2425 633 2469 sumere
656 2406 739 2469 lance
763 2409 859 2468 iuvat.

156 2495 195 2556 ut
217 2497 275 2556 nisi
298 2513 491 2578 peccassem,
514 2498 572 2557 nisi
595 2503 641 2567 m'e
666 2514 731 2556 mea
754 2493 836 2555 Musa
862 2495 1010 2577 fugasset,

202 2581 288 2654 Quod
310 2583 390 2664 legi,
414 2595 464 2646 tua
486 2603 543 2645 vox
567 2583 751 2645 exhibuisset
773 2602 866 2663 opus.

158 2671 254 2752 thue
278 2672 321 2733 fui
345 2672 467 2754 solitus,
491 2673 635 2734 sedissem
659 2674 783 2734 l'orsitan
807 2691 884 2735 unus

202 2760 244 2822 De
268 2770 388 2824 centum
411 2748 499 2824 iu'dex
522 2764 554 2823 in
579 2774 628 2823 tua
651 2760 741 2823 verba
763 2763 851 2823 viris:

6 2839 9 2876 ³
103 2862 140 2912 25
154 2848 249 2910 Maior
272 2859 303 2911 et
324 2850 477 2930 implesset
499 2851 673 2930 praecordia
696 2860 797 2912 nostra
820 2850 972 2931 voluptas,

201 2937 275 3000 Cum
299 2938 434 3000 traherer
458 2940 544 3001 dictis
562 2932 790 3021 ⁴adnueremque
813 2941 890 3000 tuis.

155 3026 250 3097 Quem
275 3029 413 3105 quoniam
437 3029 530 3090 latum
554 3027 636 3089 vobis
660 3032 813 3109 patriaque
837 3028 949 3088 relictis

202 3112 283 3174 lnter
305 3114 482 3177 inhumanos
506 3115 609 3178 maluit
633 3134 698 3177 esse
722 3115 829 3193 Getas,

156 3201 243 3273 erod
266 3201 358 3284 licet,
381 3214 415 3264 ut
437 3204 538 3264 videar
561 3215 662 3265 tecum
685 3205 778 3282 magis
801 3220 890 3282 esse,
915 3202 1036 3282 legenda

101 3303 140 3353 30
203 3285 319 3370 Saepe,
342 3307 472 3372 precor,
496 3291 585 3352 studii
609 3294 732 3371 pignora
755 3294 840 3351 mitte
864 3294 923 3352 tuit

153 3376 358 3458 Exemploque
382 3396 448 3440 meo
461 3427 470 3461 ,
494 3381 551 3440 nisi
575 3380 743 3458 dedignaris
767 3379 797 3440 id
821 3381 937 3459 ipsum,

199 3466 313 3549 Utere,
336 3466 415 3547 quod
440 3467 525 3529 nobis
548 3470 661 3530 rectius
679 3470 742 3547 ipse
767 3468 870 3529 dares.

153 3557 288 3636 Namque
312 3573 387 3637 ego,
411 3559 462 3636 qui
480 3559 556 3637 perii
579 3560 637 3618 iam
656 3557 791 3638 pridem,
810 3555 956 3638 Maxime,
976 3555 1075 3637 vobis,

199 3645 321 3727 Ingenio
344 3648 424 3708 nitor
447 3664 506 3709 nou
530 3648 655 3727 periisse
678 3663 761 3708 meo.

865 3744 917 3800 12*
