2467 4042
405 271 465 340 Ill,
484 278 641 329 tii-28⁷.
767 292 865 327 aanor
985 273 1027 339 53

120 436 191 516 [Noe
210 440 264 500 nisi
286 438 369 499 finita
391 456 447 518 per
468 438 595 519 plurima
617 438 740 501 vulnera
762 440 821 501 vita

118 526 161 586 ira
182 527 361 607 pharetratae
385 526 482 588 fertur
505 529 609 589 satiata
631 527 738 589 Dianae
749 525 771 606 .]

157 614 265 676 Rumor
285 617 317 677 in
340 613 478 695 ambiguo
502 623 570 678 est:
593 614 658 676 aliis
680 615 838 677 violentior
860 635 955 696 aequo

94 702 180 765 *visa
202 704 253 764 dea
274 711 342 782 est,
364 704 414 765 alii
437 703 556 766 laudant
579 702 756 784 dignamque
780 722 882 766 severa

64 801 104 850 ooo
115 791 281 871 virginitate
303 800 432 854 vocant.
463 810 532 873 pars
554 794 669 853 invenit
689 800 817 871 utraque
841 811 962 855 causas.

115 880 180 941 Sola
202 879 275 957 loris
298 881 429 942 eoniunx
452 899 512 942 nou
535 889 597 942 tarn
620 880 759 961 culpetne
781 881 927 961 probetne

114 968 287 1051 Eloquitur,
309 986 399 1049 quam
422 968 504 1030 elada
527 969 633 1032 domus
657 969 693 1031 ab
712 970 846 1049 Agenore
866 971 971 1032 duome

115 1057 224 1119 Gaudet
235 1104 245 1138 ,
267 1066 298 1119 et
319 1075 338 1119 a
359 1057 449 1138 Tyria
471 1055 763 1140 eolieotum'paeiiee
786 1060 929 1121 transfert

113 1146 283 1225 ingereris
306 1148 403 1209 socios
426 1146 549 1209 odium.
577 1145 659 1208 subit
681 1165 751 1209 eece
773 1148 867 1227 priori

64 1243 102 1293 teo
114 1234 203 1296 Causa
224 1251 354 1317 reeens,
375 1234 584 1315 gravidamque
607 1234 688 1296 dolet
710 1235 746 1296 de
770 1237 883 1297 semine
905 1238 1003 1314 magni

112 1321 182 1384 base
203 1321 280 1384 lovis
298 1322 459 1385 Semelen.
486 1325 557 1385 dum
580 1324 710 1404 lingnam
733 1323 769 1384 ad
787 1326 883 1403 iurgia
905 1324 1009 1405 solvit,

113 1406 236 1473 'Proieci
259 1410 332 1491 quid
355 1414 434 1473 enim
457 1416 567 1474 totiens
589 1431 644 1491 per
667 1408 804 1491 iurgiai'
828 1412 902 1473 dixit

113 1496 187 1579 ‘ipsa
207 1499 336 1580 petenda
359 1500 432 1561 mibi
454 1511 523 1562 est:
545 1503 662 1583 ipsam,
685 1503 711 1562 si
733 1503 859 1562 maxima
881 1501 955 1561 luno

113 1587 175 1650 llite
199 1605 312 1671 vocor,
333 1588 479 1671 perdam,
502 1590 528 1651 si
551 1607 598 1651 me
622 1591 800 1669 gemmantia
818 1588 921 1650 dextra

69 1677 234 1757 oosoepoa
256 1684 362 1738 tenere
385 1676 493 1759 decet,
516 1679 632 1739 slsum
655 1680 758 1758 regina
780 1678 916 1757 Iovisque

113 1763 147 1826 lit
158 1783 244 1826 soror
258 1772 291 1827 et
303 1767 456 1847 coniunx,
479 1775 561 1828 certe
575 1784 683 1827 soror.
706 1776 758 1848 at,
775 1774 849 1846 puto
863 1814 872 1848 ,
889 1766 971 1828 furto
986 1775 1032 1827 est

114 1852 254 1916 Contenta
278 1861 309 1915 et
330 1853 451 1916 thalami
472 1854 572 1916 brevis
595 1864 642 1916 est
663 1856 772 1916 iniuria
795 1857 907 1916 nostri.

114 1939 267 2022 Concipit!
289 1941 320 2003 id
343 1941 466 2005 deerati
489 1944 704 2023 manifestaque
727 1946 851 2005 erimina
873 1943 960 2022 pleno

113 2029 177 2092 lert
196 2038 285 2092 utero
309 2039 340 2092 et
361 2040 457 2093 mater
469 2079 478 2113 ,
502 2032 581 2111 quod
604 2035 653 2094 vix
675 2031 748 2093 mibi
770 2034 918 2113 contigit,
941 2048 1000 2091 uno

71 2118 150 2179 nobe
171 2119 241 2180 love
260 2118 325 2180 vult
346 2120 434 2182 deri.
463 2119 556 2198 [tauta
580 2129 627 2182 est
648 2119 756 2182 fiducia
779 2116 924 2198 formae]

114 2205 199 2269 Fallat
222 2225 290 2268 eam
307 2208 396 2271 laxo:
419 2226 475 2269 neo
499 2227 566 2272 sum
589 2208 750 2291 Saturnia,
774 2211 799 2270 si
817 2226 877 2269 nou

115 2294 151 2356 lb
173 2295 244 2357 love
269 2314 367 2357 mersa
389 2315 444 2372 suo
468 2296 584 2378 Stygias
606 2297 776 2377 penetrabit
799 2298 835 2358 ad
858 2291 979 2358 undas?

115 2383 212 2465 Surgit
233 2383 273 2445 ab
295 2384 342 2445 bis
364 2385 462 2468 solio,
484 2385 622 2466 fulvaque
645 2385 798 2448 recondita
821 2384 900 2446 nube

114 2470 212 2534 Limen
235 2471 299 2534 adit
321 2472 475 2535 Semeles.
503 2492 560 2535 nee
583 2474 679 2535 nubes
701 2483 769 2536 ante
792 2475 935 2554 removit,

73 2560 205 2632 boboam
228 2560 380 2623 simulavit
401 2580 513 2645 anum,
535 2565 695 2643 posuitque
719 2561 755 2623 ad
778 2570 912 2642 tempora
927 2579 1034 2642 canos,

115 2648 301 2729 Suleaviique
324 2659 423 2712 eutem
441 2653 545 2733 rugis,
569 2661 600 2714 et
623 2669 713 2713 curva
734 2652 875 2712 trementi
925 2663 947 2703 t·
962 2661 1033 2703 uda·

115 2735 240 2799 llembra
263 2737 333 2800 tulit
354 2756 466 2821 passu3
489 2757 593 2801 voeem
616 2758 735 2819 quoque
759 2741 830 2801 leoit
852 2737 976 2818 anilem,

114 2824 233 2907 ipsaque
258 2834 324 2887 erat
345 2826 463 2910 Beroe,
487 2828 618 2890 Semeles
641 2827 801 2908 Epidauria
819 2830 936 2889 nutrix.

114 2911 184 2994 llrgo
209 2914 265 2976 ubi
288 2923 402 2995 captato
427 2934 564 2978 sermone
588 2911 699 2996 diuque
721 2916 869 2996 loquendo

74 3002 151 3063 ooli
172 3021 287 3065 nomeu
309 3022 417 3066 venere
440 3004 541 3087 lovis,
564 3007 695 3085 suspirat
717 3014 749 3068 et
771 3001 871 3086 ‘opto,

115 3088 242 3171 luppiter
266 3100 301 3153 ut
324 3094 364 3153 sit
376 3088 396 3174 ‚'
420 3095 461 3155 alt
483 3089 596 3156 ‘metuo
620 3102 719 3155 tamen
743 3095 858 3154 omnia.
882 3090 968 3153 multi

115 3176 233 3242 Nomine
258 3179 395 3260 dirorum
417 3180 560 3243 thalamos
582 3184 679 3244 iniere
701 3182 844 3262 pudicos.

115 3265 168 3330 ileo
191 3276 297 3330 tamen
319 3287 385 3331 esse
408 3270 508 3332 lovem
528 3273 603 3332 ¹satis
627 3280 696 3333 est:
718 3271 769 3332 det
786 3273 895 3350 pignus
909 3268 1035 3348 amoris,

116 3353 252 3419 Simodo
277 3375 367 3419 verus
388 3360 415 3419 is
438 3368 507 3421 est:
530 3368 718 3439 quantusque
743 3368 773 3420 et
800 3357 894 3437 qualis
918 3356 954 3417 ab
978 3355 1035 3416 aita

75 3441 223 3507 solmone
246 3447 417 3529 excipitur,
440 3455 541 3510 tantus
563 3448 713 3530 talisque,
735 3455 856 3528 rogato,

115 3528 162 3594 liet
183 3532 242 3595 tibi
265 3534 460 3617 complexus,
483 3554 595 3615 suaque
620 3544 688 3597 aute
710 3536 837 3613 iusignia
860 3540 957 3595 sumat
966 3528 984 3593 .’

115 3618 229 3684 Talibus
251 3624 385 3704 ignaram
408 3622 482 3685 luno
506 3624 663 3685 Cadmeida
686 3624 774 3696 dietis
