2467 4042
487 425 595 499 'vlt

141 568 241 648 Siquis
264 566 355 630 babes
379 569 490 629 nostris
514 566 626 628 similes
648 569 680 628 in
702 569 830 645 imagine
853 567 971 647 vultus,

140 655 232 717 Deme
255 659 330 717 meis
352 656 501 735 hederas,
524 653 669 716 Bacchica
691 664 793 735 serta,
821 658 931 717 comis.

140 744 200 806 lsta
223 743 331 805 decent
353 742 446 805 laetos
469 743 565 805 felicia
588 745 672 823 signa
694 750 815 822 poetas:
891 748 894 752 ’

142 832 339 913 Temporibus
363 850 423 893 non
447 840 493 893 est
516 838 584 911 apta
607 849 718 893 corona
740 834 831 893 meis.

110 920 204 982 olloc
227 920 283 982 tibi
306 919 482 1001 dissimula,
505 922 582 981 senti
605 927 726 998 tamen,
751 922 883 999 optime,
906 919 982 1002 dici,

141 1009 175 1070 ln
198 1009 289 1088 digito
313 1010 365 1088 qui
388 1026 436 1069 me
459 1009 581 1087 fersque
604 1009 760 1087 refersque
784 1016 853 1088 tuo,

140 1097 337 1177 Effigiemque
361 1115 456 1157 meam
479 1095 560 1157 fuluo
583 1095 755 1174 complexus
778 1098 810 1157 in
832 1113 905 1157 auro
950 1103 952 1108 '

142 1185 217 1247 Cara
239 1185 384 1267 relegati,
408 1202 484 1264 quae
507 1192 615 1265 potes,
639 1202 691 1244 ora
714 1184 812 1245 vides.

143 1272 225 1344 Quae
249 1276 387 1353 quotiens
410 1281 551 1353 spectas,
574 1271 679 1333 subeat
702 1271 756 1333 tihi
779 1271 879 1333 dicere
902 1273 1002 1335 forsan

97 1374 130 1423 10
145 1358 252 1431 ‘Quam
274 1360 380 1439 procul
403 1379 419 1422 a
442 1360 528 1421 nobis
551 1358 631 1421 Naso
650 1359 758 1421 sodalis
781 1359 865 1421 abest
873 1355 892 1422 l'

144 1448 233 1510 Grata
256 1455 307 1509 tua
329 1457 376 1509 cst
397 1451 515 1527 pietas.
556 1449 608 1510 sed
634 1450 763 1509 carmina
786 1451 880 1509 maior
902 1451 998 1529 imago

145 1536 222 1598 Sunt
244 1554 332 1617 mea,
355 1554 431 1615 quae
454 1536 561 1597 mando
586 1536 811 1619 qualiacumque
825 1536 932 1619 legas,

144 1625 280 1687 Carmina
304 1633 431 1686 mutatas
454 1625 607 1686 hominum
632 1624 760 1686 dicentia
782 1625 910 1708 formas,

144 1713 250 1774 lnfelix
273 1713 386 1774 domini
408 1712 487 1792 quod
511 1714 579 1792 fuga
602 1715 686 1792 rupit
707 1730 799 1792 opus.

97 1814 129 1863 15
145 1801 224 1862 Haec
247 1819 302 1880 ego
325 1800 504 1882 discedens,
527 1802 606 1863 sicut
628 1799 704 1862 bene
728 1801 820 1862 multa
843 1819 995 1885 meorum,

145 1889 212 1969 lpse
231 1907 296 1951 mea
319 1891 406 1968 posui
428 1897 559 1950 maestus
582 1891 613 1950 in
637 1891 706 1968 igne
729 1895 836 1951 manu.

145 1977 243 2056 thue
266 1994 414 2039 cremasse
438 1996 526 2040 suum
549 1978 646 2039 fertur
669 1976 725 2038 sub
751 1980 851 2057 stipite
874 1985 977 2041 natum

144 2065 281 2128 Thestias
304 2073 335 2127 et
358 2066 462 2128 melior
485 2073 579 2127 matre
602 2065 696 2127 fuisse
719 2084 822 2148 soror,
929 2137 934 2144 ⁴

146 2154 195 2215 Sic
219 2171 274 2232 ego
297 2172 358 2215 non
381 2157 504 2215 meritos
527 2171 646 2214 mecum
668 2157 801 2234 peritura
823 2154 938 2216 libellos

97 2255 131 2303 20
154 2241 286 2322 Imposui
308 2242 420 2320 rapidis
443 2244 557 2303 viscera
579 2250 682 2303 nostra
704 2245 803 2320 rogis:
899 2249 900 2252 ’

145 2328 198 2390 Vel
222 2330 300 2410 quod
324 2348 405 2391 eram
428 2330 549 2412 Musas,
573 2337 608 2392 ut
630 2333 754 2392 crimina
777 2338 901 2413 nostra,
923 2348 1068 2414 perosus,

146 2416 199 2478 Vel
222 2417 300 2498 quod
324 2418 420 2479 adbuc
444 2436 582 2480 crescens
606 2425 636 2479 et
659 2419 734 2480 rude
758 2436 877 2479 carmen
901 2427 984 2482 erat.

147 2504 229 2577 Quae
244 2507 383 2586 qnoniam
397 2523 457 2567 non
471 2515 541 2568 sunt
554 2509 675 2586 penitus
690 2506 819 2589 sublata,
834 2507 885 2568 sed
901 2515 1016 2585 extant,
1027 2541 1064 2553 -

147 2593 286 2656 Pluribus
310 2594 452 2676 exemplis
475 2597 587 2675 scripta
610 2596 703 2657 fuisse
726 2613 796 2657 reor
817 2629 854 2640 -

98 2694 132 2744 25
146 2682 232 2745 Nunc
255 2700 364 2762 precor
376 2731 385 2766 ,
409 2691 442 2745 ut
464 2686 563 2745 vivant
587 2691 617 2746 et
639 2702 700 2745 non
722 2687 826 2765 ignava
849 2684 996 2763 legentem

146 2771 214 2834 Otia
235 2771 385 2835 delectent
406 2771 643 2852 admoneantque
666 2776 742 2836 mei.

146 2859 208 2922 Nec
231 2867 331 2923 tamen
353 2860 403 2922 illa
425 2860 484 2939 legi
505 2868 648 2941 poterunt
670 2864 817 2940 patienter
841 2860 876 2922 ab
899 2861 978 2940 ullo,

146 2947 268 3010 Nesciet
290 2949 337 3009 his
361 2966 506 3009 summam
529 2950 624 3027 siquis
648 2948 751 3009 abesse
775 2965 913 3010 manum.

146 3034 284 3096 Ablatnm
307 3034 413 3096 mediis
436 3053 511 3115 opus
534 3045 581 3097 est
602 3035 762 3097 incudibus
785 3034 876 3114 illud,
952 3105 954 3109 Α

98 3134 133 3184 30
147 3121 248 3184 Defuit
271 3131 302 3183 et
324 3125 444 3203 scriptis
467 3123 570 3184 ultima
592 3122 662 3183 lima
685 3126 776 3183 meis.

147 3210 186 3272 Et
208 3213 324 3272 veniam
346 3228 401 3290 pro
420 3210 506 3272 laude
528 3219 621 3291 peto,
644 3210 779 3272 laudatus
804 3208 939 3290 abunde,

147 3298 213 3362 Non
237 3299 385 3361 fastiditus
408 3301 435 3361 si
457 3298 534 3380 tibi,
556 3299 673 3381 lector,
697 3318 767 3361 ero.

147 3388 209 3450 Hos
233 3406 353 3468 quoque
377 3405 429 3448 sex
453 3406 579 3471 versus,
602 3390 633 3448 in
657 3391 746 3467 primi
768 3389 867 3448 fronte
889 3383 980 3445 libelli

148 3477 181 3539 Si
203 3476 429 3557 praeponendos
453 3494 520 3538 esse
543 3475 683 3559 putabis,
706 3476 816 3561 habea,

98 3577 133 3627 35
149 3562 242 3627 ‘Orba
264 3574 389 3647 parente
412 3584 466 3627 suo
490 3568 671 3646 quicumque
697 3562 843 3627 volumina
867 3561 979 3640 tangis,
