2467 4042
164 221 204 286 ro
300 170 305 174 ¹
549 219 797 306 ⁴altramnus.

206 383 241 439 io
292 375 331 436 Et
342 389 411 434 mea
426 389 494 433 curn
509 373 612 433 multis
630 373 731 433 iuncta
747 375 873 448 querela
888 374 975 436 leret.

247 459 325 535 putu
342 458 480 533 timeam,
502 458 623 533 ignoro.
645 458 738 518 timeo
753 464 855 519 tamen
870 459 972 520 omnia
987 461 1154 534 demens,

287 543 326 603 Et
340 548 424 619 patet
437 542 468 601 ln
483 557 574 603 curas
589 556 663 600 area
680 542 740 601 lata
755 557 850 602 meas.
1140 552 1145 559 ·

248 628 464 703 Quaecumque
474 641 591 701 aequor
602 624 703 698 habet,
713 641 927 702 quaecumque
937 628 1077 704 pericula
1091 631 1221 702 tellus,

288 713 362 773 'lam
376 712 489 788 longae
504 724 616 770 causas
633 710 777 785 suspicor
790 726 863 773 esse
876 726 991 773 morae.

206 803 239 860 lb
250 797 334 856 llaec
348 810 407 870 ego
422 794 494 853 dum
512 794 603 854 stulte
615 800 732 867 metuo,
753 810 835 869 quae
850 801 954 856 vestra
967 795 1062 859 libido
1078 805 1159 871 est,

288 879 368 940 llsse
385 877 548 954 peregrino
565 886 675 953 captus
690 894 795 939 amore
811 886 911 955 potae.

246 963 387 1026 Forsitan
402 968 433 1022 et
446 977 569 1037 narres,
592 978 685 1037 quam
699 961 740 1022 sit
754 961 810 1023 tibi
823 963 937 1024 rustica
952 964 1102 1039 coniunx,

290 1047 374 1123 Quae
388 1051 503 1107 tautum
518 1047 605 1106 lanas
621 1061 683 1106 non
698 1047 778 1106 sinat
795 1061 867 1108 esse
882 1047 987 1108 rudes.

245 1132 360 1207 Fallar,
381 1137 412 1191 et
425 1130 486 1190 hoc
501 1129 615 1190 crimen
626 1136 738 1191 tenues
752 1138 900 1193 vanescat
914 1131 944 1193 in
960 1147 1061 1206 auras,

203 1225 240 1280 80
291 1215 391 1289 Neve,
413 1212 589 1275 revertendi
603 1213 695 1286 liber,
719 1215 832 1275 abesse
848 1216 940 1277 velist

247 1299 296 1361 llle
311 1305 398 1377 pater
412 1297 527 1358 loarius
544 1298 637 1358 viduo
651 1299 813 1359 discedere
828 1299 907 1360 lecto

290 1383 392 1459 cogit,
414 1389 445 1443 et
459 1381 617 1442 inmensas
634 1383 774 1458 increpat
787 1399 890 1458 usque
905 1399 1016 1445 moras.

246 1470 387 1543 Increpet
400 1482 501 1541 usque
515 1466 594 1526 lieet.
626 1466 691 1527 Tua
703 1483 786 1540 sum,
810 1474 863 1528 tua
878 1467 964 1527 dicar
979 1473 1111 1544 eponae

288 1552 444 1628 Penelope
461 1549 597 1611 coniunx
612 1565 736 1626 semper
748 1549 848 1612 Ulixis
864 1566 928 1612 ero.

203 1645 238 1700 85
250 1638 304 1697 llle
317 1642 419 1696 tamen
434 1634 548 1710 pietate
562 1650 631 1694 mea
648 1633 856 1710 precibusque
869 1635 991 1711 pudicis

287 1720 462 1795 Frangitur,
484 1724 515 1778 et
529 1719 610 1779 vires
626 1724 775 1794 temperat
788 1720 859 1795 ipse
872 1736 956 1780 suas.

246 1804 376 1866 Dulichii
391 1801 549 1877 Samiique
563 1809 594 1863 et
610 1819 689 1878 quos
706 1803 772 1864 tulit
786 1804 847 1863 alta
860 1803 1045 1883 Zacynthos,

287 1887 387 1948 Turba
401 1894 492 1949 ruunt
506 1887 538 1947 in
552 1903 600 1945 me
614 1888 775 1967 luxuriosa
789 1887 891 1963 proci:

245 1976 343 2050 lnque
357 1979 410 2034 tua
424 1978 568 2047 regnant,
594 1971 684 2031 nullis
704 1971 951 2047 prohibentibus,
974 1973 1060 2032 aule:

203 2067 260 2121 90·
290 2059 421 2118 Viscera
440 2063 561 2131 nostra,
584 2062 655 2116 tuae
670 2055 876 2116 dilacerantur
890 2072 979 2132 opes.

247 2141 325 2217 Quid
341 2139 395 2202 tibi
407 2140 590 2200 Pisandrum
606 2139 820 2217 Polybumque
835 2140 1042 2216 Medontaque
1058 2140 1158 2201 dirum

288 2224 538 2305 Eurymachique
555 2224 664 2284 avidas
680 2222 869 2302 Antinoique
881 2241 990 2286 manus

246 2312 350 2387 Atque
364 2310 442 2370 alios
457 2308 605 2383 referam,
628 2324 707 2384 quos
724 2308 824 2368 omnis
840 2309 968 2384 turpiter
982 2310 1097 2372 absens

287 2395 360 2471 lpse
373 2400 427 2454 tuo
443 2393 539 2469 partis
553 2393 704 2468 sauguine
718 2392 813 2452 rebus
829 2393 909 2453 alist

203 2488 238 2544 ab
248 2479 315 2541 lrus
330 2493 427 2554 egens
443 2477 629 2554 pecorisque
644 2476 827 2538 Melanthius
843 2483 928 2540 actor
943 2477 1056 2538 edendi

288 2561 418 2626 Ultimus
434 2562 584 2622 accedunt
599 2561 629 2621 in
644 2568 696 2621 tua
710 2560 822 2621 damna
836 2561 945 2636 pudor.

245 2648 320 2709 Tres
336 2663 443 2708 sumus
459 2644 588 2706 inbelles
602 2659 746 2720 numero,
769 2644 836 2704 sine
852 2642 969 2705 viribus
984 2661 1071 2719 uxor,

289 2732 478 2806 Laertesque
490 2744 601 2803 senex,
619 2727 883 2804 Telemachusque
892 2744 978 2804 puer.

246 2817 301 2878 ille
317 2832 373 2891 per
389 2814 519 2876 insidias
535 2828 634 2890 paene
649 2820 697 2873 est
711 2813 783 2872 mihi
797 2828 898 2889 nuper
911 2814 1084 2889 ademptus,

185 2913 236 2965 100
287 2902 366 2962 Dum
380 2905 469 2976 parat
483 2898 586 2958 invitis
601 2896 743 2959 omnibus
758 2898 803 2958 ire
815 2897 924 2977 Pylon.

132 2976 139 2984 ’
247 2985 301 3060 Di,
325 2999 450 3061 precor,
473 2983 533 3043 hoc
546 2981 686 3057 iubeant,
709 2990 741 3043 ut
754 2980 896 3043 euntibus
916 2981 1023 3042 ordine
1037 2982 1108 3043 latis

186 3112 189 3117 -
290 3069 344 3129 llle
360 3084 447 3129 meos
463 3067 572 3128 oculos
590 3065 776 3143 conprimat,
800 3067 850 3126 ille
864 3072 943 3127 tuos.
1052 3128 1054 3133 ,

247 3153 325 3213 Hine
341 3152 456 3214 iaciunt
471 3158 641 3226 custosque
654 3150 747 3212 boum
765 3153 979 3227 longaevaque
998 3149 1106 3221 nutrix,
1126 3187 1133 3196 ·

289 3236 408 3298 Tertius
427 3236 591 3297 inmundae
609 3251 682 3296 cura
698 3234 799 3296 fidelis
813 3235 918 3294 harae.

187 3333 236 3385 lob
247 3320 311 3383 Sed
326 3336 428 3396 neque
441 3321 583 3394 Laertes,
606 3318 704 3396 utqui
719 3319 758 3380 sit
773 3316 886 3379 inutilis
903 3318 1004 3391 armis,

291 3403 440 3465 Hostibus
455 3405 486 3464 in
501 3404 611 3466 mediis
627 3420 723 3486 regna
736 3411 841 3465 tenere
855 3408 967 3479 potest.

250 3488 431 3552 Telemacho
450 3488 566 3562 veniet,
588 3488 672 3550 vivat
687 3491 794 3558 modo,
816 3487 922 3549 lortior
940 3494 1038 3548 aetasr
