2467 4042
169 235 232 299 238
548 233 715 295 REMED.
739 234 817 294 ΑΜ.

252 385 297 445 Tu
313 383 400 457 mihi,
425 383 478 460 qul
493 383 692 457 0001101000,
715 398 808 459 aegre
820 383 957 446 dediscis
970 402 1084 463 amare,

296 470 359 529 Nec
372 475 478 542 potes,
502 473 533 527 et
546 468 642 528 velles
659 482 770 542 posse,
794 468 955 530 docendus
969 470 1044 531 eris.

256 552 357 628 Saepe
371 551 453 611 00100
466 557 566 611 tecum
580 550 749 612 sceleratae
762 552 843 611 lacta
857 554 987 627 puellae,

191 648 243 701 300
293 637 331 697 Et
345 650 426 711 pone
439 640 510 694 ante
526 636 634 695 oculos
652 635 754 695 omnia
768 636 880 696 damna
893 643 974 698 tuos.

255 720 344 780 ‘Illud
359 723 390 778 01
402 718 475 778 illud
489 716 596 792 habet,
617 734 676 779 nec
691 734 729 779 ea
744 725 887 779 contenta
900 722 1008 797 rapina
1021 728 1085 782 esta

297 802 361 865 Sub
377 802 494 863 titulum
508 809 633 862 nostros
647 802 729 862 misit
741 818 836 862 avara
849 805 940 863 lares.

255 887 306 948 Sic
320 885 392 947 mihi
407 886 530 959 iuravit,
550 886 595 945 sic
609 901 659 946 me
673 886 772 946 iurata
786 887 900 947 fefellit.

295 974 376 1031 Ante
389 985 463 1030 suas
480 970 622 1044 quotiens
637 986 732 1045 passa
747 970 962 1030 laceratores!

190 1065 242 1120 300
252 1055 355 1131 Diligit
370 1053 440 1130 ipsa
454 1054 542 1114 alios.
565 1069 647 1113 ame
661 1053 777 1113 fastidit
791 1055 895 1114 amari.

295 1136 433 1212 Institor,
455 1137 530 1208 hen,
553 1143 676 1209 noctes,
699 1153 778 1213 quas
791 1135 865 1197 mihi
880 1153 941 1197 non
957 1138 1024 1212 dat,
1046 1139 1176 1201 habett’

253 1223 336 1283 Haec
350 1222 403 1282 tibi
418 1237 474 1298 per
487 1228 569 1281 totos
583 1221 760 1281 inacescant
773 1221 875 1281 omnia
889 1236 1018 1283 sensus:

296 1308 380 1368 Haec
396 1298 490 1379 refer,
510 1305 581 1364 hinc
596 1304 660 1364 odii
674 1305 792 1365 semina
809 1320 923 1380 quaere
940 1306 992 1366 toi.

253 1393 355 1465 Atque
368 1389 480 1448 utinam
496 1388 601 1463 possis
619 1388 710 1449 etiam
723 1389 874 1450 facundus
889 1389 992 1450 inillis

190 1483 243 1538 310
294 1474 389 1534 Esset
411 1473 482 1534 dole
496 1479 627 1544 1001000,
651 1479 762 1547 000010
779 1473 911 1533 disertus
925 1473 997 1534 eris.

252 1559 402 1619 Haeserat
415 1556 446 1616 in
461 1556 593 1632 quadam
608 1572 707 1633 nuper
720 1573 789 1616 mea
807 1572 881 1617 cura
896 1557 1011 1631 puella=

297 1640 489 1702 Conveniens
503 1640 605 1701 animo
621 1655 682 1699 non
697 1647 762 1699 erat
775 1640 826 1700 1110
840 1654 925 1699 meos

255 1725 389 1787 Curabar
402 1723 535 1800 propriis
552 1739 645 1798 aeger
656 1723 826 1784 Podalirius
843 1722 955 1797 herbis,

296 1811 347 1885 111,
369 1810 480 1881 101000,
502 1808 641 1868 medicus
655 1806 782 1881 turpiter
795 1822 888 1881 aeger
902 1822 996 1867 00000.

190 1903 240 1957 310
250 1893 364 1954 Profuit
379 1891 509 1952 adsidue
527 1891 607 1952 vitiis
624 1891 766 1951 insistere
780 1891 905 1961 amicae,

295 1978 392 2053 quue
406 1976 478 2036 mihi
493 1976 603 2035 iactum
619 1990 714 2050 saepe
731 1972 853 2034 salubre
869 1973 940 2033 luit:

254 2061 361 2136 ‘Quam
375 2060 467 2120 mala’
482 2058 622 2118 dicebam
638 2062 774 2118 ‘nostrae
789 2064 860 2117 sunt
877 2072 966 2118 crura
980 2058 1130 2133 puellaet’

295 2146 358 2205 Nec
372 2151 487 2218 tamen,
509 2149 542 2203 ut
554 2158 629 2202 vere
643 2142 855 2215 confiteamur,
877 2148 973 2201 erant.

254 2225 395 2290 ‘Brachia
409 2243 502 2302 quam
517 2243 576 2286 non
592 2233 664 2286 sunt
677 2231 800 2285 nostrae
816 2226 951 2285 formosa
965 2226 1087 2301 puellae
1094 2228 1114 2283 t’

191 2322 241 2376 300
292 2313 457 2385 13110000,
478 2317 512 2371 ot
527 2326 599 2370 vere
614 2311 826 2383 confiteamur,
847 2317 944 2370 erant
1091 2308 1193 2386 [temt’

254 2397 362 2472 ‘Quam
373 2394 561 2455 brevisestt’
576 2401 714 2454 necerat.
736 2396 973 2468 ε(0000001100
981 2393 1191 2468 poscitaman·

295 2481 379 2539 Haec
393 2479 465 2539 odio
480 2478 565 2539 venit
576 2479 708 2538 maxima
723 2494 818 2538 causa
831 2492 910 2536 meo.
955 2547 962 2558 .

252 2565 290 2625 Et
304 2564 384 2623 mala
398 2571 468 2623 sunt
481 2563 582 2623 vicina
598 2561 696 2621 bonis.
719 2577 823 2621 errore
839 2560 896 2621 sub
913 2562 975 2622 1110Ι

294 2647 353 2708 Pro
368 2646 441 2708 01110
455 2646 551 2707 010100
567 2646 693 2705 crimina
706 2661 801 2720 saepe
815 2645 891 2706 tulit.

191 2743 240 2796 325
253 2736 317 2807 Qua
332 2741 437 2807 potes,
459 2731 488 2791 in
505 2731 593 2805 peius
609 2730 697 2789 dotes
712 2728 843 2791 deflecte
858 2730 986 2804 puellae,

294 2816 503 2890 Iudiciumque
518 2814 604 2874 brevi
621 2813 714 2874 limite
729 2814 799 2873 10110
812 2820 906 2873 tuum.

253 2900 398 2975 Turgida,
421 2899 448 2959 01
465 2899 557 2975 plena
572 2906 634 2972 est,
659 2897 686 2957 si
701 2898 787 2956 lusca
803 2905 864 2971 est,
885 2897 972 2972 nigra
987 2902 1126 2957 vocetur=

294 2986 327 3044 10
342 2983 446 3060 gracili
459 2982 573 3042 macies
588 2982 701 3041 crimen
718 2980 832 3040 habere
847 2986 957 3055 potest.

251 3069 288 3129 Et
303 3067 413 3144 poterit
426 3066 486 3127 dici
499 3066 656 3141 petulans,
679 3080 758 3140 quae
773 3065 887 3125 rustica
900 3081 961 3123 non
976 3070 1038 3123 est:

192 3162 241 3215 000
292 3152 330 3212 Et
343 3149 454 3227 poterit
468 3150 528 3210 (1101
541 3149 670 3220 rustica,
694 3148 785 3223 siqua
799 3148 896 3222 proba
911 3154 968 3207 est.

252 3235 328 3312 Quin
343 3236 448 3306 etiarn,
472 3248 666 3308 quacumque
681 3239 764 3292 caret
778 3240 830 3293 tua
844 3232 957 3291 femina
971 3230 1053 3302 dote,

294 3320 380 3380 Hanc
395 3323 531 3390 moveat,
555 3316 675 3377 blandis
690 3331 790 3390 usqua
805 3330 932 3390 precare
948 3313 1043 3374 sonis.

252 3404 349 3479 Exige
364 3402 449 3479 quod
463 3406 578 3474 cantet,
600 3399 690 3473 siqua
704 3398 833 3460 estsine
847 3413 927 3459 voca
941 3399 1057 3473 puella:

294 3486 355 3547 Fac
371 3488 472 3558 saltet,
495 3485 593 3544 nescit
607 3483 697 3559 siqua
711 3498 836 3543 movere
851 3498 984 3542 manum.
