2467 4042
197 229 264 299 2⁴10
360 248 510 286 rannerus
611 210 792 285 intumi

286 395 466 476 Contingent
487 393 576 456 lletus
597 395 833 475 peregrinaeque
854 395 979 460 haustus
1001 398 1147 460 harenae.

286 484 392 547 Omnia
412 482 618 565 perdidimus:
641 491 800 565 superest,
822 502 878 546 eur
899 486 999 547 visere
1020 494 1140 568 tempus

286 573 321 635 ln
342 572 432 634 hrere
456 573 641 653 sustineam,
663 569 763 651 proles
783 574 951 652 gratissime
971 576 1080 656 matri,

285 660 372 724 Nune
393 659 498 741 solus,
520 658 670 739 quondam
691 662 832 722 minimus
855 659 893 723 de
914 664 1009 742 stirpe
1031 663 1129 746 virili,

221 760 273 813 tto
286 747 347 811 Has
364 749 451 811 datus
473 747 597 811 Ismario
618 750 684 829 regi
705 747 870 828 Polydorus
892 751 924 812 in
947 768 1033 812 oras.

287 836 365 909 Quid
387 854 489 899 moror
511 838 626 900 interea
648 836 780 899 crudelia
802 836 924 900 vulnera
946 837 1077 919 lymphis

286 925 414 989 dhluere
436 933 469 987 et
490 943 610 1006 sparsos
632 925 730 986 inmiti
752 928 897 1006 sauguine
918 922 1058 990 vultus?
1083 968 1090 983 .

286 1014 387 1098 iiixtt,
409 1022 441 1076 et
461 1014 497 1075 ad
520 1014 592 1076 litus
613 1016 874 1095 passu'proeessit
894 1014 982 1098 anili,

286 1103 427 1166 libentes
449 1103 577 1165 lacerata
599 1119 720 1164 eomas.
748 1098 851 1185 ‘date,
872 1102 1028 1186 Troades,
1050 1098 1165 1165 urnam’

222 1202 273 1255 tat
287 1191 409 1253 Dixerat
430 1191 553 1272 infelix,
575 1190 703 1270 liquidas
724 1191 860 1253 hauriret
880 1199 916 1253 ut
937 1192 1051 1254 undas:

287 1279 402 1360 Aspicit
423 1282 552 1341 electum
572 1279 712 1359 Polydori
733 1281 765 1340 in
787 1279 875 1345 litore
899 1297 1027 1362 terpus,

288 1369 435 1449 Factaque
457 1367 604 1429 Threiciis
626 1369 758 1447 ingentia
779 1367 902 1429 vulnera
923 1366 1009 1430 mlis.

287 1457 419 1520 Troades
441 1455 625 1519 exclamant.
652 1454 802 1518 obmutuit
822 1455 872 1518 illa
894 1455 1014 1539 (idere,

287 1545 327 1608 Et
346 1548 459 1627 pariter
481 1562 570 1606 rores
592 1544 788 1624 lacrimasque
809 1546 960 1606 introrsus
981 1544 1103 1608 obortas

222 1646 274 1699 tto
288 1633 416 1697 Devorat
436 1635 500 1714 lpse
524 1631 631 1695 dolore
652 1632 960 1712 duroquesindlllma
982 1651 1053 1696 saxo

288 1723 421 1804 impet,
444 1729 476 1783 et
497 1719 620 1798 aduersa
641 1721 706 1800 tigit
727 1720 815 1781 mode
836 1720 949 1782 lumina
971 1729 1072 1805 terra,

287 1810 442 1873 Interdum
463 1817 564 1872 torvos
586 1809 718 1872 sustollit
738 1808 776 1870 ad
798 1806 918 1870 aethera
939 1809 1058 1891 vultis,

288 1899 375 1961 Nune
396 1899 487 1978 positi
509 1904 625 1978 spectat
646 1897 761 1960 vultum
772 1943 782 1977 ,
806 1913 887 1959 sune
908 1897 1032 1958 vulnera
1052 1901 1130 1981 nati,
1231 1972 1232 1975 Ἴ

287 1986 416 2049 Vulnera
438 1988 621 2067 praeeipue3
643 2002 735 2065 seque
757 1993 853 2046 armat
874 1993 906 2046 et
926 1986 1051 2047 insuerit
1072 1988 1129 2047 ira.

222 2086 274 2138 ott
288 2076 354 2148 Qua
375 2075 464 2136 simul
486 2076 616 2155 exusit,
637 2082 788 2153 tamquam
810 2075 912 2153 regina
934 2082 1086 2156 maneret,

288 2163 399 2226 Uloisei
421 2164 525 2225 statuit
545 2179 719 2243 poenaeqm
741 2164 774 2223 in
796 2163 923 2241 imagine
945 2169 1008 2224 tota
1031 2170 1093 2224 est.

290 2252 387 2332 thue
409 2252 483 2313 luxit
504 2250 602 2313 catulo
625 2251 753 2312 laeteute
775 2248 878 2310 orbata
899 2249 1019 2331 leaena,

290 2341 439 2422 Signaque
461 2346 547 2401 nacta
568 2339 679 2419 pedum
702 2339 838 2417 sequitur
849 2384 860 2418 ,
882 2354 971 2418 mem
993 2354 1055 2400 non
1077 2339 1162 2420 videt,

409 2449 416 2456 ·
1075 2427 1187 2506 hostem,

288 2516 355 2596 [Sle
377 2516 500 2579 lleeuha
511 2563 521 2599 ,
542 2523 701 2598 postquam
719 2533 788 2576 cum
807 2513 891 2577 luctu
913 2516 1034 2577 mitroit
1054 2517 1140 2599 ham,

90 2668 94 2675 ,
223 2616 275 2668 oto
289 2606 355 2667 Non
378 2605 468 2667 oblita
490 2606 679 2685 animorum,
702 2620 848 2665 ausorum
870 2602 961 2664 oblita
983 2603 1131 2686 snorum,]

289 2692 375 2756 Vadit
397 2693 434 2754 ad
456 2693 600 2755 artiileem
623 2692 728 2774 dirae,
749 2690 953 2772 Polymestore
964 2739 974 2773 ,
996 2692 1110 2773 medh,

290 2781 534 2862 colloquiumque
556 2783 655 2862 petit:
677 2797 746 2841 num
768 2797 801 2841 se
823 2787 990 2841 monstrare
1010 2780 1140 2842 refluum

290 2870 370 2932 Velle
393 2868 488 2932 latens
509 2868 576 2951 illi,
596 2868 678 2949 quod
702 2875 770 2929 nato
784 2867 933 2930 ‘redderet
944 2915 954 2951 ,
976 2885 1097 2930 aunum.

291 2958 422 3021 Credidit
444 2957 610 3040 Odrysius,
632 2956 819 3036 praedaeque
841 2963 978 3018 assuetus
1000 2972 1097 3017 amore

225 3058 277 3109 itt
290 3047 325 3108 ln
348 3053 463 3109 secreta
485 3048 588 3107 venit.
615 3053 681 3106 tum
702 3043 810 3105 hiando
833 3044 956 3106 callidus
978 3061 1031 3105 ore

291 3131 386 3197 ‘Tollo
409 3152 507 3198 moras
519 3181 529 3216 ,
551 3132 694 3214 lieouha,
717 3127 759 3194 et’
782 3132 856 3194 dixit
878 3129 926 3193 ‘da
948 3148 1071 3194 mrmera
1090 3142 1162 3194 nato.

292 3222 386 3285 Omne
408 3224 473 3285 iore
491 3221 575 3284 ‘illius
598 3221 678 3302 quod
700 3219 775 3302 das,
798 3220 877 3300 quod
900 3228 1021 3283 etanta
1043 3219 1152 3302 dedisti,

290 3311 351 3374 Per
372 3328 498 3392 superos
520 3312 588 3373 iuro
602 3305 623 3371 .'
648 3316 765 3390 spectat
785 3307 955 3373 uuoulenta
976 3308 1135 3388 loquentem

291 3398 435 3478 Falsaque
457 3401 628 3480 iurantem,
650 3396 823 3477 tumidaque
845 3405 998 3460 exaestuat
1019 3399 1078 3478 ira,

139 3541 143 3549 .
227 3498 279 3548 teo
293 3486 390 3565 litque
412 3489 453 3548 ita
475 3494 615 3566 correpto
628 3487 821 3567 ,captivarum
842 3488 959 3566 agmina
980 3493 1102 3548 manum

292 3571 434 3656 inrorat,
457 3581 487 3635 et
509 3573 618 3654 digitos
637 3576 668 3636 ht
690 3574 805 3655 perfida
826 3574 938 3636 lumina
960 3573 1076 3657 oondit,
