2467 4042
160 245 226 314 134
567 248 617 299 ax
634 247 753 301 Porro

198 425 232 477 'ao
245 411 305 474 Per
327 419 443 475 tantum
466 419 586 492 terrae,
608 419 655 473 tot
676 428 768 491 aquas
790 413 839 472 vix
862 411 987 473 credere
1011 432 1142 493 possum

290 499 435 563 ludiciurn
459 498 550 561 studii
572 498 758 562 transiluisse
781 502 857 562 mel.

245 587 338 670 Finge
360 587 441 671 legi,
463 588 601 668 quodque
626 595 672 649 est
694 586 850 669 mirabile,
872 589 950 668 linge
972 587 1122 669 placere:

289 677 449 741 Auctorem
472 683 554 738 certe
577 692 627 737 res
649 677 730 737 iuvat
751 678 809 737 ista
831 676 922 738 nihil.

246 764 324 839 Quid
347 763 425 847 tibi,
448 766 474 826 si
496 763 611 846 calida,
634 766 751 845 prosit,
774 763 895 826 laudere
918 763 1038 847 Syene,

196 863 232 918 ab
289 853 349 916 dut
370 851 422 915 ubl
445 851 641 934 Taprobanen
664 851 764 914 ludica
786 854 880 933 cingit
902 848 1006 932 aqua?

247 939 356 1020 [Altius
379 942 423 1004 ire
447 936 550 1003 libet?
582 943 660 1002 site
684 941 823 1003 distantia
846 941 931 1020 longe

290 1028 441 1092 Pleiadum
464 1027 585 1091 laudent
607 1031 713 1112 signa,
736 1029 807 1109 quid
830 1028 901 1090 inde
923 1029 1004 1091 ieras
1013 1026 1047 1109 i]

246 1115 304 1181 Sed
328 1134 424 1198 neque
447 1119 588 1197 pervenio
612 1119 733 1197 scriptis
755 1117 955 1180 mediocribus
977 1119 1082 1200 istuc,

290 1205 437 1287 Famaque
460 1223 529 1268 eum
553 1205 672 1268 domino
695 1206 773 1286 iugit
794 1204 830 1267 ab
853 1204 933 1267 Urbe
956 1224 1032 1269 suo.

196 1291 380 1375 bovesque,
395 1292 503 1375 quibus
516 1295 611 1376 peril,
626 1302 698 1356 tunc
717 1312 785 1356 cum
799 1312 865 1356 mea
883 1294 960 1356 iama
978 1295 1106 1376 sepulta
1120 1305 1181 1379 est,

288 1381 374 1445 Nunc
398 1400 516 1464 quoquc
540 1382 577 1445 de
600 1390 702 1444 nostra
724 1390 820 1445 morte
842 1390 941 1445 tacere
965 1400 1055 1446 reor.

521 1551 692 1650 'vn

247 1732 383 1818 Ecquid,
406 1744 441 1799 ut
463 1734 572 1798 audisti
594 1752 721 1796 -nam
744 1742 773 1796 te
797 1734 913 1796 diversa
935 1733 1060 1798 tenebat

289 1824 382 1886 Terra
404 1857 442 1870 -
464 1841 547 1885 meos
569 1840 679 1903 casus,
702 1840 755 1885 cor
777 1821 834 1885 tibi
855 1825 941 1884 triste
964 1821 1050 1886 init?

245 1910 420 1975 Dissimulos
442 1921 616 1992 metuasque
639 1911 731 1992 licet,
755 1909 898 1972 Graecina
910 1957 920 1992 ,
942 1912 1049 1994 iateri3

291 1998 323 2063 Si
345 2000 421 2063 bene
444 2008 474 2063 te
497 2001 587 2081 novi,
611 2001 697 2060 triste
720 1999 814 2060 inisse
836 1998 945 2079 liquet.

215 2089 311 2152 oNon
334 2088 413 2152 cadit
435 2091 467 2151 ln
489 2105 589 2150 mores
611 2087 714 2149 feritas
736 2087 901 2149 inamabilis
923 2091 1024 2168 istos,

290 2177 351 2239 Nec
374 2179 473 2239 minus
496 2196 513 2238 a
536 2175 644 2238 studiis
667 2175 791 2237 dissidet
812 2175 861 2237 illa
884 2178 973 2237 tuis..
1143 2192 1181 2243 as)

246 2266 368 2329 Artibus
391 2267 551 2346 ingenuis,
574 2282 701 2345 quarum
723 2263 779 2326 tibi
801 2266 926 2327 maxima
949 2281 1020 2326 cura
1044 2273 1115 2348 est,

290 2354 415 2417 Pectora
438 2353 616 2416 mollescunt
638 2353 842 2433 asperitasque
864 2353 957 2431 fugit.

246 2441 307 2506 Nec
330 2443 488 2523 quisquam
510 2441 633 2503 meliore
656 2440 714 2501 iide
738 2439 945 2521 complectitur
967 2439 1051 2521 illas,

200 2543 233 2594 ιο
291 2529 355 2602 Qua
378 2533 449 2593 sinit
471 2530 602 2592 officium
625 2527 806 2608 militiaeque
829 2528 929 2590 labor.

246 2618 335 2682 Certe
357 2637 412 2699 ego
435 2636 504 2680 cum
522 2621 652 2698 primum
670 2618 755 2697 potui
778 2619 890 2678 sentire
909 2617 980 2696 quid
1003 2635 1126 2701 essem,
1141 2654 1180 2664 -

291 2705 366 2769 Nam
389 2707 446 2770 inii
468 2708 593 2768 attonito
616 2723 701 2768 mens
724 2704 798 2766 mibl
820 2705 900 2768 nulla
923 2706 974 2767 diu
991 2738 1028 2750 -

246 2793 310 2858 lloo
333 2812 453 2876 quoque
475 2795 613 2856 fortunae
636 2795 717 2855 sensi
729 2838 738 2874 ,
762 2792 841 2872 quod
864 2795 976 2855 amicus
999 2791 1148 2878 abesses,

291 2882 349 2957 cur
372 2883 444 2944 mibi
466 2881 648 2962 praesidium
671 2881 782 2961 grande
806 2881 926 2944 iuturus
949 2899 1034 2942 eras.

200 2984 234 3035 15
247 2973 360 3035 'lecum
382 2978 455 3033 tunc
478 2970 602 3032 aberant
624 2987 729 3050 aegrae
752 2967 859 3031 solacia
881 2970 1008 3052 mentis,

290 3060 453 3140 Magnaque
476 3076 546 3138 pars
569 3060 660 3119 animi
682 3057 858 3137 consiliique
880 3060 957 3120 mei.
1007 3052 1012 3061 “

247 3149 284 3211 it
306 3167 403 3231 nunc,
427 3147 507 3228 quod
526 3154 682 3228 superest,
704 3146 750 3209 ier
769 3164 876 3227 opem,
899 3163 1006 3227 precor
1017 3190 1027 3223 ,
1052 3149 1178 3212 eminus

795 3252 902 3315 unam,

291 3324 486 3407 Alloquioque
509 3326 576 3386 iuva
599 3331 721 3405 pectora
743 3331 845 3385 nostra
867 3331 938 3406 tuo,

247 3412 351 3495 Quae,
373 3432 433 3475 non
456 3413 592 3475 mendaci
615 3415 642 3474 si
665 3414 824 3492 quicquam
847 3412 945 3473 credis
968 3411 1081 3493 amico,

199 3512 233 3560 ao
292 3500 389 3562 Stulta
412 3504 505 3580 magis
528 3501 611 3581 dici,
635 3518 722 3580 quam
747 3499 912 3582 scelerata,
935 3500 1038 3562 decet.

247 3586 308 3648 Neo
330 3586 443 3667 breve,
467 3606 522 3649 nec
547 3595 667 3668 lutum,
690 3590 806 3667 peccati
829 3606 905 3667 quac
929 3590 968 3649 sit
989 3589 1094 3669 origo,
