<?xml version="1.0" encoding="UTF-8"?>
<!DOCTYPE html PUBLIC "-//W3C//DTD XHTML 1.0 Transitional//EN"
    "http://www.w3.org/TR/xhtml1/DTD/xhtml1-transitional.dtd">
<html xmlns="http://www.w3.org/1999/xhtml" xml:lang="en" lang="en">
 <head>
  <title>
</title>
<meta http-equiv="Content-Type" content="text/html;charset=utf-8" />
  <meta name='ocr-system' content='tesseract 3.04.00' />
  <meta name='ocr-capabilities' content='ocr_page ocr_carea ocr_par ocr_line ocrx_word'/>
</head>
<body>
  <div class='ocr_page' id='page_1' title='image "./povidiusnaso00ehwagoog_0191.png"; bbox 0 0 2467 4042; ppageno 0'>
   <div class='ocr_carea' id='block_1_1' title="bbox 7 243 1051 324">
    <p class='ocr_par' dir='ltr' id='par_1_1' title="bbox 7 243 1051 324">
     <span class='ocr_line' id='line_1_1' title="bbox 7 243 1051 324; baseline 0.004 -16"><span class='ocrx_word' id='word_1_1' title='bbox 7 248 111 308; x_wconf 81' lang='lat' dir='ltr'><strong>Xllll.</strong></span> <span class='ocrx_word' id='word_1_2' title='bbox 132 245 225 305; x_wconf 84' lang='lat' dir='ltr'><strong>HYP.</strong></span> <span class='ocrx_word' id='word_1_3' title='bbox 241 244 349 306; x_wconf 87' lang='lat'>110-</span> <span class='ocrx_word' id='word_1_4' title='bbox 359 243 432 306; x_wconf 70' lang='lat'><strong>132</strong></span> <span class='ocrx_word' id='word_1_5' title='bbox 456 245 523 306; x_wconf 84' lang='lat' dir='ltr'><strong>XV.</strong></span> <span class='ocrx_word' id='word_1_6' title='bbox 536 244 641 324; x_wconf 75' lang='lat' dir='ltr'><strong>[xvh]</strong></span> <span class='ocrx_word' id='word_1_7' title='bbox 653 244 809 306; x_wconf 80' lang='lat' dir='ltr'><strong>PARIDIS</strong></span> <span class='ocrx_word' id='word_1_8' title='bbox 824 244 970 310; x_wconf 78' lang='lat'>1-154.</span> <span class='ocrx_word' id='word_1_9' title='bbox 993 245 1051 313; x_wconf 73' lang='lat'><strong>127</strong></span> 
     </span>
    </p>
   </div>
   <div class='ocr_carea' id='block_1_2' title="bbox 106 397 1142 477">
    <p class='ocr_par' dir='ltr' id='par_1_2' title="bbox 106 397 1142 477">
     <span class='ocr_line' id='line_1_2' title="bbox 106 397 1142 477; baseline 0.004 -19"><span class='ocrx_word' id='word_1_10' title='bbox 106 397 294 459; x_wconf 78' lang='lat' dir='ltr'><strong>Iamdudum</strong></span> <span class='ocrx_word' id='word_1_11' title='bbox 309 404 430 474; x_wconf 78' lang='lat' dir='ltr'><strong>gratum</strong></span> <span class='ocrx_word' id='word_1_12' title='bbox 444 405 507 471; x_wconf 73' lang='lat' dir='ltr'><strong>cst,</strong></span> <span class='ocrx_word' id='word_1_13' title='bbox 533 399 617 473; x_wconf 90' lang='lat' dir='ltr'><strong>quud</strong></span> <span class='ocrx_word' id='word_1_14' title='bbox 632 397 764 474; x_wconf 72' lang='lat' dir='ltr'><strong>epistula</strong></span> <span class='ocrx_word' id='word_1_15' title='bbox 777 404 884 460; x_wconf 66' lang='lat' dir='ltr'><strong>naara</strong></span> <span class='ocrx_word' id='word_1_16' title='bbox 896 409 1020 477; x_wconf 87' lang='lat' dir='ltr'><strong>recepta</strong></span> <span class='ocrx_word' id='word_1_17' title='bbox 1137 424 1142 435; x_wconf 92' lang='lat'>·</span> 
     </span>
    </p>
   </div>
   <div class='ocr_carea' id='block_1_3' title="bbox 47 481 1047 3591">
    <p class='ocr_par' dir='ltr' id='par_1_3' title="bbox 47 481 1047 3591">
     <span class='ocr_line' id='line_1_3' title="bbox 151 481 979 559; baseline 0 -16"><span class='ocrx_word' id='word_1_18' title='bbox 151 483 248 559; x_wconf 84' lang='lat' dir='ltr'>Spem</span> <span class='ocrx_word' id='word_1_19' title='bbox 266 483 351 557; x_wconf 88' lang='lat' dir='ltr'><strong>iacit,</strong></span> <span class='ocrx_word' id='word_1_20' title='bbox 375 481 436 541; x_wconf 87' lang='lat' dir='ltr'><strong>hoc</strong></span> <span class='ocrx_word' id='word_1_21' title='bbox 449 482 545 558; x_wconf 79' lang='lat' dir='ltr'>recipi</span> <span class='ocrx_word' id='word_1_22' title='bbox 561 498 610 542; x_wconf 89' lang='lat' dir='ltr'><strong>me</strong></span> <span class='ocrx_word' id='word_1_23' title='bbox 626 497 751 558; x_wconf 82' lang='lat' dir='ltr'><strong>quoque</strong></span> <span class='ocrx_word' id='word_1_24' title='bbox 763 498 860 558; x_wconf 89' lang='lat' dir='ltr'><strong>posse</strong></span> <span class='ocrx_word' id='word_1_25' title='bbox 875 485 979 547; x_wconf 86' lang='lat' dir='ltr'><strong>modo.</strong></span> 
     </span>
     <span class='ocr_line' id='line_1_4' title="bbox 53 565 917 644; baseline -0.003 -13"><span class='ocrx_word' id='word_1_26' title='bbox 53 578 93 631; x_wconf 81' lang='lat' dir='ltr'><strong>lo</strong></span> <span class='ocrx_word' id='word_1_27' title='bbox 109 568 202 643; x_wconf 83' lang='lat' dir='ltr'><strong>Quae</strong></span> <span class='ocrx_word' id='word_1_28' title='bbox 214 574 281 626; x_wconf 86' lang='lat' dir='ltr'><strong>rata</strong></span> <span class='ocrx_word' id='word_1_29' title='bbox 297 566 352 641; x_wconf 88' lang='lat' dir='ltr'><strong>sit,</strong></span> <span class='ocrx_word' id='word_1_30' title='bbox 375 581 435 626; x_wconf 87' lang='lat' dir='ltr'><strong>aec</strong></span> <span class='ocrx_word' id='word_1_31' title='bbox 448 574 480 626; x_wconf 89' lang='lat' dir='ltr'><strong>te</strong></span> <span class='ocrx_word' id='word_1_32' title='bbox 497 567 609 628; x_wconf 80' lang='lat' dir='ltr'><strong>trustra</strong></span> <span class='ocrx_word' id='word_1_33' title='bbox 623 565 813 642; x_wconf 81' lang='lat' dir='ltr'><strong>promiserit,</strong></span> <span class='ocrx_word' id='word_1_34' title='bbox 833 574 917 644; x_wconf 90' lang='lat' dir='ltr'><strong>opto,</strong></span> 
     </span>
     <span class='ocr_line' id='line_1_5' title="bbox 149 650 894 727; baseline 0 -16"><span class='ocrx_word' id='word_1_35' title='bbox 149 652 221 711; x_wconf 88' lang='lat' dir='ltr'><strong>Hoc</strong></span> <span class='ocrx_word' id='word_1_36' title='bbox 238 650 310 710; x_wconf 91' lang='lat' dir='ltr'><strong>mihi</strong></span> <span class='ocrx_word' id='word_1_37' title='bbox 326 665 409 727; x_wconf 88' lang='lat' dir='ltr'><strong>quae</strong></span> <span class='ocrx_word' id='word_1_38' title='bbox 421 650 533 723; x_wconf 82' lang='lat' dir='ltr'><strong>suasit,</strong></span> <span class='ocrx_word' id='word_1_39' title='bbox 556 657 654 712; x_wconf 89' lang='lat' dir='ltr'><strong>mater</strong></span> <span class='ocrx_word' id='word_1_40' title='bbox 668 650 807 726; x_wconf 83' lang='lat' dir='ltr'><strong>Amoris,</strong></span> <span class='ocrx_word' id='word_1_41' title='bbox 829 652 894 711; x_wconf 90' lang='lat' dir='ltr'><strong>iter.</strong></span> 
     </span>
     <span class='ocr_line' id='line_1_6' title="bbox 103 734 945 811; baseline 0.001 -16"><span class='ocrx_word' id='word_1_42' title='bbox 103 735 251 810; x_wconf 79' lang='lat' dir='ltr'><strong>Namque</strong></span> <span class='ocrx_word' id='word_1_43' title='bbox 265 750 323 810; x_wconf 73' lang='lat' dir='ltr'><strong>ego</strong></span> <span class='ocrx_word' id='word_1_44' title='bbox 339 734 446 796; x_wconf 87' lang='lat' dir='ltr'><strong>divino</strong></span> <span class='ocrx_word' id='word_1_45' title='bbox 462 734 609 795; x_wconf 79' lang='lat' dir='ltr'><strong>monitu..</strong></span> <span class='ocrx_word' id='word_1_46' title='bbox 627 751 668 795; x_wconf 87' lang='lat' dir='ltr'><strong>ne</strong></span> <span class='ocrx_word' id='word_1_47' title='bbox 682 734 790 796; x_wconf 84' lang='lat' dir='ltr'><strong>nescia</strong></span> <span class='ocrx_word' id='word_1_48' title='bbox 801 751 945 811; x_wconf 83' lang='lat' dir='ltr'><strong>pecces...</strong></span> 
     </span>
     <span class='ocr_line' id='line_1_7' title="bbox 149 818 900 895; baseline 0.001 -16"><span class='ocrx_word' id='word_1_49' title='bbox 149 818 316 891; x_wconf 84' lang='lat' dir='ltr'><strong>Advehor‚</strong></span> <span class='ocrx_word' id='word_1_50' title='bbox 339 826 371 880; x_wconf 91' lang='lat' dir='ltr'><strong>et</strong></span> <span class='ocrx_word' id='word_1_51' title='bbox 384 826 497 895; x_wconf 86' lang='lat' dir='ltr'><strong>coepto</strong></span> <span class='ocrx_word' id='word_1_52' title='bbox 511 835 573 879; x_wconf 82' lang='lat' dir='ltr'><strong>raon</strong></span> <span class='ocrx_word' id='word_1_53' title='bbox 589 820 660 879; x_wconf 84' lang='lat' dir='ltr'><strong>leve</strong></span> <span class='ocrx_word' id='word_1_54' title='bbox 674 835 785 880; x_wconf 82' lang='lat' dir='ltr'><strong>numen</strong></span> <span class='ocrx_word' id='word_1_55' title='bbox 802 820 900 880; x_wconf 84' lang='lat' dir='ltr'><strong>adest.</strong></span> 
     </span>
     <span class='ocr_line' id='line_1_8' title="bbox 103 902 966 981; baseline -0.002 -18"><span class='ocrx_word' id='word_1_56' title='bbox 103 904 251 964; x_wconf 85' lang='lat' dir='ltr'><strong>Praemia</strong></span> <span class='ocrx_word' id='word_1_57' title='bbox 264 919 376 979; x_wconf 80' lang='lat' dir='ltr'><strong>magna</strong></span> <span class='ocrx_word' id='word_1_58' title='bbox 390 903 529 979; x_wconf 88' lang='lat' dir='ltr'><strong>quidem,</strong></span> <span class='ocrx_word' id='word_1_59' title='bbox 551 903 609 965; x_wconf 83' lang='lat' dir='ltr'><strong>sed</strong></span> <span class='ocrx_word' id='word_1_60' title='bbox 625 920 686 964; x_wconf 86' lang='lat' dir='ltr'><strong>non</strong></span> <span class='ocrx_word' id='word_1_61' title='bbox 703 902 839 964; x_wconf 86' lang='lat' dir='ltr'><strong>indebita</strong></span> <span class='ocrx_word' id='word_1_62' title='bbox 853 919 966 981; x_wconf 68' lang='lat' dir='ltr'><strong>poscae</strong></span> 
     </span>
     <span class='ocr_line' id='line_1_9' title="bbox 55 987 808 1066; baseline -0.005 -14"><span class='ocrx_word' id='word_1_63' title='bbox 55 1000 96 1052; x_wconf 76' lang='lat'><strong>²0</strong></span> <span class='ocrx_word' id='word_1_64' title='bbox 150 987 292 1048; x_wconf 85' lang='lat' dir='ltr'><strong>Pollicita</strong></span> <span class='ocrx_word' id='word_1_65' title='bbox 305 993 354 1048; x_wconf 89' lang='lat' dir='ltr'><strong>est</strong></span> <span class='ocrx_word' id='word_1_66' title='bbox 366 988 504 1048; x_wconf 76' lang='lat' dir='ltr'><strong>thalamo</strong></span> <span class='ocrx_word' id='word_1_67' title='bbox 516 994 547 1048; x_wconf 87' lang='lat' dir='ltr'><strong>te</strong></span> <span class='ocrx_word' id='word_1_68' title='bbox 561 987 713 1066; x_wconf 77' lang='lat' dir='ltr'><strong>Cytherea</strong></span> <span class='ocrx_word' id='word_1_69' title='bbox 728 1003 808 1049; x_wconf 87' lang='lat' dir='ltr'><strong>meo.</strong></span> 
     </span>
     <span class='ocr_line' id='line_1_10' title="bbox 106 1066 720 1147; baseline -0.005 -14"><span class='ocrx_word' id='word_1_70' title='bbox 106 1073 175 1133; x_wconf 83' lang='lat' dir='ltr'><strong>Hac</strong></span> <span class='ocrx_word' id='word_1_71' title='bbox 191 1072 271 1133; x_wconf 89' lang='lat' dir='ltr'><strong>duce</strong></span> <span class='ocrx_word' id='word_1_72' title='bbox 285 1071 381 1147; x_wconf 79' lang='lat' dir='ltr'><strong>Sigeo</strong></span> <span class='ocrx_word' id='word_1_73' title='bbox 395 1072 506 1133; x_wconf 89' lang='lat' dir='ltr'><strong>dubias</strong></span> <span class='ocrx_word' id='word_1_74' title='bbox 524 1089 543 1132; x_wconf 87' lang='lat' dir='ltr'><strong>a</strong></span> <span class='ocrx_word' id='word_1_75' title='bbox 558 1073 648 1132; x_wconf 88' lang='lat' dir='ltr'><strong>litore</strong></span> <span class='ocrx_word' id='word_1_76' title='bbox 662 1066 720 1131; x_wconf 82' lang='lat' dir='ltr'><strong>leci</strong></span> 
     </span>
     <span class='ocr_line' id='line_1_11' title="bbox 150 1155 817 1233; baseline -0.001 -17"><span class='ocrx_word' id='word_1_77' title='bbox 150 1157 263 1232; x_wconf 80' lang='lat' dir='ltr'><strong>Longa</strong></span> <span class='ocrx_word' id='word_1_78' title='bbox 273 1155 443 1217; x_wconf 72' lang='lat' dir='ltr'><strong>Phereclea</strong></span> <span class='ocrx_word' id='word_1_79' title='bbox 457 1172 514 1233; x_wconf 91' lang='lat' dir='ltr'><strong>per</strong></span> <span class='ocrx_word' id='word_1_80' title='bbox 527 1157 605 1218; x_wconf 84' lang='lat' dir='ltr'><strong>treta</strong></span> <span class='ocrx_word' id='word_1_81' title='bbox 618 1171 725 1232; x_wconf 85' lang='lat' dir='ltr'><strong>puppe</strong></span> <span class='ocrx_word' id='word_1_82' title='bbox 740 1156 817 1216; x_wconf 85' lang='lat' dir='ltr'><strong>vias.</strong></span> 
     </span>
     <span class='ocr_line' id='line_1_12' title="bbox 105 1240 869 1316; baseline -0.004 -14"><span class='ocrx_word' id='word_1_83' title='bbox 105 1242 164 1302; x_wconf 87' lang='lat' dir='ltr'><strong>llla</strong></span> <span class='ocrx_word' id='word_1_84' title='bbox 179 1240 265 1301; x_wconf 87' lang='lat' dir='ltr'><strong>dedit</strong></span> <span class='ocrx_word' id='word_1_85' title='bbox 281 1241 387 1301; x_wconf 85' lang='lat' dir='ltr'><strong>laeiles</strong></span> <span class='ocrx_word' id='word_1_86' title='bbox 402 1256 495 1302; x_wconf 90' lang='lat' dir='ltr'><strong>auras</strong></span> <span class='ocrx_word' id='word_1_87' title='bbox 509 1249 683 1316; x_wconf 85' lang='lat' dir='ltr'><strong>ventosque</strong></span> <span class='ocrx_word' id='word_1_88' title='bbox 697 1240 869 1301; x_wconf 78' lang='lat' dir='ltr'><strong>secundom</strong></span> 
     </span>
     <span class='ocr_line' id='line_1_13' title="bbox 150 1325 796 1390; baseline 0.009 -5"><span class='ocrx_word' id='word_1_89' title='bbox 150 1326 188 1385; x_wconf 90' lang='lat' dir='ltr'><strong>ln</strong></span> <span class='ocrx_word' id='word_1_90' title='bbox 203 1340 288 1386; x_wconf 85' lang='lat' dir='ltr'><strong>mare</strong></span> <span class='ocrx_word' id='word_1_91' title='bbox 301 1325 441 1385; x_wconf 87' lang='lat' dir='ltr'><strong>nimirum</strong></span> <span class='ocrx_word' id='word_1_92' title='bbox 458 1325 511 1386; x_wconf 87' lang='lat' dir='ltr'><strong>ius</strong></span> <span class='ocrx_word' id='word_1_93' title='bbox 522 1325 616 1385; x_wconf 83' lang='lat' dir='ltr'><strong>hahet</strong></span> <span class='ocrx_word' id='word_1_94' title='bbox 629 1332 696 1386; x_wconf 85' lang='lat' dir='ltr'><strong>orta</strong></span> <span class='ocrx_word' id='word_1_95' title='bbox 709 1325 796 1390; x_wconf 86' lang='lat' dir='ltr'><strong>mari.</strong></span> 
     </span>
     <span class='ocr_line' id='line_1_14' title="bbox 56 1409 974 1486; baseline -0.003 -14"><span class='ocrx_word' id='word_1_96' title='bbox 56 1420 96 1472; x_wconf 62' lang='grc' dir='ltr'><strong>τὸ</strong></span> <span class='ocrx_word' id='word_1_97' title='bbox 106 1410 244 1483; x_wconf 87' lang='lat' dir='ltr'><strong>Perstet,</strong></span> <span class='ocrx_word' id='word_1_98' title='bbox 266 1416 297 1470; x_wconf 90' lang='lat' dir='ltr'><strong>et</strong></span> <span class='ocrx_word' id='word_1_99' title='bbox 310 1416 345 1470; x_wconf 92' lang='lat' dir='ltr'><strong>ut</strong></span> <span class='ocrx_word' id='word_1_100' title='bbox 358 1410 476 1485; x_wconf 79' lang='lat' dir='ltr'><strong>pelagi,</strong></span> <span class='ocrx_word' id='word_1_101' title='bbox 497 1409 544 1470; x_wconf 87' lang='lat' dir='ltr'><strong>sic</strong></span> <span class='ocrx_word' id='word_1_102' title='bbox 556 1410 692 1486; x_wconf 88' lang='lat' dir='ltr'><strong>pectoris</strong></span> <span class='ocrx_word' id='word_1_103' title='bbox 707 1409 833 1471; x_wconf 81' lang='lat' dir='ltr'><strong>adiuvet</strong></span> <span class='ocrx_word' id='word_1_104' title='bbox 846 1415 974 1484; x_wconf 80' lang='lat' dir='ltr'><strong>aestum,</strong></span> 
     </span>
     <span class='ocr_line' id='line_1_15' title="bbox 150 1493 764 1569; baseline -0.002 -15"><span class='ocrx_word' id='word_1_105' title='bbox 150 1493 276 1554; x_wconf 86' lang='lat' dir='ltr'><strong>Deierat</strong></span> <span class='ocrx_word' id='word_1_106' title='bbox 291 1494 323 1554; x_wconf 89' lang='lat' dir='ltr'><strong>iu</strong></span> <span class='ocrx_word' id='word_1_107' title='bbox 337 1501 445 1569; x_wconf 88' lang='lat' dir='ltr'><strong>portus</strong></span> <span class='ocrx_word' id='word_1_108' title='bbox 459 1500 490 1553; x_wconf 86' lang='lat' dir='ltr'><strong>et</strong></span> <span class='ocrx_word' id='word_1_109' title='bbox 504 1510 575 1555; x_wconf 91' lang='lat' dir='ltr'><strong>mea</strong></span> <span class='ocrx_word' id='word_1_110' title='bbox 588 1501 662 1555; x_wconf 90' lang='lat' dir='ltr'><strong>vota</strong></span> <span class='ocrx_word' id='word_1_111' title='bbox 678 1509 764 1555; x_wconf 85' lang='lat' dir='ltr'><strong>suos.</strong></span> 
     </span>
     <span class='ocr_line' id='line_1_16' title="bbox 108 1577 878 1652; baseline -0.003 -12"><span class='ocrx_word' id='word_1_112' title='bbox 108 1578 277 1640; x_wconf 77' lang='lat' dir='ltr'><strong>Attulimus</strong></span> <span class='ocrx_word' id='word_1_113' title='bbox 290 1577 448 1652; x_wconf 86' lang='lat' dir='ltr'><strong>flammas,</strong></span> <span class='ocrx_word' id='word_1_114' title='bbox 470 1593 531 1638; x_wconf 89' lang='lat' dir='ltr'><strong>non</strong></span> <span class='ocrx_word' id='word_1_115' title='bbox 546 1577 598 1638; x_wconf 90' lang='lat' dir='ltr'><strong>hic</strong></span> <span class='ocrx_word' id='word_1_116' title='bbox 611 1579 784 1639; x_wconf 76' lang='lat' dir='ltr'><strong>invenimus</strong></span> <span class='ocrx_word' id='word_1_117' title='bbox 799 1577 878 1638; x_wconf 88' lang='lat' dir='ltr'><strong>illas.</strong></span> 
     </span>
     <span class='ocr_line' id='line_1_17' title="bbox 150 1662 813 1737; baseline -0.002 -14"><span class='ocrx_word' id='word_1_118' title='bbox 150 1664 219 1723; x_wconf 86' lang='lat' dir='ltr'><strong>Hac</strong></span> <span class='ocrx_word' id='word_1_119' title='bbox 232 1662 307 1722; x_wconf 91' lang='lat' dir='ltr'><strong>mihi</strong></span> <span class='ocrx_word' id='word_1_120' title='bbox 320 1669 382 1723; x_wconf 84' lang='lat' dir='ltr'><strong>tam</strong></span> <span class='ocrx_word' id='word_1_121' title='bbox 395 1663 508 1737; x_wconf 82' lang='lat' dir='ltr'><strong>longae</strong></span> <span class='ocrx_word' id='word_1_122' title='bbox 522 1677 618 1723; x_wconf 86' lang='lat' dir='ltr'><strong>causa</strong></span> <span class='ocrx_word' id='word_1_123' title='bbox 633 1663 718 1723; x_wconf 87' lang='lat' dir='ltr'><strong>luere</strong></span> <span class='ocrx_word' id='word_1_124' title='bbox 732 1663 813 1723; x_wconf 86' lang='lat' dir='ltr'><strong>viae.</strong></span> 
     </span>
     <span class='ocr_line' id='line_1_18' title="bbox 107 1746 1047 1823; baseline -0.004 -15"><span class='ocrx_word' id='word_1_125' title='bbox 107 1748 187 1808; x_wconf 82' lang='lat' dir='ltr'><strong>Nam</strong></span> <span class='ocrx_word' id='word_1_126' title='bbox 197 1763 299 1822; x_wconf 86' lang='lat' dir='ltr'><strong>usque</strong></span> <span class='ocrx_word' id='word_1_127' title='bbox 311 1746 406 1807; x_wconf 88' lang='lat' dir='ltr'><strong>tristis</strong></span> <span class='ocrx_word' id='word_1_128' title='bbox 418 1746 552 1822; x_wconf 83' lang='lat' dir='ltr'><strong>hiemps,</strong></span> <span class='ocrx_word' id='word_1_129' title='bbox 569 1761 742 1823; x_wconf 72' lang='lat' dir='ltr'><strong>nemreuos</strong></span> <span class='ocrx_word' id='word_1_130' title='bbox 755 1747 816 1807; x_wconf 88' lang='lat' dir='ltr'><strong>hue</strong></span> <span class='ocrx_word' id='word_1_131' title='bbox 827 1746 945 1823; x_wconf 84' lang='lat' dir='ltr'><strong>appulit</strong></span> <span class='ocrx_word' id='word_1_132' title='bbox 955 1761 1047 1808; x_wconf 85' lang='lat' dir='ltr'><strong>error.</strong></span> 
     </span>
     <span class='ocr_line' id='line_1_19' title="bbox 61 1831 790 1906; baseline -0.01 -10"><span class='ocrx_word' id='word_1_133' title='bbox 61 1842 101 1896; x_wconf 74' lang='lat' dir='ltr'><strong>tu</strong></span> <span class='ocrx_word' id='word_1_134' title='bbox 154 1831 302 1891; x_wconf 85' lang='lat' dir='ltr'><strong>Taenaris</strong></span> <span class='ocrx_word' id='word_1_135' title='bbox 318 1838 368 1892; x_wconf 86' lang='lat' dir='ltr'><strong>est</strong></span> <span class='ocrx_word' id='word_1_136' title='bbox 380 1831 475 1891; x_wconf 79' lang='lat' dir='ltr'><strong>classi</strong></span> <span class='ocrx_word' id='word_1_137' title='bbox 489 1837 570 1891; x_wconf 86' lang='lat' dir='ltr'><strong>terra</strong></span> <span class='ocrx_word' id='word_1_138' title='bbox 586 1832 678 1906; x_wconf 89' lang='lat' dir='ltr'><strong>petita</strong></span> <span class='ocrx_word' id='word_1_139' title='bbox 692 1846 790 1891; x_wconf 83' lang='lat' dir='ltr'><strong>meae.</strong></span> 
     </span>
     <span class='ocr_line' id='line_1_20' title="bbox 108 1915 884 1990; baseline -0.001 -14"><span class='ocrx_word' id='word_1_140' title='bbox 108 1917 174 1976; x_wconf 80' lang='lat' dir='ltr'><strong>Nec</strong></span> <span class='ocrx_word' id='word_1_141' title='bbox 191 1931 238 1975; x_wconf 87' lang='lat' dir='ltr'><strong>me</strong></span> <span class='ocrx_word' id='word_1_142' title='bbox 256 1915 350 1975; x_wconf 85' lang='lat' dir='ltr'><strong>crede</strong></span> <span class='ocrx_word' id='word_1_143' title='bbox 364 1915 474 1975; x_wconf 77' lang='lat' dir='ltr'><strong>fretum</strong></span> <span class='ocrx_word' id='word_1_144' title='bbox 488 1930 608 1976; x_wconf 88' lang='lat' dir='ltr'><strong>merces</strong></span> <span class='ocrx_word' id='word_1_145' title='bbox 624 1921 766 1990; x_wconf 86' lang='lat' dir='ltr'><strong>portante</strong></span> <span class='ocrx_word' id='word_1_146' title='bbox 780 1915 884 1975; x_wconf 87' lang='lat' dir='ltr'><strong>carina</strong></span> 
     </span>
     <span class='ocr_line' id='line_1_21' title="bbox 150 1998 838 2076; baseline 0 -17"><span class='ocrx_word' id='word_1_147' title='bbox 150 1999 293 2059; x_wconf 80' lang='lat' dir='ltr'><strong>liudere.</strong></span> <span class='ocrx_word' id='word_1_148' title='bbox 317 2014 396 2074; x_wconf 87' lang='lat' dir='ltr'><strong>quas</strong></span> <span class='ocrx_word' id='word_1_149' title='bbox 410 1998 527 2073; x_wconf 78' lang='lat' dir='ltr'><strong>haheo,</strong></span> <span class='ocrx_word' id='word_1_150' title='bbox 547 1998 579 2059; x_wconf 92' lang='lat' dir='ltr'><strong>di</strong></span> <span class='ocrx_word' id='word_1_151' title='bbox 593 2005 737 2061; x_wconf 85' lang='lat' dir='ltr'><strong>tueantur</strong></span> <span class='ocrx_word' id='word_1_152' title='bbox 751 2015 838 2076; x_wconf 80' lang='lat' dir='ltr'><strong>opes.</strong></span> 
     </span>
     <span class='ocr_line' id='line_1_22' title="bbox 107 2082 870 2160; baseline -0.005 -15"><span class='ocrx_word' id='word_1_153' title='bbox 107 2085 173 2145; x_wconf 81' lang='lat' dir='ltr'><strong>Nec</strong></span> <span class='ocrx_word' id='word_1_154' title='bbox 190 2083 282 2145; x_wconf 84' lang='lat' dir='ltr'><strong>venio</strong></span> <span class='ocrx_word' id='word_1_155' title='bbox 300 2082 409 2143; x_wconf 85' lang='lat' dir='ltr'><strong>Graias</strong></span> <span class='ocrx_word' id='word_1_156' title='bbox 425 2082 520 2144; x_wconf 87' lang='lat' dir='ltr'><strong>veluti</strong></span> <span class='ocrx_word' id='word_1_157' title='bbox 534 2090 695 2160; x_wconf 81' lang='lat' dir='ltr'><strong>spectator</strong></span> <span class='ocrx_word' id='word_1_158' title='bbox 707 2083 748 2143; x_wconf 87' lang='lat' dir='ltr'><strong>ud</strong></span> <span class='ocrx_word' id='word_1_159' title='bbox 762 2082 870 2144; x_wconf 71' lang='lat' dir='ltr'><strong>urbes:</strong></span> 
     </span>
     <span class='ocr_line' id='line_1_23' title="bbox 153 2166 706 2243; baseline 0.004 -15"><span class='ocrx_word' id='word_1_160' title='bbox 153 2167 277 2243; x_wconf 89' lang='lat' dir='ltr'><strong>Oppida</strong></span> <span class='ocrx_word' id='word_1_161' title='bbox 291 2173 365 2228; x_wconf 87' lang='lat' dir='ltr'><strong>suot</strong></span> <span class='ocrx_word' id='word_1_162' title='bbox 377 2166 464 2243; x_wconf 78' lang='lat' dir='ltr'><strong>regui</strong></span> <span class='ocrx_word' id='word_1_163' title='bbox 479 2167 623 2228; x_wconf 82' lang='lat' dir='ltr'><strong>divitiora</strong></span> <span class='ocrx_word' id='word_1_164' title='bbox 636 2167 706 2230; x_wconf 85' lang='lat' dir='ltr'><strong>mei.</strong></span> 
     </span>
     <span class='ocr_line' id='line_1_24' title="bbox 63 2251 959 2328; baseline -0.008 -11"><span class='ocrx_word' id='word_1_165' title='bbox 63 2262 101 2317; x_wconf 71' lang='lat'><strong>³5</strong></span> <span class='ocrx_word' id='word_1_166' title='bbox 110 2252 153 2313; x_wconf 82' lang='lat' dir='ltr'><strong>Te</strong></span> <span class='ocrx_word' id='word_1_167' title='bbox 167 2259 257 2328; x_wconf 87' lang='lat' dir='ltr'><strong>peto,</strong></span> <span class='ocrx_word' id='word_1_168' title='bbox 280 2267 373 2328; x_wconf 81' lang='lat' dir='ltr'><strong>quarn</strong></span> <span class='ocrx_word' id='word_1_169' title='bbox 388 2251 506 2328; x_wconf 80' lang='lat' dir='ltr'><strong>pepigit</strong></span> <span class='ocrx_word' id='word_1_170' title='bbox 518 2252 600 2312; x_wconf 86' lang='lat' dir='ltr'><strong>lecto</strong></span> <span class='ocrx_word' id='word_1_171' title='bbox 612 2253 721 2312; x_wconf 86' lang='lat' dir='ltr'><strong>Vanus</strong></span> <span class='ocrx_word' id='word_1_172' title='bbox 735 2265 829 2312; x_wconf 89' lang='lat' dir='ltr'><strong>aurea</strong></span> <span class='ocrx_word' id='word_1_173' title='bbox 842 2256 959 2313; x_wconf 86' lang='lat' dir='ltr'><strong>nostru.</strong></span> 
     </span>
     <span class='ocr_line' id='line_1_25' title="bbox 149 2334 834 2411; baseline -0.004 -15"><span class='ocrx_word' id='word_1_174' title='bbox 149 2336 194 2396; x_wconf 87' lang='lat' dir='ltr'><strong>Te</strong></span> <span class='ocrx_word' id='word_1_175' title='bbox 208 2336 296 2411; x_wconf 87' lang='lat' dir='ltr'><strong>prius</strong></span> <span class='ocrx_word' id='word_1_176' title='bbox 311 2335 434 2411; x_wconf 88' lang='lat' dir='ltr'><strong>optavi,</strong></span> <span class='ocrx_word' id='word_1_177' title='bbox 457 2352 552 2411; x_wconf 87' lang='lat' dir='ltr'><strong>quam</strong></span> <span class='ocrx_word' id='word_1_178' title='bbox 563 2334 639 2396; x_wconf 90' lang='lat' dir='ltr'><strong>mihi</strong></span> <span class='ocrx_word' id='word_1_179' title='bbox 652 2342 725 2397; x_wconf 89' lang='lat' dir='ltr'><strong>nota</strong></span> <span class='ocrx_word' id='word_1_180' title='bbox 739 2335 834 2396; x_wconf 84' lang='lat' dir='ltr'><strong>iores.</strong></span> 
     </span>
     <span class='ocr_line' id='line_1_26' title="bbox 107 2419 885 2495; baseline -0.009 -14"><span class='ocrx_word' id='word_1_181' title='bbox 107 2426 190 2481; x_wconf 85' lang='lat' dir='ltr'><strong>Ante</strong></span> <span class='ocrx_word' id='word_1_182' title='bbox 202 2426 273 2481; x_wconf 87' lang='lat' dir='ltr'><strong>tuos</strong></span> <span class='ocrx_word' id='word_1_183' title='bbox 289 2420 392 2482; x_wconf 89' lang='lat' dir='ltr'><strong>animo</strong></span> <span class='ocrx_word' id='word_1_184' title='bbox 408 2419 488 2495; x_wconf 80' lang='lat' dir='ltr'><strong>vidi,</strong></span> <span class='ocrx_word' id='word_1_185' title='bbox 510 2436 602 2494; x_wconf 89' lang='lat' dir='ltr'><strong>quam</strong></span> <span class='ocrx_word' id='word_1_186' title='bbox 618 2419 745 2493; x_wconf 85' lang='lat' dir='ltr'><strong>lumine,</strong></span> <span class='ocrx_word' id='word_1_187' title='bbox 768 2419 885 2480; x_wconf 65' lang='lat' dir='ltr'><strong>uultum</strong></span> 
     </span>
     <span class='ocr_line' id='line_1_27' title="bbox 65 2504 723 2569; baseline -0.009 0"><span class='ocrx_word' id='word_1_188' title='bbox 65 2514 101 2569; x_wconf 82' lang='grc'><strong>38</strong></span> <span class='ocrx_word' id='word_1_189' title='bbox 152 2504 254 2564; x_wconf 84' lang='lat' dir='ltr'><strong>Prima</strong></span> <span class='ocrx_word' id='word_1_190' title='bbox 268 2504 325 2565; x_wconf 90' lang='lat' dir='ltr'><strong>iuit</strong></span> <span class='ocrx_word' id='word_1_191' title='bbox 338 2505 442 2565; x_wconf 81' lang='lat' dir='ltr'><strong>vultus</strong></span> <span class='ocrx_word' id='word_1_192' title='bbox 455 2506 561 2566; x_wconf 82' lang='lat' dir='ltr'><strong>nuntia</strong></span> <span class='ocrx_word' id='word_1_193' title='bbox 575 2505 658 2566; x_wconf 86' lang='lat' dir='ltr'><strong>lama</strong></span> <span class='ocrx_word' id='word_1_194' title='bbox 670 2504 723 2565; x_wconf 78' lang='lat' dir='ltr'><strong>tui.</strong></span> 
     </span>
     <span class='ocr_line' id='line_1_28' title="bbox 47 2587 924 2663; baseline -0.005 -10"><span class='ocrx_word' id='word_1_195' title='bbox 47 2598 98 2653; x_wconf 71' lang='lat'><strong>143</strong></span> <span class='ocrx_word' id='word_1_196' title='bbox 109 2589 216 2650; x_wconf 82' lang='lat' dir='ltr'><strong>Credis</strong></span> <span class='ocrx_word' id='word_1_197' title='bbox 232 2596 264 2651; x_wconf 87' lang='lat' dir='ltr'><strong>et</strong></span> <span class='ocrx_word' id='word_1_198' title='bbox 276 2588 339 2648; x_wconf 89' lang='lat' dir='ltr'><strong>hoc</strong></span> <span class='ocrx_word' id='word_1_199' title='bbox 353 2588 465 2649; x_wconf 68' lang='lat' dir='ltr'><strong>nohis?</strong></span> <span class='ocrx_word' id='word_1_200' title='bbox 486 2589 585 2650; x_wconf 88' lang='lat' dir='ltr'><strong>minor</strong></span> <span class='ocrx_word' id='word_1_201' title='bbox 598 2596 648 2650; x_wconf 90' lang='lat' dir='ltr'><strong>est</strong></span> <span class='ocrx_word' id='word_1_202' title='bbox 662 2596 713 2648; x_wconf 88' lang='lat' dir='ltr'><strong>tua</strong></span> <span class='ocrx_word' id='word_1_203' title='bbox 727 2587 826 2663; x_wconf 71' lang='lat' dir='ltr'><strong>gloria</strong></span> <span class='ocrx_word' id='word_1_204' title='bbox 840 2602 924 2663; x_wconf 88' lang='lat' dir='ltr'><strong>vero,</strong></span> 
     </span>
     <span class='ocr_line' id='line_1_29' title="bbox 149 2672 815 2748; baseline -0.005 -15"><span class='ocrx_word' id='word_1_205' title='bbox 149 2673 309 2748; x_wconf 83' lang='lat' dir='ltr'><strong>Famaque</strong></span> <span class='ocrx_word' id='word_1_206' title='bbox 321 2672 362 2734; x_wconf 86' lang='lat' dir='ltr'><strong>de</strong></span> <span class='ocrx_word' id='word_1_207' title='bbox 375 2673 475 2734; x_wconf 86' lang='lat' dir='ltr'><strong>forma</strong></span> <span class='ocrx_word' id='word_1_208' title='bbox 488 2689 588 2748; x_wconf 81' lang='lat' dir='ltr'><strong>paena</strong></span> <span class='ocrx_word' id='word_1_209' title='bbox 601 2673 735 2748; x_wconf 81' lang='lat' dir='ltr'><strong>maligna</strong></span> <span class='ocrx_word' id='word_1_210' title='bbox 751 2672 815 2733; x_wconf 87' lang='lat' dir='ltr'><strong>iuit.</strong></span> 
     </span>
     <span class='ocr_line' id='line_1_30' title="bbox 49 2754 891 2834; baseline -0.004 -15"><span class='ocrx_word' id='word_1_211' title='bbox 49 2767 97 2820; x_wconf 79' lang='lat' dir='ltr'><strong>rto</strong></span> <span class='ocrx_word' id='word_1_212' title='bbox 106 2758 181 2819; x_wconf 84' lang='lat' dir='ltr'><strong>Plus</strong></span> <span class='ocrx_word' id='word_1_213' title='bbox 195 2757 247 2817; x_wconf 84' lang='lat' dir='ltr'><strong>hic</strong></span> <span class='ocrx_word' id='word_1_214' title='bbox 260 2756 403 2830; x_wconf 85' lang='lat' dir='ltr'><strong>invenio,</strong></span> <span class='ocrx_word' id='word_1_215' title='bbox 426 2774 521 2833; x_wconf 83' lang='lat' dir='ltr'><strong>quam</strong></span> <span class='ocrx_word' id='word_1_216' title='bbox 534 2758 617 2834; x_wconf 85' lang='lat' dir='ltr'><strong>quod</strong></span> <span class='ocrx_word' id='word_1_217' title='bbox 633 2757 816 2832; x_wconf 85' lang='lat' dir='ltr'><strong>promiserat</strong></span> <span class='ocrx_word' id='word_1_218' title='bbox 830 2754 891 2826; x_wconf 88' lang='lat' dir='ltr'><strong>illa,</strong></span> 
     </span>
     <span class='ocr_line' id='line_1_31' title="bbox 150 2841 753 2916; baseline -0.002 -14"><span class='ocrx_word' id='word_1_219' title='bbox 150 2841 190 2902; x_wconf 79' lang='lat' dir='ltr'><strong>tu</strong></span> <span class='ocrx_word' id='word_1_220' title='bbox 202 2849 258 2903; x_wconf 91' lang='lat' dir='ltr'><strong>tua</strong></span> <span class='ocrx_word' id='word_1_221' title='bbox 271 2842 401 2904; x_wconf 86' lang='lat' dir='ltr'><strong>materia</strong></span> <span class='ocrx_word' id='word_1_222' title='bbox 411 2842 509 2916; x_wconf 78' lang='lat' dir='ltr'><strong>gloria</strong></span> <span class='ocrx_word' id='word_1_223' title='bbox 524 2842 605 2903; x_wconf 80' lang='lat' dir='ltr'><strong>victa</strong></span> <span class='ocrx_word' id='word_1_224' title='bbox 620 2858 678 2903; x_wconf 83' lang='lat' dir='ltr'><strong>sua</strong></span> <span class='ocrx_word' id='word_1_225' title='bbox 693 2848 753 2903; x_wconf 85' lang='lat' dir='ltr'><strong>est</strong></span> 
     </span>
     <span class='ocr_line' id='line_1_32' title="bbox 107 2923 942 3002; baseline -0.005 -16"><span class='ocrx_word' id='word_1_226' title='bbox 107 2926 192 3002; x_wconf 73' lang='lat' dir='ltr'><strong>Ergo</strong></span> <span class='ocrx_word' id='word_1_227' title='bbox 207 2925 285 2986; x_wconf 86' lang='lat' dir='ltr'><strong>arsit</strong></span> <span class='ocrx_word' id='word_1_228' title='bbox 299 2924 422 2999; x_wconf 80' lang='lat' dir='ltr'><strong>merito,</strong></span> <span class='ocrx_word' id='word_1_229' title='bbox 446 2925 502 3001; x_wconf 78' lang='lat' dir='ltr'><strong>oui</strong></span> <span class='ocrx_word' id='word_1_230' title='bbox 514 2931 644 2986; x_wconf 84' lang='lat' dir='ltr'><strong>noverat</strong></span> <span class='ocrx_word' id='word_1_231' title='bbox 658 2925 775 3001; x_wconf 88' lang='lat' dir='ltr'><strong>omnia,</strong></span> <span class='ocrx_word' id='word_1_232' title='bbox 793 2923 942 2997; x_wconf 82' lang='lat' dir='ltr'><strong>Theseus,</strong></span> 
     </span>
     <span class='ocr_line' id='line_1_33' title="bbox 151 3008 746 3084; baseline 0.003 -15"><span class='ocrx_word' id='word_1_233' title='bbox 151 3010 190 3070; x_wconf 80' lang='lat' dir='ltr'><strong>tu</strong></span> <span class='ocrx_word' id='word_1_234' title='bbox 206 3008 276 3070; x_wconf 90' lang='lat' dir='ltr'><strong>visa</strong></span> <span class='ocrx_word' id='word_1_235' title='bbox 290 3025 325 3071; x_wconf 83' lang='lat' dir='ltr'><strong>es</strong></span> <span class='ocrx_word' id='word_1_236' title='bbox 340 3017 429 3070; x_wconf 82' lang='lat' dir='ltr'><strong>tanta</strong></span> <span class='ocrx_word' id='word_1_237' title='bbox 440 3009 533 3084; x_wconf 76' lang='lat' dir='ltr'><strong>digna</strong></span> <span class='ocrx_word' id='word_1_238' title='bbox 545 3009 656 3084; x_wconf 85' lang='lat' dir='ltr'><strong>rapina</strong></span> <span class='ocrx_word' id='word_1_239' title='bbox 671 3008 746 3082; x_wconf 88' lang='lat' dir='ltr'><strong>viro,</strong></span> 
     </span>
     <span class='ocr_line' id='line_1_34' title="bbox 109 3092 868 3169; baseline -0.004 -14"><span class='ocrx_word' id='word_1_240' title='bbox 109 3094 198 3155; x_wconf 81' lang='lat' dir='ltr'><strong>liora</strong></span> <span class='ocrx_word' id='word_1_241' title='bbox 211 3102 286 3155; x_wconf 85' lang='lat' dir='ltr'><strong>tuae</strong></span> <span class='ocrx_word' id='word_1_242' title='bbox 298 3093 399 3169; x_wconf 71' lang='lat' dir='ltr'><strong>geom</strong></span> <span class='ocrx_word' id='word_1_243' title='bbox 414 3092 509 3155; x_wconf 88' lang='lat' dir='ltr'><strong>nitida</strong></span> <span class='ocrx_word' id='word_1_244' title='bbox 526 3093 599 3154; x_wconf 89' lang='lat' dir='ltr'><strong>dum</strong></span> <span class='ocrx_word' id='word_1_245' title='bbox 613 3093 697 3154; x_wconf 84' lang='lat' dir='ltr'><strong>nudo</strong></span> <span class='ocrx_word' id='word_1_246' title='bbox 712 3095 868 3169; x_wconf 83' lang='lat' dir='ltr'><strong>palaestra</strong></span> 
     </span>
     <span class='ocr_line' id='line_1_35' title="bbox 52 3177 786 3241; baseline -0.01 0"><span class='ocrx_word' id='word_1_247' title='bbox 52 3187 99 3241; x_wconf 79' lang='lat' dir='ltr'><strong>tto</strong></span> <span class='ocrx_word' id='word_1_248' title='bbox 149 3178 247 3239; x_wconf 91' lang='lat' dir='ltr'><strong>Ludis</strong></span> <span class='ocrx_word' id='word_1_249' title='bbox 263 3184 295 3239; x_wconf 87' lang='lat' dir='ltr'><strong>ct</strong></span> <span class='ocrx_word' id='word_1_250' title='bbox 307 3194 343 3238; x_wconf 90' lang='lat' dir='ltr'><strong>es</strong></span> <span class='ocrx_word' id='word_1_251' title='bbox 357 3178 450 3238; x_wconf 89' lang='lat' dir='ltr'><strong>nudis</strong></span> <span class='ocrx_word' id='word_1_252' title='bbox 464 3178 577 3238; x_wconf 82' lang='lat' dir='ltr'><strong>lamina</strong></span> <span class='ocrx_word' id='word_1_253' title='bbox 593 3178 686 3239; x_wconf 86' lang='lat' dir='ltr'><strong>mixta</strong></span> <span class='ocrx_word' id='word_1_254' title='bbox 701 3177 786 3237; x_wconf 89' lang='lat' dir='ltr'><strong>viris.</strong></span> 
     </span>
     <span class='ocr_line' id='line_1_36' title="bbox 109 3260 1009 3339; baseline -0.002 -16"><span class='ocrx_word' id='word_1_255' title='bbox 109 3262 199 3339; x_wconf 78' lang='lat' dir='ltr'><strong>Quod</strong></span> <span class='ocrx_word' id='word_1_256' title='bbox 214 3262 332 3338; x_wconf 88' lang='lat' dir='ltr'><strong>rapuit,</strong></span> <span class='ocrx_word' id='word_1_257' title='bbox 352 3262 458 3323; x_wconf 89' lang='lat' dir='ltr'><strong>laudo.</strong></span> <span class='ocrx_word' id='word_1_258' title='bbox 478 3260 588 3335; x_wconf 89' lang='lat' dir='ltr'><strong>miror,</strong></span> <span class='ocrx_word' id='word_1_259' title='bbox 608 3261 694 3338; x_wconf 80' lang='lat' dir='ltr'><strong>quod</strong></span> <span class='ocrx_word' id='word_1_260' title='bbox 708 3260 842 3321; x_wconf 88' lang='lat' dir='ltr'><strong>reddidit</strong></span> <span class='ocrx_word' id='word_1_261' title='bbox 856 3274 1009 3336; x_wconf 78' lang='lat' dir='ltr'><strong>umquam</strong></span> 
     </span>
     <span class='ocr_line' id='line_1_37' title="bbox 151 3342 875 3422; baseline -0.007 -15"><span class='ocrx_word' id='word_1_262' title='bbox 151 3347 226 3407; x_wconf 83' lang='lat' dir='ltr'><strong>Tam</strong></span> <span class='ocrx_word' id='word_1_263' title='bbox 241 3345 325 3409; x_wconf 88' lang='lat' dir='ltr'><strong>bona</strong></span> <span class='ocrx_word' id='word_1_264' title='bbox 339 3353 517 3407; x_wconf 76' lang='lat' dir='ltr'><strong>constanter</strong></span> <span class='ocrx_word' id='word_1_265' title='bbox 532 3346 649 3422; x_wconf 84' lang='lat' dir='ltr'><strong>praeda</strong></span> <span class='ocrx_word' id='word_1_266' title='bbox 663 3345 797 3406; x_wconf 84' lang='lat' dir='ltr'><strong>tenenda</strong></span> <span class='ocrx_word' id='word_1_267' title='bbox 812 3342 875 3405; x_wconf 90' lang='lat' dir='ltr'><strong>luit.</strong></span> 
     </span>
     <span class='ocr_line' id='line_1_38' title="bbox 109 3430 859 3508; baseline -0.003 -17"><span class='ocrx_word' id='word_1_268' title='bbox 109 3434 190 3491; x_wconf 80' lang='lat' dir='ltr'><strong>Ante</strong></span> <span class='ocrx_word' id='word_1_269' title='bbox 204 3431 391 3492; x_wconf 83' lang='lat' dir='ltr'><strong>recessisset</strong></span> <span class='ocrx_word' id='word_1_270' title='bbox 405 3438 497 3508; x_wconf 83' lang='lat' dir='ltr'><strong>caput</strong></span> <span class='ocrx_word' id='word_1_271' title='bbox 513 3431 574 3492; x_wconf 89' lang='lat' dir='ltr'><strong>hoc</strong></span> <span class='ocrx_word' id='word_1_272' title='bbox 589 3430 711 3491; x_wconf 85' lang='lat' dir='ltr'><strong>cervice</strong></span> <span class='ocrx_word' id='word_1_273' title='bbox 724 3435 859 3505; x_wconf 83' lang='lat' dir='ltr'><strong>cruenta,</strong></span> 
     </span>
     <span class='ocr_line' id='line_1_39' title="bbox 153 3512 837 3591; baseline -0.006 -14"><span class='ocrx_word' id='word_1_274' title='bbox 153 3515 250 3591; x_wconf 79' lang='lat' dir='ltr'><strong>Quam</strong></span> <span class='ocrx_word' id='word_1_275' title='bbox 265 3522 299 3578; x_wconf 93' lang='lat' dir='ltr'><strong>tu</strong></span> <span class='ocrx_word' id='word_1_276' title='bbox 313 3515 353 3577; x_wconf 86' lang='lat' dir='ltr'><strong>do</strong></span> <span class='ocrx_word' id='word_1_277' title='bbox 366 3515 508 3577; x_wconf 87' lang='lat' dir='ltr'><strong>thalamis</strong></span> <span class='ocrx_word' id='word_1_278' title='bbox 523 3515 737 3578; x_wconf 86' lang='lat' dir='ltr'><strong>abstraherere</strong></span> <span class='ocrx_word' id='word_1_279' title='bbox 750 3512 837 3575; x_wconf 89' lang='lat' dir='ltr'><strong>mels.</strong></span> 
     </span>
    </p>
   </div>
   <div class='ocr_carea' id='block_1_4' title="bbox 0 0 1252 4042">
    <p class='ocr_par' dir='ltr' id='par_1_4' title="bbox 0 0 1252 4042">
     <span class='ocr_line' id='line_1_40' title="bbox 0 0 1252 4042; baseline 0 0"><span class='ocrx_word' id='word_1_280' title='bbox 0 0 1252 4042; x_wconf 95' lang='lat' dir='ltr'><strong> </strong></span> 
     </span>
    </p>
   </div>
  </div>
 </body>
</html>
