2467 4042
404 202 464 273 IV,
482 207 640 257 tas-503.
755 220 877 256 trusus
986 202 1026 266 79

101 365 281 449 ‘Perpetuas
303 371 416 450 patitur
438 387 571 449 poenas,
593 368 768 429 Athamanta
790 366 952 448 superbum

100 458 191 537 Regia
216 458 302 519 dives
324 457 414 519 habet
426 504 436 539 ,
459 459 511 536 qui
533 474 581 517 me
605 475 673 517 carm
696 459 821 536 coniuge
844 474 962 536 semper

100 546 220 625 Sprevit
234 541 266 607 t’
289 555 320 607 et
343 547 464 625 exponit
486 563 590 606 causas
612 545 732 623 odiique
754 547 895 626 viaeque,

42 645 87 694 tto
100 634 241 714 Quidque
265 635 359 696 velit.
387 634 466 712 quod
489 632 599 714 vellet,
622 641 708 714 erat,
730 651 769 694 ue
791 636 872 712 regia
895 632 996 694 Cadmi

100 723 223 803 Staret,
249 726 334 784 etin
357 723 473 783 lacinus
495 721 651 782 traherent
672 720 846 783 Athamanta
869 739 1003 783 sorores,

99 811 291 892 Imperium,
312 812 481 892 promissa,
503 826 609 889 preces
633 809 789 870 confundit
810 812 842 870 in
863 828 975 890 unum,

100 899 311 979 Sollicitatque
334 899 426 961 deas.
454 900 498 959 sic
520 898 593 959 baec
616 898 729 959 lunone
752 897 868 980 locuta,

101 988 268 1067 Tisiphone
292 1005 405 1068 canos,
427 995 462 1048 ut
484 995 549 1048 erat
560 1033 570 1068 ‚
591 986 712 1048 turbata
733 987 856 1066 capillos

44 1076 190 1137 aratione
213 1085 249 1138 et
273 1075 426 1137 obstantes
448 1077 555 1137 reiecit
575 1075 611 1136 ab
635 1093 688 1136 ore
711 1074 865 1159 colubras,

100 1169 194 1243 Atque
219 1167 266 1226 ita
288 1160 360 1225 ‘non
379 1164 474 1244 longis
497 1181 572 1245 opus
595 1172 643 1225 cst
664 1162 835 1242 ambagibus
847 1159 869 1246 ,'
891 1167 990 1245 inquit

102 1250 200 1315 ‘Facta
224 1262 322 1334 puta,
345 1271 550 1333 quaecumque
572 1251 681 1316 iubes:
702 1252 858 1314 inamabile
880 1271 1005 1334 regnum

103 1341 236 1424 besere,
261 1351 352 1421 teque
375 1342 456 1403 reier
479 1341 553 1402 caeli
575 1340 708 1402 melioris
731 1340 767 1401 ad
790 1337 903 1403 auras?

101 1429 189 1492 baete
212 1430 296 1492 redit
318 1429 414 1491 luno.
442 1448 530 1510 quam
553 1429 669 1491 caelum
690 1431 803 1492 intrare
826 1440 979 1510 parantem

48 1519 220 1581 tachoratis
245 1519 384 1580 lustravit
406 1520 490 1598 aquis
513 1517 723 1580 Thaumantias
745 1516 818 1580 lris.

103 1607 162 1669 Nec
184 1625 274 1669 mora
285 1656 296 1690 ,
318 1606 480 1688 Tisiphone
503 1605 697 1668 madefactam
720 1609 863 1686 sanguiue
886 1610 976 1670 sumit

103 1695 269 1776 inportuna
290 1695 408 1778 samm,
431 1694 582 1774 fluidoque
605 1713 713 1757 cruore
732 1694 891 1757 rubentem

105 1784 244 1848 ludtdtur
266 1784 396 1865 pallam,
417 1792 559 1863 tortoque
580 1784 744 1863 incingitur
765 1802 883 1867 angue,

104 1872 326 1953 Egrediturque
349 1872 458 1936 domo.
485 1871 598 1933 Luctus
622 1874 780 1934 comitatur
802 1882 922 1935 euntem

52 1968 94 2018 teo
106 1960 142 2022 lit
163 1962 262 2024 Pavor
284 1969 317 2023 et
338 1960 450 2022 Terror
472 1960 651 2042 trepidoque
672 1959 791 2022 Insania
807 1961 908 2023 vultu.

106 2048 219 2112 Limine
238 2052 437 2112 constiterat.
463 2057 565 2128 postes
588 2051 747 2111 tremuisse
765 2050 905 2111 feruutur

108 2138 219 2222 Aeolii,
238 2138 393 2219 pallorque
415 2139 496 2198 sores
517 2138 622 2199 iniecit
643 2138 795 2221 Avernus,

109 2226 214 2307 Solque
239 2227 339 2288 locum
361 2227 460 2305 fugit.
486 2227 629 2287 monstris
652 2228 793 2288 exterrita
816 2229 961 2310 coniunx,

109 2313 244 2379 Territus
267 2323 314 2377 est
335 2314 496 2394 Athamas.
523 2322 662 2394 tectoque
686 2317 768 2376 exire
790 2313 948 2395 parabant:

56 2410 99 2462 tto
110 2401 231 2467 Obstitit
251 2403 356 2465 infelix
377 2403 549 2482 aditumque
571 2402 688 2465 obsedit
709 2402 835 2485 Erinys,

108 2490 248 2574 Nexaque
268 2492 397 2572 vipereis
420 2490 593 2553 distendens
615 2490 755 2553 bracchia
777 2492 863 2554 nodis

111 2578 274 2644 Gaesariem
296 2582 449 2642 excussit.
476 2588 572 2641 motae
595 2598 724 2642 munere
748 2579 905 2645 colubrae:

110 2667 239 2751 Parsque
259 2672 359 2732 lacem
380 2670 515 2751 umeris,
535 2686 606 2749 pars
628 2672 742 2730 choum
763 2678 887 2751 pectora
908 2671 1005 2753 lapsae

112 2755 197 2821 Sihila
220 2759 293 2820 dant
314 2759 486 2837 saniemque
508 2765 632 2819 vomunt
652 2757 811 2838 linguaque
835 2771 1007 2826 coruscant.

58 2850 100 2902 tao
113 2843 178 2909 lude
202 2846 278 2908 duos
300 2846 406 2908 mediis
429 2845 579 2927 abrumpit
600 2847 734 2908 crinibus
757 2865 887 2932 angues,

111 2931 310 3016 Pestiferaque
333 2952 423 2996 manu
444 2943 547 3016 raptos
567 2936 702 2997 inmisit.
730 2936 825 2998 atilli

112 3020 254 3105 Inoosque
276 3026 361 3086 sinus
383 3023 652 3103 Athamanteosque
674 3032 849 3106 pererrant,

112 3107 315 3193 inspirantque
337 3130 442 3193 paves
464 3114 598 3175 animas.
626 3131 683 3174 nec
705 3111 828 3175 udnera
850 3111 992 3173 membris

114 3196 172 3262 lllla
193 3203 316 3284 lertmt3
339 3219 424 3263 meus
447 3209 515 3283 est,
539 3219 613 3281 quae
637 3201 719 3263 diros
742 3204 850 3263 sentiat
867 3203 961 3262 ictus.

61 3291 102 3345 too
114 3289 254 3353 Attulerat
274 3307 378 3353 secum
399 3289 505 3369 liquidi
527 3307 645 3369 quoque
664 3298 798 3353 monstra
820 3291 944 3368 veneni,

116 3374 178 3441 Oris
201 3377 342 3442 Cerberei
364 3396 485 3459 spumas
508 3386 540 3440 et
560 3380 643 3441 virus
665 3377 834 3460 Echidnae,

114 3462 292 3549 lictoresque
314 3485 404 3548 vagos
427 3484 592 3547 caecaeque
613 3467 720 3529 oblivia
742 3470 869 3549 mentis,
941 3499 947 3516 .

115 3551 265 3619 steens
287 3565 319 3619 et
340 3556 476 3618 lacrimas
502 3555 676 3637 rabiemque
703 3564 735 3618 et
757 3556 855 3617 caedis
879 3572 1025 3632 amorem,
