2467 4042
173 249 218 314 56
593 251 764 303 TRISTIUM

262 414 379 494 Quique
403 413 508 476 bovem
532 413 631 475 Siculo
655 416 751 475 lertur
774 413 899 476 donasse
923 422 1067 496 tyranno,

262 502 301 564 Et
323 503 411 564 dictis
434 511 514 564 artes
537 502 710 565 conciliasse
734 520 821 564 suas:

264 586 398 652 ‘lllnnere
421 593 452 651 in
470 591 549 671 hoc,
572 609 648 670 rex,
670 598 717 653 est
736 608 830 672 usus,
854 590 906 652 sed
924 592 1052 670 imagine
1073 595 1193 670 maior,

263 679 324 741 Nec
348 679 409 740 sola
431 686 478 740 est
500 681 600 758 operis
623 681 717 740 torma
740 679 891 759 probanda
913 682 988 740 mei.

214 769 379 848 conspicis
402 785 419 828 a
442 767 545 828 dextra
569 768 645 828 latus
668 768 725 829 hoc
747 767 908 847 adapertile
930 764 1034 829 tauri?

262 856 324 918 Hac
346 855 403 916 tibi
414 903 424 937 ,
448 873 537 935 quero
559 856 689 937 perdes,
712 854 906 917 coniciendus
928 858 1002 917 erit.

263 944 406 1005 Protinus
428 944 577 1005 inclusum
599 944 689 1006 lentis
713 944 892 1006 carbonibus
914 962 987 1007 ure:

263 1033 395 1113 Mugiet,
420 1040 450 1093 et
472 1035 536 1093 veri
558 1050 613 1093 vox
638 1034 696 1093 erit
718 1032 767 1094 illa
790 1031 890 1094 bovis.

263 1122 321 1182 Pro
346 1120 455 1199 quibus
477 1123 606 1182 inventis
618 1167 628 1202 ,
652 1129 686 1181 ut
708 1139 817 1182 munus
839 1138 963 1182 munere
985 1138 1114 1203 penses,

215 1224 248 1273 oo
263 1209 326 1290 lla,
349 1227 479 1290 precor,
501 1211 620 1288 ingenio
643 1211 774 1288 praemia
797 1209 884 1288 digna
907 1205 1000 1270 meol'

264 1297 405 1360 Dixerat.
441 1305 472 1358 et
494 1296 626 1359 Phalaris
650 1294 776 1359 ‘Poenae
799 1298 932 1359 mirande
955 1304 1116 1380 repertor,

263 1387 330 1466 lpse
355 1393 439 1447 tuum
462 1403 603 1466 praesens
627 1382 747 1447 imbue'
771 1385 846 1447 dixit
869 1381 981 1465 ‘opust’

263 1474 325 1536 Nec
347 1492 430 1535 mora
442 1520 451 1554 ,
474 1476 646 1536 monstratis
670 1474 831 1536 crudeliter
853 1474 972 1553 ignibus
995 1482 1084 1535 ustus

265 1562 408 1624 Exhibuit
430 1564 563 1642 geminos
586 1581 638 1624 ore
661 1571 798 1641 gemente
821 1580 927 1623 sonos,

216 1650 342 1722 nuncid
365 1650 438 1712 milri
461 1669 529 1712 cum
553 1650 661 1712 Siculis
684 1653 763 1712 inter
782 1650 991 1731 Scythiamque
1009 1650 1198 1733 Getasque?

264 1740 309 1800 Ad
332 1749 384 1819 te,
408 1741 544 1819 quisquis
567 1741 593 1799 is
617 1758 672 1820 es,
695 1747 796 1801 nostra
820 1738 951 1819 querella
973 1738 1069 1801 redit.

264 1828 362 1907 thue
386 1829 467 1888 sitim
489 1835 592 1889 nostro
615 1830 713 1907 possis
736 1828 854 1907 explere
878 1845 1002 1907 cruore,

265 1916 441 1995 Quantaque
464 1918 530 1996 vis,
553 1916 766 1995 avidogaudia
789 1914 879 1978 corde
903 1916 998 1976 ieras:

265 2004 323 2065 Tot
345 2004 420 2065 mala
443 2022 509 2065 sum
528 2006 646 2083 lugiens
669 2004 797 2085 tellure,
820 2011 866 2065 tot
888 2021 1017 2083 aequore
1038 2007 1177 2092 passus,

217 2107 251 2157 60
265 2092 308 2153 Te
332 2110 451 2172 qunque
474 2100 509 2154 ut
531 2093 639 2153 auditis
662 2110 750 2171 posse
773 2092 874 2154 dolere
897 2100 1015 2171 putem.

265 2181 360 2243 Crede
383 2180 477 2255 mihi,
501 2182 528 2241 si
550 2182 590 2241 sit
612 2181 699 2242 nobis
722 2181 846 2242 collatus
869 2179 986 2261 Ulixes,

265 2269 397 2349 Neptuni
419 2271 516 2329 minor
539 2278 585 2330 est
598 2316 607 2351 ,
631 2287 718 2348 quam
742 2268 818 2330 lovis
841 2271 885 2329 ira
908 2270 980 2330 luit.

265 2357 345 2436 Ergo
368 2358 549 2437 quicumque
572 2374 605 2418 es
617 2402 627 2438 ,
650 2358 832 2423 rescindere„
845 2358 968 2418 crimina
990 2356 1070 2439 noll,

265 2446 368 2525 Deque
391 2448 473 2525 gravi
495 2446 585 2506 duras
607 2445 731 2507 vulnere
753 2444 823 2507 tolle
846 2462 968 2506 manus.

219 2548 253 2597 cc
268 2533 365 2613 thue
387 2551 470 2595 meae
494 2534 599 2595 lamam
624 2541 749 2595 tenuent
771 2533 877 2594 oblivia
901 2533 1021 2614 cnlpae,

266 2622 356 2683 Facta
378 2624 549 2683 cicatricem
572 2621 683 2684 ducere
705 2629 807 2692 nostra
831 2624 911 2702 sine3

266 2710 478 2789 Humanaeque
502 2728 616 2770 memor
640 2712 751 2791 sortis,
775 2728 850 2789 quae
872 2709 951 2771 tollit
973 2708 1094 2771 eosdem

267 2798 306 2859 Et
327 2801 458 2879 premit,
480 2801 610 2859 incertas
633 2800 697 2878 ipse
720 2816 824 2859 verere
847 2796 943 2860 vicesl

266 2885 305 2947 Et
328 2889 467 2965 quoniam
479 2932 488 2967 ,
517 2887 582 2948 lieri
605 2886 684 2965 quod
709 2903 870 2965 numquam
892 2904 979 2966 posse
1003 2890 1128 2971 putavi,

219 2989 253 3038 ἰο
267 2974 321 3036 Est
342 2975 399 3036 tibi
421 2975 457 3035 de
481 2973 572 3036 rebus
595 2977 721 3036 maxima
744 2993 816 3036 cura
838 2976 931 3055 meis,

267 3062 332 3123 Non
351 3070 414 3143 est,
433 3062 512 3142 quod
531 3065 654 3124 timeas.
683 3064 800 3125 fortuna
819 3064 985 3123 miserrima
1003 3070 1110 3124 nostra
1132 3076 1205 3149 est,

268 3150 361 3212 Omne
385 3150 477 3212 trahit
498 3169 600 3214 secum
624 3151 758 3213 Caesaris
781 3154 826 3212 ira
848 3150 975 3212 malum.

191 3223 196 3238 ⁸
268 3238 352 3311 Quod
376 3241 470 3317 magis
488 3248 523 3301 ut
544 3240 674 3322 liqueat,
693 3258 766 3301 neve
785 3239 842 3301 hoc
860 3257 915 3318 ego
934 3240 1044 3320 tingere
1065 3242 1205 3325 credar,

269 3328 357 3408 lpse,
379 3327 489 3410 volum,
513 3346 624 3408 poenas
648 3329 801 3408 experiare
824 3345 922 3389 meas.
