2467 4042
204 681 262 777 nti
287 679 563 778 niniunntnli
591 681 736 777 inurit
763 681 905 778 itinn.

454 908 655 916 ffl-

125 1066 266 1177 Diseitu
290 1118 371 1177 quae
386 1102 496 1163 ieciern
515 1101 708 1162 commendet
723 1117 812 1175 cure,
839 1103 967 1177 puellae,

169 1187 208 1248 Et
224 1203 287 1263 quo
303 1187 344 1248 sit
358 1186 451 1247 vobis
466 1186 566 1247 forma
579 1187 692 1246 tuenda
708 1186 812 1246 modo.

126 1271 235 1332 Cultus
250 1270 375 1332 humum
392 1270 526 1330 sterilem
541 1270 678 1331 Gereatis
694 1270 831 1345 pendere
845 1269 935 1332 iussit

170 1354 315 1427 Munere,
334 1353 499 1414 mordaces
515 1354 656 1414 interiere
669 1352 746 1413 rubi.

98 1438 235 1504 §Cultus
249 1445 279 1497 et
293 1437 324 1497 in
339 1438 441 1514 pennis
457 1453 569 1498 suecos
584 1438 727 1497 emendat
740 1438 881 1509 acerbes,

172 1521 321 1597 cultuque
336 1522 501 1599 adoptivus
516 1522 628 1597 accipit
642 1521 734 1581 arbor
747 1537 835 1597 opes.

126 1606 214 1666 culta
230 1606 362 1681 placent.
386 1620 462 1666 euro
476 1604 618 1666 sublimia
631 1612 712 1667 teuta
729 1606 869 1679 linuntur,

168 1689 263 1766 Nigra
278 1689 338 1750 sub
353 1689 498 1766 imposito
512 1704 665 1751 marmore
682 1697 762 1749 terra
776 1690 862 1749 tutet:

125 1774 253 1833 Vellera
268 1787 366 1850 saepe
380 1773 490 1834 eadem
503 1773 597 1852 Tyrio
612 1773 802 1834 medicantur
816 1777 910 1833 e‘enon

88 1871 118 1922 ro
174 1857 288 1917 Sectile
303 1858 422 1917 deliciis
436 1858 524 1916 India
538 1858 666 1933 praebet
680 1856 765 1917 ebur.

126 1941 271 2002 Forsitan
287 1940 434 2017 antiquae
447 1940 533 2002 Tatio
548 1940 606 2001 sub
621 1956 695 2016 rege
710 1940 844 2001 Sabinae

169 2024 357 2098 Malueram,
381 2040 474 2101 quern
489 2039 539 2100 se,
561 2040 633 2085 rura
649 2031 776 2101 paterne
788 2024 863 2085 coli=

127 2109 203 2170 Cum
219 2116 375 2183 matrona,
398 2124 542 2184 premens
561 2109 654 2170 ultum
668 2108 839 2170 rubicunda
856 2109 960 2179 sedite

168 2193 344 2254 Assiduum
358 2193 435 2253 duro
451 2193 564 2269 pollice
578 2193 672 2253 nebat
686 2209 776 2268 opus,

89 2291 118 2343 ιδ
128 2278 267 2354 ipsaque
281 2275 445 2337 claudebat
460 2292 540 2353 quos
554 2277 617 2336 filia
635 2285 777 2352 paverat,
800 2292 907 2352 agnos,

169 2361 245 2438 Ipsa
259 2361 355 2421 dabat
368 2360 474 2437 virgus
489 2375 645 2436 caesaque
659 2361 743 2437 ligne
757 2362 838 2422 ioco.

126 2445 168 2506 At
181 2453 309 2506 nestrae
323 2452 438 2505 matres
452 2451 574 2505 teneras
590 2459 741 2521 peperere
755 2445 885 2520 puetias.

167 2529 271 2590 Vultis
287 2527 425 2589 inaurata
439 2543 572 2605 corpore
585 2535 673 2589 veste
687 2529 758 2604 tegi,

125 2613 229 2674 Vultis
245 2612 395 2674 odoratos
410 2614 512 2688 positu
525 2613 649 2672 variare
664 2614 803 2688 capillus,

87 2711 119 2761 to
170 2696 364 2773 Conspicuas
379 2697 508 2773 gemmis
525 2696 616 2758 vultis
633 2696 746 2757 habere
763 2714 887 2760 manus=

126 2781 255 2842 Induitis
271 2781 353 2841 eollo
367 2781 489 2857 lapides
505 2781 622 2842 oriente
638 2780 760 2857 petitos,

168 2865 209 2927 Et
224 2872 358 2941 quantes
373 2880 453 2926 onus
468 2872 517 2926 est
530 2881 604 2925 aure
619 2865 727 2925 tulisse
745 2867 834 2927 duos.

126 2949 189 3009 Nee
204 2956 306 3010 tamen
324 2949 496 3025 indignum,
520 2949 547 3009 si
562 2948 654 3009 vobis
669 2964 742 3009 eura
757 2951 907 3026 placendi,

171 3033 246 3094 curn
262 3040 404 3108 comptos
422 3033 555 3094 habeant
570 3034 695 3094 saecuta
709 3042 814 3096 nostra
829 3035 921 3096 viros.

86 3129 119 3181 25
128 3116 275 3178 Feminea
287 3117 384 3178 vestri
399 3117 555 3194 poliuntur
568 3118 637 3193 lege
651 3119 758 3191 mariti,

168 3201 209 3262 Et
225 3201 279 3261 vix
294 3199 335 3261 ad
350 3203 450 3263 cultus
465 3208 576 3278 nupta,
599 3203 684 3277 quod
699 3203 806 3275 addat,
827 3202 928 3263 habet.

125 3286 185 3348 Prn
201 3302 236 3348 se
253 3300 397 3363 quaeque
411 3292 520 3362 parent
535 3301 613 3360 quos
630 3293 659 3346 et
672 3294 823 3346 venentur
836 3302 968 3360 umores,

166 3371 283 3433 Refert.
307 3371 456 3431 munditia
471 3368 597 3430 erimine
611 3372 694 3430 nulia
708 3377 834 3430 merent.

125 3456 209 3516 Rure
222 3457 319 3515 latent
332 3454 512 3531 finguntque
526 3468 641 3514 eomas.
665 3454 736 3515 lieet
751 3454 866 3515 arduus
881 3456 948 3515 ilias

87 3548 119 3602 en
171 3539 256 3600 celet
268 3538 384 3615 Athos,
408 3540 504 3599 nultus
519 3539 599 3598 uitus
614 3537 737 3598 hebebit
750 3539 859 3599 Athos.

1027 3399 1071 3416 δα·
