2467 4042
426 227 454 301 l,
475 225 540 291 679
551 263 589 273 -
602 227 675 292 754.
1005 234 1063 300 187

109 385 206 460 Quod
219 381 348 457 refugit,
370 382 483 442 multae
498 381 646 457 cupiunt·
658 383 753 443 odere
768 385 851 458 quod
866 385 968 447 instat

155 468 275 529 Lenius
288 466 434 528 instando
448 467 550 527 taedia
565 468 638 526 tolle
654 474 705 527 tm.

109 554 179 615 Nec
193 566 322 627 semper
335 550 459 611 veneris
474 566 549 625 spes
565 557 612 611 est
629 551 801 625 profitenda
814 556 948 629 roganti:

46 644 99 701 777)
153 637 252 698 Intret
265 636 417 698 amicitiae
432 636 555 695 nomine
569 643 668 695 tectus
683 651 777 697 amor.

110 723 182 784 Hoc
196 720 284 781 aditu
299 720 363 780 vidi
380 719 506 780 tetricae
521 720 592 779 data
605 719 702 780 verba
717 721 852 796 puellae:

156 805 215 880 Qui
231 805 331 866 iuerat
345 806 460 877 cultor,
484 805 581 864 lactus
597 810 715 864 amator
728 812 802 864 erat.

112 889 274 950 Candidus
290 890 320 948 in
336 894 430 949 nauta
443 887 540 963 turpis
556 889 651 948 color.
673 890 819 964 aequoris
835 891 917 949 unda

155 973 257 1035 Debet
272 979 303 1033 et
316 988 336 1032 a
349 972 446 1032 radiis
464 972 576 1032 sideris
591 986 664 1032 esse
679 972 780 1048 uigere

49 1066 98 1122 lta
108 1059 222 1134 liupis
238 1064 269 1118 et
282 1056 452 1131 agricolae,
474 1056 526 1130 qui
541 1071 666 1116 vomere
681 1071 804 1131 semper
817 1058 937 1119 adunco

154 1142 192 1202 lit
205 1139 355 1217 gravibus
370 1140 479 1201 rastris
494 1139 552 1200 sub
567 1142 642 1200 love
659 1148 763 1200 versat
779 1141 912 1201 humum.

110 1226 150 1287 Et
163 1226 235 1298 tibi,
257 1224 416 1285 Palladiae
431 1224 542 1299 petitur
555 1224 604 1284 cui
621 1225 723 1300 palma
736 1240 879 1298 coronae,

155 1309 296 1371 candida
311 1309 339 1369 si
354 1309 466 1368 luerint
480 1323 628 1382 corpora,
648 1308 747 1383 turpis
761 1309 832 1368 eris.

108 1393 229 1455 Palleat
244 1393 346 1454 omnis
360 1408 478 1452 amans.
498 1390 549 1452 bic
563 1399 611 1451 est
625 1392 713 1452 color
726 1400 816 1468 aptus
832 1392 954 1453 amanti.

50 1486 99 1543 777)
149 1479 220 1538 Hoc
236 1477 335 1537 decet
358 1476 419 1536 hoc
432 1475 517 1539 multi
531 1491 593 1536 non
608 1475 745 1536 valuisse
759 1483 876 1552 putent.

109 1560 248 1622 Pallidus
264 1560 296 1620 in
310 1561 408 1620 linces
422 1559 509 1621 silvis
524 1560 647 1621 errabat
659 1561 755 1635 adon,
1020 1594 1051 1605 «-

154 1645 293 1706 Pallidus
310 1644 341 1704 in
358 1646 440 1704 lenta
454 1645 546 1705 naide
560 1643 699 1720 Daphnis
715 1651 790 1705 erat.

111 1732 231 1806 Arguat
244 1734 277 1789 et
289 1728 406 1789 macies
420 1729 563 1788 animum.
586 1744 645 1788 neo
659 1735 748 1803 turpe
762 1729 879 1806 putaris

150 1813 315 1875 Palliolum
331 1812 435 1874 nitidis
450 1811 630 1888 inposuisse
646 1814 753 1873 comis.

52 1906 98 1964 ido
107 1899 278 1960 Attenuant
291 1897 436 1957 iuvenum
450 1896 594 1972 vigilatae
608 1912 742 1972 corpora
755 1904 863 1958 noctes

152 1983 298 2057 Curaque
312 1988 344 2041 et
357 1996 375 2041 e
390 1996 501 2055 magno
516 1981 569 2055 qui
584 1982 618 2041 m
633 1997 753 2055 amore,
778 1981 877 2043 dolor.

109 2067 150 2128 iit
161 2073 238 2127 voto
255 2065 375 2142 potiare
390 2071 458 2139 tuo,
478 2064 660 2126 miserabilis
672 2073 750 2139 esto,

150 2151 192 2212 Ut
207 2150 261 2226 qui
276 2156 307 2213 te
320 2149 440 2224 videat,
463 2149 566 2211 dicere
581 2150 682 2225 possit
696 2152 818 2211 ‘amas’

111 2236 307 2311 conquerar,
331 2249 371 2293 an
386 2248 528 2293 moneam
542 2234 667 2295 mixtum
683 2235 730 2296 las
746 2248 837 2295 omne
852 2235 1022 2309 nefasquet

55 2325 101 2383 lto
149 2319 270 2381 Nomen
285 2316 418 2378 amicitia
432 2324 493 2392 est,
516 2333 627 2378 nomen
643 2318 734 2378 inane
748 2319 840 2379 fides.

110 2403 145 2464 lii
159 2402 249 2478 mibi,
272 2417 335 2462 non
350 2407 446 2461 tutum
460 2411 522 2476 est,
546 2403 629 2477 quod
643 2418 744 2478 aines,
768 2403 894 2463 laudare
909 2403 1021 2462 sodali·

152 2487 228 2547 Cum
246 2486 300 2545 tibi
315 2486 452 2545 laudanti
467 2486 610 2562 credidit,
634 2488 703 2563 ipse
718 2487 808 2547 subit.

111 2572 150 2631 At
165 2587 228 2631 non
244 2570 411 2630 Actorides
427 2571 536 2631 lectum
552 2570 713 2632 temeravit
725 2571 865 2632 Achillis.

151 2654 303 2730 Quantum
322 2655 363 2714 ad
377 2653 557 2729 Pirithoum,
580 2655 719 2716 Phaedra
736 2656 849 2732 pudica
864 2656 928 2716 luit.

57 2746 100 2800 777
110 2738 304 2799 Hermionam
320 2737 455 2817 Pylades
471 2755 534 2814 quo
548 2739 674 2801 Pallada
687 2739 846 2813 Phoebus,
869 2742 997 2813 amabat,

151 2822 305 2898 Quodque
320 2822 373 2883 tibi
388 2824 543 2898 geminus,
564 2825 714 2902 Tyndari,
739 2825 861 2899 Castor,
884 2831 958 2884 erat.

111 2903 214 2983 Siquis
229 2907 312 2967 idem
328 2913 448 2982 sperat,
470 2910 603 2968 iacturas
618 2925 711 2984 poma
726 2910 859 2985 myricas

150 2990 276 3068 Sperat,
298 2998 329 3051 et
343 3006 361 3050 e
376 2992 477 3052 medio
493 2991 619 3054 flumine
634 2994 723 3053 mella
739 3001 830 3069 petat.

112 3074 156 3135 tiu
169 3075 229 3135 nisi
244 3083 335 3151 turpe
348 3075 441 3136 iuvat.
464 3091 558 3138 curae
572 3093 631 3138 sna
645 3078 757 3153 cuique
773 3079 926 3153 voluptas.

60 3162 101 3221 tto
147 3158 233 3220 Haec
248 3175 376 3235 quoque
392 3159 431 3219 ab
446 3161 570 3221 alterius
585 3169 672 3236 grata
687 3163 794 3223 dolore
808 3162 900 3222 venit.

112 3243 176 3304 Heu
193 3244 328 3304 lacinus!
351 3259 413 3304 oon
429 3253 477 3306 est
492 3245 591 3307 bostis
606 3247 788 3307 metuendus
803 3246 924 3307 amanti.

151 3327 234 3403 Quos
250 3327 353 3388 eredis
368 3328 465 3404 lidos,
485 3328 602 3405 eiiugc,
625 3337 705 3391 tutus
721 3330 792 3391 eris.
959 3392 960 3395 ,

112 3409 277 3487 Cognatum
293 3412 480 3488 fratremque
494 3429 572 3474 cave
587 3430 755 3490 carumque
770 3419 924 3477 sodalem

149 3494 312 3558 Praebebit
324 3512 418 3559 veros
432 3498 510 3558 baec
522 3498 577 3558 tibi
592 3499 682 3559 truita
695 3506 804 3562 metus.
