2467 4042
444 217 501 286 vl,
520 223 678 274 ese-ees.
777 237 904 274 emm
1009 217 1073 283 125

144 385 350 465 vipereasque
374 387 434 446 ciet
457 383 557 464 Stygia
580 385 616 446 de
639 383 713 446 valle
736 401 873 446 sorores:

143 474 188 535 Et
210 474 321 554 modo,
344 475 371 534 si
393 482 518 554 posset,
540 482 673 536 reserato
696 481 818 553 pectore
843 473 922 534 diras

144 562 281 642 Egerere
304 560 374 622 inde
396 561 487 642 dapes
510 579 684 641 emersaque
707 563 821 623 viscera
843 563 950 641 gestit:

68 663 130 714 ces
145 650 217 712 Flet
238 650 350 731 modo,
373 668 465 729 seque
488 658 574 711 vocat
595 649 718 713 bustum
739 649 909 712 miserabile
932 651 1011 711 nati:

144 739 236 800 Nunc
259 741 396 819 sequitur
419 738 499 801 nudo
521 741 636 818 genitas
657 738 809 800 Pandione
831 739 930 800 lerro.

146 827 282 908 Corpora
305 825 502 907 Cecropidum
523 829 631 907 pennis
648 827 779 908 pendere
797 835 936 908 putares:
972 840 994 880 t·
1007 838 1072 881 xciv·

145 915 324 977 Pendehant
345 918 473 995 pennis.
501 933 628 995 quarum
650 917 727 996 petit
749 915 840 977 altera
862 915 968 997 silvas,

146 1005 251 1065 Altera
274 1012 352 1065 tecta
375 1003 478 1085 subit;
500 1023 597 1083 neque
621 1003 718 1066 adhuc
740 1003 778 1065 de
800 1014 922 1085 pectore
945 1003 1044 1066 caedis

72 1107 133 1156 tro
147 1093 316 1155 Excessere
338 1102 445 1170 uotae,
467 1095 641 1172 signataque
664 1095 808 1172 sanguine
830 1093 931 1173 pluma
954 1101 1016 1154 est.

147 1181 203 1243 llle
226 1180 329 1243 dolore
351 1199 406 1243 suo
429 1199 602 1261 poenaeque
626 1180 764 1261 cupidine
787 1181 872 1242 velox

148 1270 285 1331 Vertitur
306 1270 338 1330 in
361 1268 535 1351 volucrem,
557 1273 606 1332 cui
629 1277 709 1331 stam
731 1272 763 1330 in
786 1272 897 1332 vertice
921 1272 1047 1350 cristae,

148 1359 306 1419 Prominet
327 1358 509 1420 inmodicum
531 1358 691 1439 praelonga
714 1358 836 1438 cuspide
859 1366 1009 1420 rostrum.

148 1447 266 1508 Nomen
289 1446 390 1527 Epops
413 1446 525 1508 volucri
537 1494 547 1529 ,
570 1447 662 1508 facies
684 1454 795 1508 armata
816 1447 951 1509 videtur.
1017 1482 1022 1490 ·

76 1548 133 1598 eae
196 1534 252 1596 llic
274 1534 360 1595 dolor
385 1543 454 1596 ante
481 1536 560 1597 diem
586 1534 750 1616 longaeque
779 1543 911 1597 extrema
937 1545 1075 1598 senectae

149 1625 300 1703 Tempora
323 1623 480 1685 Tartareas
502 1623 655 1685 Pandiona
676 1626 759 1686 misit
781 1623 817 1684 ad
840 1623 978 1686 umbras.

150 1713 278 1792 Sceptra
300 1711 359 1772 loci
380 1729 542 1792 rerumque
565 1715 645 1793 capit
667 1713 857 1774 moderamen
871 1711 1074 1795 Erechtheus,

150 1802 268 1862 lustitia
290 1800 415 1862 dubium
426 1848 436 1881 ,
459 1800 599 1863 validisne
622 1804 774 1881 potentior
796 1803 903 1862 armis.

152 1889 300 1960 Quattuor
322 1888 372 1950 ille
395 1888 515 1969 quidem
537 1892 661 1952 iuvenes
679 1889 862 1969 totidemque
886 1899 1003 1952 crearat

80 1991 137 2040 oso
151 1978 310 2039 Femineae
333 1980 446 2039 sortis:
464 1978 517 2040 sed
540 1986 606 2041 erat
627 1996 682 2059 par
704 1980 799 2040 forma
822 1979 966 2060 duarum,

150 2065 179 2127 E
201 2065 309 2146 quihus
332 2065 469 2127 Aeolides
492 2065 639 2147 Cephalus
661 2075 692 2128 te
715 2069 841 2147 coniuge
864 2066 953 2147 ielix,

151 2155 280 2236 Procri,
302 2155 380 2216 luit:
402 2154 515 2218 Boreae
538 2154 653 2217 Tereus
675 2154 866 2235 Thracesque
888 2154 1036 2217 nocebant
1043 2203 1053 2236 ,

151 2242 324 2322 Dilectaquc
347 2243 398 2304 diu
421 2245 518 2304 caruit
540 2243 614 2305 deus
638 2242 789 2325 Orithyia,

152 2330 229 2392 Dum
251 2339 338 2410 rogat
359 2339 391 2392 et
411 2330 553 2412 precihus
576 2331 688 2394 mavult
710 2349 799 2411 quam
821 2331 933 2394 viribus
957 2335 1017 2394 uti.

83 2433 138 2482 ece
152 2422 207 2481 Ast
228 2419 282 2482 uhi
299 2418 450 2481 blanditiis
472 2422 570 2499 agitur
591 2420 688 2501 nihil,
710 2419 851 2482 horridus
873 2423 934 2504 ira,

154 2508 236 2579 Quae
260 2507 346 2569 solita
368 2516 416 2569 est
437 2507 481 2569 illi
502 2511 687 2588 nimiumque
711 2508 872 2570 domestica
894 2517 1000 2590 rento,

154 2593 205 2658 ‘Et
227 2598 334 2657 merito
348 2591 368 2657 l'
391 2597 466 2658 dixit
489 2593 572 2675 ‘quid
594 2599 675 2658 enim
697 2615 764 2659 mea
786 2596 845 2658 tela
867 2598 992 2679 reliqui,

153 2684 312 2746 Saevitiam
335 2694 366 2746 et
388 2687 467 2746 vires
490 2687 625 2765 iramque
648 2687 821 2764 animosque
843 2687 992 2769 minaces,

152 2773 335 2852 Admovique
357 2791 486 2854 preces,
509 2792 636 2853 quarum
658 2792 706 2835 me
729 2773 854 2836 dedecet
875 2770 975 2836 usus?

84 2876 139 2924 ceo
152 2863 229 2943 Apta
251 2862 324 2923 mihi
346 2863 391 2923 ris
410 2870 478 2924 cst:
500 2865 529 2922 vi
552 2863 649 2924 tristia
671 2861 773 2923 nubila
793 2862 891 2944 pello,

153 2949 188 3011 Vi
211 2951 288 3011 freta
309 2953 469 3033 concutio,
492 2950 663 3030 nodosaque
686 2951 794 3012 rohora
816 2960 918 3032 verto,

153 3038 326 3117 luduroque
348 3041 431 3100 nives
453 3047 485 3100 et
507 3048 602 3101 terras
625 3039 767 3119 grandine
786 3039 890 3120 pulso.

153 3127 236 3188 ldem
258 3145 314 3206 ego
337 3145 405 3189 oum
427 3128 535 3189 iratres
558 3127 639 3189 caelo
663 3147 729 3190 sum
751 3136 857 3190 nactus
880 3136 982 3208 aperto
1006 3160 1048 3171 -

152 3216 228 3277 Nam
251 3215 323 3277 mihi
345 3234 468 3296 campus
489 3218 517 3277 is
540 3226 652 3277 est-
676 3225 758 3279 tanto
785 3217 937 3278 molimine
960 3216 1075 3297 luctor,

83 3318 137 3366 een
153 3304 193 3365 Ut
215 3304 331 3366 medius
353 3307 465 3366 nostris
488 3304 684 3367 concursibus
707 3307 826 3367 insonet
848 3305 969 3387 aether,

151 3392 340 3473 Exiliantque
365 3394 444 3454 cavis
466 3392 533 3455 elisi
555 3392 685 3455 nubibus
707 3396 810 3474 ignes.

151 3482 234 3543 ldem
262 3499 316 3561 ego
339 3500 408 3543 cum
432 3480 510 3544 suhii
533 3500 664 3544 convexa
686 3482 830 3544 foramina
852 3491 969 3565 terrae,

151 3568 363 3651 Suhposuique
387 3571 469 3632 ferox
492 3573 560 3632 imis
583 3588 649 3632 mea
671 3579 755 3650 terga
778 3572 930 3652 cavernis,
