2467 4042
393 234 443 287 IIL
463 245 510 285 vu
522 236 667 286 43—vn11
683 239 724 287 12.
1023 236 1064 301 51

143 395 206 458 Nee
224 394 357 476 caelum,
375 413 431 456 nec
450 414 542 476 aquae
558 397 688 477 iaciunt,
707 415 763 459 nee
777 404 875 480 terra,
889 418 945 461 nen
963 418 1066 483 aurae,

144 483 181 545 Ei
203 484 300 563 mihi,
321 492 486 564 perpetuus
510 503 636 565 corpora
659 486 783 563 languor
806 485 912 549 habeti

56 621 58 624 .
97 584 130 633 25
146 572 207 633 Seu
229 574 334 633 vitiant
356 581 439 634 artus
462 590 567 652 aegrae
590 576 725 653 contagia
747 578 873 655 mentis,

146 659 213 721 Sive
236 662 294 721 mei
317 677 406 721 causa
429 670 475 722 est
497 663 528 721 in
552 664 673 741 regione
696 661 782 742 mali,

144 747 184 808 Ut
201 750 286 827 tetigi
307 746 458 828 Pontum,
480 757 588 810 vexant
609 753 776 830 insomnia,
799 753 907 831 vixque

145 835 219 897 Ossa
242 838 316 915 tegit
338 839 448 897 macies
460 881 470 916 ,
492 855 549 898 nec
571 839 653 899 iuvat
674 856 726 899 nra
749 839 853 920 cihus3

145 923 262 1003 Quique
284 942 339 1003 per
362 932 536 985 autumnum
558 928 710 1005 percussis
733 926 844 1006 frigore
866 930 962 1006 primo

95 1024 130 1072 30
144 1011 199 1073 Est
221 1012 303 1072 color
326 1014 356 1072 in
380 1012 481 1093 loliis,
505 1030 580 1092 qnae
604 1032 679 1074 nova
701 1013 787 1076 laesit
808 1014 921 1096 hiems,

143 1099 172 1161 ls
195 1117 260 1161 mea
281 1099 415 1161 membra
437 1108 542 1181 tenet;
577 1118 634 1163 nee
657 1101 770 1163 viribus
793 1103 912 1164 adlevor
934 1104 1020 1188 ullis,

142 1187 181 1250 Et
203 1206 364 1268 numquam
387 1189 505 1267 queruli
527 1207 616 1250 causa
639 1189 750 1251 doloris
773 1190 873 1254 abest.

113 1327 115 1332 .
143 1276 204 1338 Nec
216 1276 323 1338 melius
338 1276 435 1357 valen,
453 1295 542 1356 quam
556 1295 682 1357 corpore
690 1326 698 1358 ,
712 1287 827 1360 mente,
850 1280 903 1341 sed
916 1298 1004 1361 aegra
1018 1291 1065 1343 est

142 1363 274 1444 Utraque
297 1383 483 1443 persaeque
506 1365 634 1445 binaque
658 1365 763 1428 damna
786 1369 867 1429 lero.

94 1463 128 1512 35
143 1450 253 1512 Haeret
275 1461 306 1513 et
328 1461 395 1513 ante
419 1453 522 1515 ocules
545 1454 636 1516 veluti
659 1455 819 1535 spectabile
843 1474 953 1536 eorpus

143 1544 227 1601 Astat
249 1540 386 1602 fortunae
408 1541 503 1602 forma
525 1542 649 1621 legenda
672 1560 772 1604 meaee

142 1628 276 1708 Cumque
307 1629 406 1691 lenum
442 1647 600 1711 moresque
636 1630 789 1693 bominum
826 1631 983 1712 cultusque
1016 1652 1061 1695 so·

601 1737 733 1799 numque

143 1805 321 1886 Cernimus,
344 1814 375 1868 et
398 1807 469 1887 quid
493 1808 550 1869 sim
573 1807 645 1888 quid
667 1808 857 1890 fuerimque,
880 1808 978 1892 subit,

142 1892 255 1955 Tantus
277 1911 361 1955 amor
380 1897 462 1956 necis
485 1906 532 1957 est
543 1943 553 1976 ,
576 1913 685 1974 querar
704 1905 738 1957 ut
760 1915 829 1959 cum
844 1897 977 1959 Caesaris
1000 1901 1061 1981 ira,

97 1993 132 2042 40
147 1981 232 2052 Quod
255 2000 315 2043 nen
338 1984 465 2044 offensas
488 1984 618 2045 vindicet
640 2002 710 2046 ense
734 2003 820 2047 suas.

142 2074 180 2130 nt
202 2074 340 2150 queniam
364 2071 456 2132 semel
479 2079 525 2132 est
548 2071 615 2132 odio
639 2072 764 2135 civiliter
788 2092 880 2153 usus,

140 2157 252 2220 blutatc
275 2159 369 2221 levior·
392 2160 522 2239 eitinga
546 2167 647 2221 nestra
670 2160 753 2223 local

494 2353 610 2428 VIIII.

141 2509 196 2572 Hic
219 2529 337 2591 qunque
360 2521 431 2574 sunt
453 2515 544 2593 igitur
567 2513 671 2575 Graiae
690 2517 815 2594 -quis
842 2513 1000 2579 crederet?
1017 2549 1058 2559 -

599 2602 691 2664 urbes

138 2688 220 2751 inter
242 2689 420 2751 inhumanae
443 2693 562 2753 nomina
585 2690 755 2773 barbariae,

139 2776 205 2840 Huc
227 2796 348 2859 qunque
371 2777 471 2840 Mileto
493 2782 577 2841 missi
600 2797 708 2841 venere
732 2780 846 2861 coloni,

41 2928 44 2933 .
138 2866 232 2947 lnque
255 2867 338 2928 Getis
362 2866 463 2928 Graias
482 2871 667 2930 constituere
690 2868 801 2931 domus.

107 2955 197 3015 esen
220 2965 306 3017 retus
328 2956 398 3016 huic
420 2973 528 3016 nemen
550 2958 707 3036 positaque
730 2958 881 3036 antiquius
906 2955 978 3018 urbe

139 3041 261 3103 Constat
284 3042 320 3104 ab
344 3041 464 3122 Absyrti
485 3043 575 3104 caede
598 3044 690 3104 luisse
714 3044 798 3105 loco.

138 3130 212 3191 Nam
234 3137 321 3210 rate,
343 3147 419 3209 quae
442 3148 514 3192 eura
536 3132 681 3210 pugnacis
704 3131 779 3191 iacta
801 3130 949 3192 Mineruae

137 3216 195 3279 Per
218 3235 279 3278 non
301 3224 460 3296 temptatas
481 3220 577 3298 prima
601 3221 735 3279 cucurrit
758 3235 867 3298 aquas,

138 3305 230 3385 Impia
253 3306 405 3368 desertum
427 3306 544 3386 iugiens
567 3306 670 3367 Medea
691 3315 846 3386 parentem

89 3406 123 3458 10
138 3395 252 3456 llicitnr
274 3394 322 3456 lris
344 3412 443 3455 remos
466 3396 644 3474 applicuisse
667 3394 767 3456 vadis.

138 3484 234 3555 Quem
256 3482 362 3562 procul
384 3493 418 3544 nt
440 3484 515 3545 vidit
537 3482 651 3545 tumulo
674 3483 842 3563 speculator
865 3481 901 3544 ab
925 3483 1000 3562 alto,

137 3567 284 3654 ‘Hospes'
308 3574 349 3634 ait
372 3568 497 3654 bosen,
520 3571 681 3652 Colchide,
706 3570 790 3653 vela,
813 3567 922 3633 venitl'

859 3671 895 3726 4zr.
