2467 4042
187 241 231 306 54
364 257 462 293 enum
599 237 778 292 METAMM.

275 405 449 467 Formarat.
477 412 562 484 rogat
583 404 633 465 1110
655 402 754 465 lovem
776 405 841 466 sine
864 406 983 467 nomine
1007 424 1149 488 munus;

276 494 331 556 Cui
353 494 427 556 deus
451 488 538 573 ‘elige
551 488 572 576 ,'
596 494 637 554 ait
659 488 782 554 ‘nullam
803 494 916 573 patiere
940 494 1120 574 repulsam.

210 596 262 646 teo
276 582 401 663 Quoque
424 583 516 662 magis
539 581 644 643 credas
656 629 666 662 ,
690 580 784 662 Stygii
807 600 926 661 quoque
948 585 1072 645 conscia
1099 590 1194 645 sunto

276 671 403 733 Numina
425 671 590 752 torrentis,
612 672 702 732 timor
724 677 755 732 et
777 668 851 732 deus
873 670 923 732 ille
946 671 1076 733 deorum
1089 666 1113 732 .'

276 760 365 822 Laeta
387 759 463 821 malo
486 760 670 838 nimiumque
692 766 799 839 potens
821 761 1015 840 perituraque
1038 763 1178 823 amantis

277 846 426 929 Obsequio
451 847 566 909 Semele
590 843 719 927 ‘qualem
743 842 892 909 Saturnia'
915 847 998 910 dixit

277 933 331 999 ‘Te
355 937 430 999 solet
453 936 613 1017 amplecti,
631 934 755 998 Veneris
777 954 847 997 oum
868 936 974 998 ioedus
997 939 1110 1019 initis,

212 1026 319 1089 000110
341 1025 414 1087 mihi
435 1032 465 1087 te
488 1019 607 1086 talem?
635 1023 727 1085 voluit
749 1023 824 1086 deus
847 1042 899 1085 ora
921 1024 1076 1105 loquentis

277 1114 474 1195 opprimere:
497 1115 610 1175 exierat
632 1115 690 1173 iam
712 1130 768 1173 ron
789 1121 949 1193 properata
970 1112 1028 1175 001)
1052 1133 1168 1176 auras.

276 1203 444 1283 Ingemuit3
467 1220 564 1281 neque
587 1203 667 1262 enim
689 1219 749 1262 nou
772 1200 845 1263 haec
868 1208 1010 1285 optasse,
1028 1221 1138 1284 neque
1161 1199 1207 1263 ille

276 1290 342 1353 Non
364 1293 479 1352 iurasse
501 1298 624 1371 potest.
652 1308 722 1370 ergo
745 1292 962 1352 maestissimus
985 1290 1083 1353 altum

277 1378 403 1441 Aethera
426 1378 622 1460 conscendit,
644 1378 787 1458 vultuque
810 1381 966 1458 sequentia
984 1382 1078 1441 traxit

211 1481 263 1532 000
276 1466 404 1550 Nubila,
427 1469 494 1548 quis
516 1465 634 1528 nimbos
655 1468 837 1547 inmixtaque
860 1466 978 1547 fulgura
1000 1472 1103 1530 ventis

277 1556 396 1619 Addidit
418 1564 448 1618 et
470 1558 599 1617 tonitrus
623 1564 654 1617 et
675 1554 843 1617 inevitabile
865 1555 996 1619 lulmeu,

277 1646 342 1718 Qua
364 1653 463 1707 tamen
486 1662 582 1724 usque
604 1652 725 1727 potest,
739 1646 826 1706 'vires
848 1643 906 1706 sihi
919 1644 1040 1706 demere
1055 1655 1203 1726 temptat3

276 1734 338 1796 Neo
350 1782 360 1815 ,
384 1752 442 1814 quo
466 1735 667 1795 centimanum
690 1732 839 1795 deiecerat
860 1735 929 1813 igne
951 1733 1116 1816 Typhoea,

277 1822 363 1885 Nunc
386 1830 518 1883 armatur
541 1840 599 1884 eo:
622 1823 747 1883 nimium
769 1821 896 1883 feritatis
918 1823 948 1883 in
972 1822 1024 1882 illo
1047 1832 1116 1884 est.

211 1922 262 1974 000
277 1909 333 1973 Est
354 1910 433 1973 aliud
456 1910 550 1972 levius
573 1910 708 1991 lulmeu,
731 1912 780 1972 cui
803 1909 906 1971 dextra
929 1909 1095 1991 Cyclopum

278 2000 421 2062 Saevitiae
439 1999 633 2079 flammaeque
656 2001 782 2080 minus,
804 2000 903 2062 minus
926 1997 1039 2059 addidit
1060 2001 1147 2079 irae3

276 2087 347 2150 'l'ela
369 2087 499 2150 secunda
521 2097 628 2149 vocant
650 2089 774 2168 superi.
802 2089 881 2167 capit
901 2086 973 2168 illa,
995 2087 1181 2167 domumque

277 2177 372 2238 lutrat
394 2177 598 2257 Agenoream.
627 2193 737 2256 corpus
760 2175 882 2237 mortale
905 2175 1052 2238 tumultus

276 2264 342 2327 Non
364 2264 433 2327 tulit
455 2264 625 2346 aetherios,
648 2264 793 2345 donisque
815 2263 961 2344 iugalibus
984 2266 1076 2325 arsit.

211 2366 262 2416 tto
277 2354 463 2434 inperfectus
486 2352 582 2416 adlruc
604 2352 701 2414 inians
724 2355 884 2432 genetricis
905 2351 942 2413 ab
964 2351 1028 2413 alvo

276 2441 431 2524 Eripitur,
453 2443 610 2523 patrioque
624 2449 710 2504 tener
724 2472 766 2485 -
781 2443 808 2502 si
821 2440 944 2502 credere
959 2441 1083 2520 dignum
1098 2450 1146 2503 est
1159 2472 1193 2483 -

277 2531 409 2592 lusuitur
431 2532 538 2592 femori
560 2538 752 2609 maternaque
775 2538 910 2610 tempora
932 2528 1078 2609 complet.

277 2618 391 2681 Furtim
413 2618 496 2681 illum
513 2621 618 2700 primis
641 2618 693 2679 luo
716 2626 875 2680 matertera
899 2620 984 2680 00010

276 2706 412 2770 Educet:
435 2708 503 2770 indo
527 2708 629 2770 datum
651 2705 796 2787 nymphae
818 2705 961 2786 Nyseides
984 2707 1079 2767 antris

210 2795 525 2859 0100000100000010
547 2795 692 2876 lactisque
715 2795 853 2857 alimenta
876 2794 1002 2856 dedere.

320 2884 456 2965 Dumque
480 2902 514 2947 ea
535 2902 590 2965 per
612 2893 709 2946 terras
731 2883 812 2946 iatali
834 2883 900 2963 lege
922 2890 1088 2963 geruntur,

276 2972 412 3053 Tutaque
431 2971 477 3034 bis
500 2974 593 3053 geniti
615 2979 686 3034 sunt
707 2970 886 3033 incunabula
907 2969 1032 3052 Bacchi,

276 3061 365 3123 Forte
388 3060 487 3123 lovem
509 3069 697 3141 memorant,
720 3060 860 3122 diiiusum
878 3067 1021 3140 nectare,
1044 3076 1136 3120 curas

277 3149 452 3230 Seposuisse
475 3167 601 3231 graves,
624 3166 774 3227 vacuaque
797 3151 924 3229 agitasse
946 3150 1088 3209 remissos

209 3251 262 3301 tao
277 3237 351 3300 Cum
373 3238 486 3300 lunone
510 3240 592 3299 iocos
615 3246 647 3299 et
670 3233 776 3297 ‘maior
797 3244 896 3297 restra
918 3236 1053 3316 proiecto
1077 3244 1144 3313 est,

276 3326 370 3398 Onam
394 3344 469 3406 quae
493 3327 639 3406 contingit
660 3319 804 3386 maribus’
828 3323 937 3385 dixisse
960 3318 1140 3403 ‘volrrptas.’

275 3414 327 3477 llla
350 3423 459 3494 negat.
485 3414 619 3496 placuit,
643 3415 777 3493 quaesit
799 3415 945 3474 sententia
968 3411 1049 3473 docti

276 3502 427 3574 Quaerere
449 3502 604 3565 Tiresiae:
621 3501 721 3562 Venus
743 3500 814 3561 lruic
837 3508 902 3560 erat
924 3507 1051 3580 utraque
1069 3508 1159 3564 uota.

275 3589 349 3649 Nam
371 3589 430 3651 duo
453 3607 629 3670 magnorum
652 3587 739 3650 viridi
762 3590 900 3650 coeuntia
922 3588 993 3650 silva
1098 3599 1124 3641 1·
1138 3611 1190 3641 ω-
