2467 4042
472 292 605 356 1-68.

103 451 205 510 Effice
220 455 371 509 nocturna
386 446 542 521 frangatur
555 447 647 506 ianua
661 446 737 518 rixa,

146 534 187 594 Et
201 539 286 608 tegat
300 537 424 592 ornatas
438 530 533 590 multa
547 544 663 590 corona
677 531 776 590 iores:

103 618 168 678 Fae
184 616 298 677 coe'ant
312 613 412 674 furtim
428 613 556 673 iuvenes
570 613 755 688 timidaeque
771 614 900 691 puellae,

149 701 319 775 Verbaque
334 699 408 758 dent
422 705 511 758 cauto
526 697 661 772 qnalibet
674 705 739 757 arte
752 697 837 758 viro:

58 786 145 848 salit
157 785 255 846 modo
271 782 449 855 blanditias,
470 781 569 856 rigido
582 780 676 841 modo
693 781 790 856 iurgia
807 783 889 856 posti

147 870 252 942 Dicat,
275 874 305 928 et
318 867 465 926 exclusus
480 863 582 925 flebile
598 871 699 925 cantet
712 881 831 925 amans.

102 954 160 1013 His
175 951 312 1012 lacrimis
328 956 488 1011 contentus
502 950 563 1008 eris
578 949 646 1008 sine
660 947 785 1008 crimine
799 950 915 1011 mortis.

146 1037 218 1098 Non
232 1044 286 1097 tua
299 1035 352 1094 iax
367 1033 477 1093 avidos
493 1032 585 1108 digna
599 1032 704 1093 subire
718 1037 836 1108 rogos!

100 1121 190 1180 Haec
206 1135 276 1195 ego.
297 1119 396 1178 movit
408 1119 506 1177 Amor
518 1123 687 1191 gemmatas
703 1132 815 1177 aureus
829 1120 905 1194 alas,

53 1216 94 1267 40
149 1204 189 1263 Et
205 1203 278 1263 mihi
293 1200 498 1278 ‘propositum
515 1200 644 1275 perlice’
658 1200 735 1260 dixit
749 1202 866 1277 ‘opus’

100 1288 154 1347 Ad
170 1302 257 1361 mea,
277 1284 398 1361 decepti
414 1285 557 1358 iuvenes,
577 1291 745 1359 praecepta
758 1285 868 1360 venite,

148 1371 235 1445 Quos
251 1386 326 1430 suus
341 1385 379 1428 ex
398 1369 480 1429 omni
495 1375 580 1444 parte
595 1367 701 1427 leiellit
715 1383 809 1428 amor.

100 1454 222 1516 Discite
234 1453 351 1526 sanari,
374 1468 536 1529 perquem
552 1450 703 1512 didicistis
717 1468 836 1512 amaret

145 1539 217 1600 Una
229 1553 338 1598 manus
352 1535 444 1598 vobis
459 1536 571 1596 vulnus
586 1551 740 1610 opemque
755 1537 840 1596 ieret.

53 1631 93 1686 46
105 1622 203 1683 Terra
217 1622 368 1682 salutares
382 1618 510 1694 herbas,
533 1620 705 1695 eademque
719 1627 865 1681 nocentes

146 1706 261 1778 Nutrit,
283 1712 314 1764 et
327 1705 441 1764 urticae
456 1703 595 1779 proxima
609 1716 705 1777 saepe
722 1718 795 1763 rosa
809 1712 866 1764 est.

102 1791 226 1850 Vulnus
243 1789 273 1848 in
287 1789 442 1848 Herculeo
458 1802 539 1862 quae
554 1787 710 1860 quondam
725 1787 839 1848 iecerat
852 1788 950 1865 hoste,

146 1873 294 1934 Vulneris
308 1872 453 1932 auxilium
465 1870 565 1930 Pelias
582 1870 672 1929 hasta
685 1871 760 1930 tulit.

104 1958 170 2019 Sed
186 1971 398 2031 quaecumque
412 1954 503 2028 viris,
524 1952 616 2014 vobis
633 1969 757 2030 quoque
772 1955 867 2030 dicta,
892 1957 1022 2033 puellae,

55 2054 96 2105 50
151 2040 281 2101 Credite.
304 2038 437 2099 diversis
451 2037 589 2114 partibus
604 2039 823 2100 armadamus.

103 2126 129 2184 E
145 2124 259 2199 quibus
274 2121 315 2183 ad
329 2129 450 2183 vestros
466 2121 570 2197 siquid
587 2138 649 2183 non
667 2122 797 2197 pertlnet
811 2139 896 2199 usne,

147 2215 289 2276 Attamen
305 2208 446 2282 exemplo
460 2206 555 2266 multa
569 2206 683 2266 docere
696 2214 809 2281 potest.

102 2293 187 2355 Utile
201 2290 395 2367 propositum
410 2297 458 2351 est
473 2306 585 2350 saevas
602 2290 780 2363 extinguere
794 2291 943 2358 flammas.

146 2376 211 2436 Nec
229 2390 351 2435 servum
367 2374 431 2433 vitii
447 2381 555 2450 pectus
568 2373 683 2435 habere
698 2375 756 2435 sui.

55 2472 93 2525 55
104 2460 249 2520 Vixisset
260 2458 391 2537 Phyllis,
414 2458 441 2518 si
457 2474 506 2518 me
522 2459 599 2519 ieret
614 2473 672 2518 usa
687 2459 842 2535 magistro,

148 2544 188 2603 Et
202 2559 259 2619 per
273 2542 356 2618 quod
372 2542 494 2618 novies,
517 2542 644 2617 saepius
659 2541 736 2603 isset
749 2545 814 2603 iter.

101 2629 168 2688 Nec
183 2625 318 2688 moriens
336 2626 415 2686 Dido
431 2642 549 2687 summa
564 2626 694 2686 vidisset
705 2625 744 2685 ab
760 2642 831 2687 arce

146 2711 319 2772 Dardanias
334 2717 427 2770 vento
443 2712 511 2771 vela
524 2710 650 2771 dedisse
664 2717 758 2771 rates.

100 2797 168 2856 Nec
182 2795 274 2855 dolor
286 2802 436 2854 armasset
450 2801 556 2854 contra
569 2810 628 2854 sua
640 2795 761 2855 viscera
775 2804 910 2872 matrem,

56 2892 95 2944 60
153 2879 239 2954 Quae
253 2879 330 2939 socii
345 2879 457 2938 damno
473 2877 631 2953 sanguinis
647 2880 711 2939 ulta
725 2879 823 2940 virum
837 2888 894 2941 est.

101 2965 178 3024 Arte
192 2979 262 3023 mea
274 2963 405 3037 Tereus,
428 2963 569 3038 quamvis
582 2961 750 3023 Philomela
764 2965 908 3040 placeret,

145 3048 205 3108 Per
219 3046 337 3106 lacinus
353 3046 419 3107 lieri
433 3062 494 3108 non
509 3047 671 3107 meruisset
685 3048 763 3108 avis.

102 3133 150 3192 Da
164 3131 238 3191 mihi
252 3130 438 3205 Pasiphaen,
461 3130 521 3190 iam
537 3130 614 3191 tauri
629 3139 724 3206 ponet
738 3148 888 3193 amorem=

146 3216 194 3277 Da
206 3214 392 3288 Phaedram,
413 3214 572 3280 Phaedrae
586 3215 684 3290 turpis
698 3215 793 3276 abibit
810 3233 905 3278 arrror.

57 3310 94 3364 65
105 3298 216 3359 Redde
229 3298 330 3357 Parim
345 3298 450 3372 nubis,
472 3298 606 3359 Helenen
622 3299 781 3360 Menelaus
795 3299 930 3373 habebit,

146 3383 210 3443 Nec
224 3381 366 3442 manibus
380 3382 495 3444 Danais
509 3382 657 3458 Pergama
670 3383 753 3444 victa
768 3384 886 3444 cadent

102 3466 202 3543 Impia
215 3466 243 3527 si
257 3472 381 3528 nostros
397 3466 524 3542 legisset
535 3466 643 3546 Scylla
657 3468 786 3542 libellos,

145 3548 310 3612 Haesisset
324 3548 415 3627 capiti
431 3566 579 3626 purpum,
601 3551 690 3623 Nise,
713 3559 777 3613 tuo.
