2467 4042
163 259 244 327 ⁴tto
428 285 440 310 ι
558 260 830 355 nrrsrunan.

307 413 374 473 Non
389 411 477 491 Idyia
492 428 606 487 parens
625 413 851 490 Clmlciopeque
868 431 967 475 soror.

265 499 338 558 Tale
353 495 429 556 nihil
440 497 542 556 timeo.
581 496 644 557 Sed
658 511 716 557 nec
731 496 841 557 Medea
854 497 989 559 timebat.

307 581 432 641 Fallitur
446 580 573 656 augurio
588 596 667 655 spes
678 580 761 640 bona
780 597 876 657 saepe
890 599 958 643 suo.

203 675 251 729 ’135
266 664 412 726 Omnibus
430 665 585 739 invenies,
608 680 687 740 quae
702 680 784 725 nuno
798 667 948 728 iactantur
962 663 992 727 in
1006 669 1084 742 alto,

265 828 267 831 v
306 748 442 808 Navibus
458 765 476 809 a
490 754 581 824 portu
593 750 663 808 lene
678 748 774 810 tuisse
790 749 907 810 iratum.

264 832 328 891 Fax
345 848 469 908 quoque
486 848 535 892 me
550 839 655 904 terret,
680 848 771 908 quam
788 849 823 893 se
837 835 998 910 peperisse
1013 842 1192 898 cruentam

308 917 389 976 Ante
405 917 486 976 diem
501 921 605 991 partus
623 923 671 976 est
685 923 737 976 tua
753 916 821 977 visa
836 933 968 992 parens=

262 1002 299 1061 m
314 1006 415 1061 vatum
430 1000 522 1060 timeo
537 1001 686 1073 monitus,
709 1017 790 1076 quos
804 1004 875 1076 igne
889 1001 1020 1078 Pelasgo

200 1097 251 1148 alo
303 1084 379 1144 Ilion
396 1101 536 1146 arsurum
551 1085 784 1160 praemonuisse
800 1087 909 1146 lerunt.

263 1171 364 1245 thue
379 1169 460 1228 iavet
475 1168 627 1247 Cytlrerea
643 1167 710 1241 tibi,
735 1167 807 1243 quia
824 1169 910 1244 vicit,
930 1170 1089 1247 habetque

305 1252 393 1313 Parta
408 1269 464 1327 per
479 1252 636 1313 arbitrium
651 1250 724 1312 bina
740 1257 868 1327 tropaea
881 1260 974 1325 tuum,

263 1336 316 1397 Sic
330 1337 398 1396 illas
415 1352 539 1411 vereor,
563 1352 657 1413 quae,
681 1336 708 1395 si
725 1343 777 1396 tua
793 1335 891 1411 gloria
907 1353 982 1397 vera
999 1345 1057 1411 est,

306 1420 410 1481 Iudice
424 1426 453 1479 te
471 1436 595 1481 causam
610 1434 671 1480 non
687 1426 815 1480 tenuere
829 1420 917 1481 duae.

201 1513 249 1567 ato
260 1504 324 1564 Nec
342 1504 491 1580 dubitem,
515 1505 603 1579 quin,
624 1510 655 1565 te
670 1504 696 1563 si
712 1519 899 1580 prosequar,
920 1521 1005 1566 arma
1020 1513 1194 1581 parentur.

304 1588 362 1649 Ibit
376 1603 430 1662 per
445 1588 582 1663 gladios,
602 1588 630 1647 ei
645 1588 732 1649 milri!
757 1594 863 1648 noster
877 1605 970 1650 amor.

261 1675 309 1731 An
330 1673 395 1731 fera
411 1671 569 1733 Centauris
588 1671 724 1733 indicere
739 1671 820 1732 bella
835 1674 936 1748 coegit

305 1755 426 1817 Atracis
440 1756 628 1817 Haemonios
645 1755 850 1831 Hippodamia
865 1758 959 1832 viros,

262 1842 306 1902 Tu
321 1840 389 1900 lore
402 1846 464 1900 tam
480 1840 560 1900 iusta
575 1841 690 1900 lentum
704 1840 864 1901 Menelaon
880 1840 909 1899 in
926 1841 971 1900 ira

200 1933 251 1987 uso
302 1924 340 1985 Et
354 1923 495 1999 geminos
510 1924 619 1985 iratres
634 1924 892 2003 Tyndareumque
905 1932 1018 1999 putast

263 2006 350 2081 Quod
364 2008 444 2068 bene
458 2016 488 2068 te
507 2005 602 2068 iactes
618 2015 649 2069 et
662 2008 751 2069 roma
766 2008 847 2067 iacta
862 2008 1010 2085 loquaris,

305 2094 333 2152 Α
350 2092 451 2151 verbis
469 2092 565 2152 iacies
581 2091 711 2153 dissidet
728 2092 786 2152 ista
801 2091 877 2152 suis.

218 2179 220 2183 ’
262 2177 342 2250 Apta
357 2175 455 2255 magis
469 2176 589 2251 veneri,
612 2193 704 2251 quarn
718 2180 789 2236 sunt
801 2183 854 2236 tua
869 2191 1000 2250 corpora
1015 2179 1119 2239 marti.

303 2259 389 2320 Bella
404 2266 512 2335 gerant
527 2260 633 2320 fortes.
648 2267 701 2335 tu,
721 2259 804 2332 Pari,
827 2275 951 2334 semper
965 2276 1042 2320 ama.

201 2354 249 2406 ²55
261 2344 408 2417 Hectora,
431 2359 521 2419 quem
539 2344 663 2419 laudas,
689 2359 744 2419 pro
762 2349 793 2403 te
809 2358 948 2418 pugnare
965 2343 1079 2406 iubeto.

304 2427 410 2487 Militia
424 2437 472 2489 est
488 2428 592 2504 operis
608 2430 703 2488 altera
717 2427 810 2502 digna
826 2428 898 2487 tuis.

262 2512 316 2571 His
331 2527 406 2588 ego,
426 2513 452 2572 si
469 2527 610 2587 saperem
625 2513 782 2588 pauloque
797 2510 945 2572 audacior
959 2527 1070 2588 essem,

304 2597 420 2656 Uterer.
443 2602 559 2671 utetur,
578 2597 670 2672 siqua
688 2596 789 2672 puella
806 2595 901 2671 sapio

261 2683 324 2741 Aut
339 2696 397 2755 cgo
415 2680 557 2756 deposito
571 2680 682 2741 faciam
696 2681 830 2741 tortasse
844 2680 973 2755 pudore,

199 2773 249 2827 260
301 2763 339 2824 El
353 2765 433 2825 dabo
450 2771 575 2825 cunctas
591 2770 730 2840 tempore
747 2763 827 2824 victa
844 2779 963 2824 manus.

262 2848 350 2923 Quod
365 2847 462 2925 petis,
483 2855 516 2909 nt
531 2849 632 2909 iurtim
646 2854 826 2924 praesentes
841 2849 899 2908 ista
913 2848 1084 2924 loquamur,

305 2931 425 2993 Scimus
441 2932 515 3010 quid
531 2939 636 3008 captes
653 2931 912 3009 conloquiumque
926 2946 1032 2993 voces.

263 3015 323 3076 Sed
337 3016 461 3077 nimium
475 3033 642 3093 properas,
658 3024 688 3078 et
698 3016 801 3077 adhuc
812 3022 864 3077 tua
874 3016 985 3076 messis
997 3016 1026 3076 in
1039 3017 1137 3077 herba
1147 3027 1207 3080 eet

303 3101 387 3162 Haec
403 3117 489 3162 mora
505 3102 544 3162 sit
559 3109 631 3162 voto
647 3103 750 3162 lorsan
770 3101 867 3161 amica
882 3107 944 3161 tuo.

198 3193 247 3248 265
258 3185 423 3248 Hactenus.
449 3201 593 3246 arcanum
610 3185 740 3247 furtivae
756 3185 882 3246 conscia
896 3181 1005 3243 mentis

303 3269 414 3331 Littera
429 3269 489 3330 iam
504 3271 588 3331 lasso
607 3270 719 3346 pollice
733 3269 820 3330 sistat
835 3285 925 3344 opus.

262 3354 368 3414 Cetera
384 3371 439 3430 per
453 3355 557 3415 socias
571 3355 737 3432 Clymenen
755 3352 962 3427 Aethramque
979 3352 1152 3428 loquamur,

304 3438 386 3510 Quae
401 3435 472 3498 milri
491 3446 561 3499 sunt
579 3439 707 3500 comites
723 3436 947 3511 consiliumque
962 3434 1052 3495 duae,

593 3582 787 3593 ...ι-ω
