<?xml version="1.0" encoding="UTF-8"?>
<!DOCTYPE html PUBLIC "-//W3C//DTD XHTML 1.0 Transitional//EN"
    "http://www.w3.org/TR/xhtml1/DTD/xhtml1-transitional.dtd">
<html xmlns="http://www.w3.org/1999/xhtml" xml:lang="en" lang="en">
 <head>
  <title>
</title>
<meta http-equiv="Content-Type" content="text/html;charset=utf-8" />
  <meta name='ocr-system' content='tesseract 3.04.00' />
  <meta name='ocr-capabilities' content='ocr_page ocr_carea ocr_par ocr_line ocrx_word'/>
</head>
<body>
  <div class='ocr_page' id='page_1' title='image "./povidiusnaso00ehwagoog_1194.png"; bbox 0 0 2467 4042; ppageno 0'>
   <div class='ocr_carea' id='block_1_1' title="bbox 209 197 808 263">
    <p class='ocr_par' dir='ltr' id='par_1_1' title="bbox 209 197 808 263">
     <span class='ocr_line' id='line_1_1' title="bbox 209 197 808 263; baseline 0 -14"><span class='ocrx_word' id='word_1_1' title='bbox 209 197 275 263; x_wconf 74' lang='lat'><strong>313</strong></span> <span class='ocrx_word' id='word_1_2' title='bbox 615 197 808 251; x_wconf 78' lang='lat' dir='ltr'><strong>rasnonuu</strong></span> 
     </span>
    </p>
   </div>
   <div class='ocr_carea' id='block_1_2' title="bbox 230 361 1201 3613">
    <p class='ocr_par' dir='ltr' id='par_1_2' title="bbox 231 361 1201 2730">
     <span class='ocr_line' id='line_1_2' title="bbox 297 361 1026 444; baseline 0 -21"><span class='ocrx_word' id='word_1_3' title='bbox 297 361 362 425; x_wconf 89' lang='lat' dir='ltr'><strong>lbat</strong></span> <span class='ocrx_word' id='word_1_4' title='bbox 374 409 383 444; x_wconf 92' lang='lat'><strong>,</strong></span> <span class='ocrx_word' id='word_1_5' title='bbox 405 370 440 423; x_wconf 88' lang='lat' dir='ltr'><strong>ut</strong></span> <span class='ocrx_word' id='word_1_6' title='bbox 462 361 581 423; x_wconf 84' lang='lat' dir='ltr'><strong>Oceano</strong></span> <span class='ocrx_word' id='word_1_7' title='bbox 605 369 782 440; x_wconf 79' lang='lat' dir='ltr'><strong>quereretur</strong></span> <span class='ocrx_word' id='word_1_8' title='bbox 805 361 881 423; x_wconf 87' lang='lat' dir='ltr'><strong>lacta</strong></span> <span class='ocrx_word' id='word_1_9' title='bbox 904 364 1026 443; x_wconf 72' lang='lat' dir='ltr'><strong>mariti,</strong></span> 
     </span>
     <span class='ocr_line' id='line_1_3' title="bbox 341 448 1011 513; baseline 0.001 -2"><span class='ocrx_word' id='word_1_10' title='bbox 341 449 463 511; x_wconf 84' lang='lat' dir='ltr'><strong>Restitit</strong></span> <span class='ocrx_word' id='word_1_11' title='bbox 485 449 521 510; x_wconf 91' lang='lat' dir='ltr'><strong>ad</strong></span> <span class='ocrx_word' id='word_1_12' title='bbox 544 459 662 511; x_wconf 88' lang='lat' dir='ltr'><strong>nostras</strong></span> <span class='ocrx_word' id='word_1_13' title='bbox 685 450 763 510; x_wconf 85' lang='lat' dir='ltr'><strong>sessa</strong></span> <span class='ocrx_word' id='word_1_14' title='bbox 786 448 886 511; x_wconf 89' lang='lat' dir='ltr'><strong>labore</strong></span> <span class='ocrx_word' id='word_1_15' title='bbox 910 450 1011 513; x_wconf 87' lang='lat' dir='ltr'><strong>iores.</strong></span> 
     </span>
     <span class='ocr_line' id='line_1_4' title="bbox 232 531 1157 617; baseline 0 -16"><span class='ocrx_word' id='word_1_16' title='bbox 232 550 284 600; x_wconf 73' lang='lat' dir='ltr'><strong>tut</strong></span> <span class='ocrx_word' id='word_1_17' title='bbox 298 538 391 610; x_wconf 83' lang='lat' dir='ltr'><strong>Quam</strong></span> <span class='ocrx_word' id='word_1_18' title='bbox 415 536 503 599; x_wconf 89' lang='lat' dir='ltr'><strong>simul</strong></span> <span class='ocrx_word' id='word_1_19' title='bbox 526 540 649 617; x_wconf 89' lang='lat' dir='ltr'><strong>aspexi,</strong></span> <span class='ocrx_word' id='word_1_20' title='bbox 673 531 771 616; x_wconf 75' lang='lat' dir='ltr'><strong>“quid</strong></span> <span class='ocrx_word' id='word_1_21' title='bbox 795 545 846 613; x_wconf 88' lang='lat' dir='ltr'><strong>te,</strong></span> <span class='ocrx_word' id='word_1_22' title='bbox 871 537 1013 598; x_wconf 84' lang='lat' dir='ltr'><strong>Saturnia</strong></span> <span class='ocrx_word' id='word_1_23' title='bbox 1027 534 1071 616; x_wconf 89' lang='lat'><strong>,”</strong></span> <span class='ocrx_word' id='word_1_24' title='bbox 1097 540 1157 601; x_wconf 92' lang='lat' dir='ltr'><strong>dixi</strong></span> 
     </span>
     <span class='ocr_line' id='line_1_5' title="bbox 342 619 1158 709; baseline 0.004 -23"><span class='ocrx_word' id='word_1_25' title='bbox 342 621 471 687; x_wconf 77' lang='lat' dir='ltr'><strong>“Attulit</strong></span> <span class='ocrx_word' id='word_1_26' title='bbox 484 619 527 686; x_wconf 67' lang='lat' dir='ltr'><strong>‘r‘’&#39;</strong></span> <span class='ocrx_word' id='word_1_27' title='bbox 552 627 696 704; x_wconf 80' lang='lat' dir='ltr'><strong>exponit,</strong></span> <span class='ocrx_word' id='word_1_28' title='bbox 719 643 809 704; x_wconf 90' lang='lat' dir='ltr'><strong>quem</strong></span> <span class='ocrx_word' id='word_1_29' title='bbox 832 634 935 706; x_wconf 84' lang='lat' dir='ltr'><strong>petat,</strong></span> <span class='ocrx_word' id='word_1_30' title='bbox 958 625 1010 687; x_wconf 87' lang='lat' dir='ltr'><strong>illa</strong></span> <span class='ocrx_word' id='word_1_31' title='bbox 1036 626 1158 709; x_wconf 69' lang='lat' dir='ltr'><strong>mcum,</strong></span> 
     </span>
     <span class='ocr_line' id='line_1_6' title="bbox 297 712 1062 776; baseline 0.001 -1"><span class='ocrx_word' id='word_1_32' title='bbox 297 713 416 776; x_wconf 74' lang='lat' dir='ltr'><strong>Addidit</strong></span> <span class='ocrx_word' id='word_1_33' title='bbox 439 722 469 774; x_wconf 88' lang='lat' dir='ltr'><strong>et</strong></span> <span class='ocrx_word' id='word_1_34' title='bbox 491 731 633 775; x_wconf 85' lang='lat' dir='ltr'><strong>causam.</strong></span> <span class='ocrx_word' id='word_1_35' title='bbox 674 713 772 774; x_wconf 85' lang='lat' dir='ltr'><strong>verbis</strong></span> <span class='ocrx_word' id='word_1_36' title='bbox 796 712 911 775; x_wconf 84' lang='lat' dir='ltr'><strong>solabar</strong></span> <span class='ocrx_word' id='word_1_37' title='bbox 933 716 1062 776; x_wconf 85' lang='lat' dir='ltr'><strong>amicis.</strong></span> 
     </span>
     <span class='ocr_line' id='line_1_7' title="bbox 342 796 1159 882; baseline 0.004 -20"><span class='ocrx_word' id='word_1_38' title='bbox 342 796 464 863; x_wconf 72' lang='lat' dir='ltr'><strong>“Non&#39;&#39;</strong></span> <span class='ocrx_word' id='word_1_39' title='bbox 488 803 586 882; x_wconf 88' lang='lat' dir='ltr'><strong>inquit</strong></span> <span class='ocrx_word' id='word_1_40' title='bbox 609 796 736 862; x_wconf 78' lang='lat' dir='ltr'><strong>“verbis</strong></span> <span class='ocrx_word' id='word_1_41' title='bbox 760 820 832 863; x_wconf 82' lang='lat' dir='ltr'><strong>cura</strong></span> <span class='ocrx_word' id='word_1_42' title='bbox 854 801 977 863; x_wconf 85' lang='lat' dir='ltr'><strong>levanda</strong></span> <span class='ocrx_word' id='word_1_43' title='bbox 999 820 1074 864; x_wconf 80' lang='lat' dir='ltr'><strong>mea</strong></span> <span class='ocrx_word' id='word_1_44' title='bbox 1098 814 1159 865; x_wconf 85' lang='lat' dir='ltr'><strong>est.</strong></span> 
     </span>
     <span class='ocr_line' id='line_1_8' title="bbox 299 889 1026 971; baseline -0.003 -19"><span class='ocrx_word' id='word_1_45' title='bbox 299 890 331 951; x_wconf 90' lang='lat' dir='ltr'><strong>Si</strong></span> <span class='ocrx_word' id='word_1_46' title='bbox 354 899 439 971; x_wconf 90' lang='lat' dir='ltr'><strong>pater</strong></span> <span class='ocrx_word' id='word_1_47' title='bbox 461 899 507 952; x_wconf 87' lang='lat' dir='ltr'><strong>est</strong></span> <span class='ocrx_word' id='word_1_48' title='bbox 529 892 626 951; x_wconf 88' lang='lat' dir='ltr'><strong>lactus</strong></span> <span class='ocrx_word' id='word_1_49' title='bbox 649 889 783 969; x_wconf 87' lang='lat' dir='ltr'><strong>neglecto</strong></span> <span class='ocrx_word' id='word_1_50' title='bbox 806 892 941 969; x_wconf 88' lang='lat' dir='ltr'><strong>coniugis</strong></span> <span class='ocrx_word' id='word_1_51' title='bbox 965 908 1026 951; x_wconf 86' lang='lat' dir='ltr'><strong>usu</strong></span> 
     </span>
     <span class='ocr_line' id='line_1_9' title="bbox 231 977 1102 1060; baseline 0.001 -20"><span class='ocrx_word' id='word_1_52' title='bbox 231 992 284 1041; x_wconf 77' lang='lat'><strong>240</strong></span> <span class='ocrx_word' id='word_1_53' title='bbox 342 979 497 1060; x_wconf 87' lang='lat' dir='ltr'><strong>luppiter,</strong></span> <span class='ocrx_word' id='word_1_54' title='bbox 520 987 551 1040; x_wconf 91' lang='lat' dir='ltr'><strong>et</strong></span> <span class='ocrx_word' id='word_1_55' title='bbox 573 977 655 1040; x_wconf 85' lang='lat' dir='ltr'><strong>solus</strong></span> <span class='ocrx_word' id='word_1_56' title='bbox 677 995 786 1039; x_wconf 89' lang='lat' dir='ltr'><strong>nomen</strong></span> <span class='ocrx_word' id='word_1_57' title='bbox 809 987 971 1056; x_wconf 86' lang='lat' dir='ltr'><strong>utrumqne</strong></span> <span class='ocrx_word' id='word_1_58' title='bbox 994 987 1102 1059; x_wconf 85' lang='lat' dir='ltr'><strong>tenet,</strong></span> 
     </span>
     <span class='ocr_line' id='line_1_10' title="bbox 298 1066 1084 1148; baseline 0 -20"><span class='ocrx_word' id='word_1_59' title='bbox 298 1066 357 1129; x_wconf 83' lang='lat' dir='ltr'><strong>Gur</strong></span> <span class='ocrx_word' id='word_1_60' title='bbox 380 1085 435 1146; x_wconf 89' lang='lat' dir='ltr'><strong>ego</strong></span> <span class='ocrx_word' id='word_1_61' title='bbox 458 1066 614 1146; x_wconf 77' lang='lat' dir='ltr'><strong>desperem</strong></span> <span class='ocrx_word' id='word_1_62' title='bbox 638 1066 704 1126; x_wconf 88' lang='lat' dir='ltr'><strong>lieri</strong></span> <span class='ocrx_word' id='word_1_63' title='bbox 726 1068 790 1127; x_wconf 90' lang='lat' dir='ltr'><strong>siue</strong></span> <span class='ocrx_word' id='word_1_64' title='bbox 814 1068 939 1144; x_wconf 88' lang='lat' dir='ltr'><strong>coniuge</strong></span> <span class='ocrx_word' id='word_1_65' title='bbox 963 1075 1084 1148; x_wconf 85' lang='lat' dir='ltr'><strong>mater,</strong></span> 
     </span>
     <span class='ocr_line' id='line_1_11' title="bbox 341 1153 1094 1234; baseline 0 -19"><span class='ocrx_word' id='word_1_66' title='bbox 341 1154 379 1215; x_wconf 87' lang='lat' dir='ltr'><strong>Et</strong></span> <span class='ocrx_word' id='word_1_67' title='bbox 401 1172 507 1234; x_wconf 88' lang='lat' dir='ltr'><strong>parere</strong></span> <span class='ocrx_word' id='word_1_68' title='bbox 530 1156 663 1234; x_wconf 88' lang='lat' dir='ltr'><strong>intacto,</strong></span> <span class='ocrx_word' id='word_1_69' title='bbox 686 1153 845 1216; x_wconf 89' lang='lat' dir='ltr'><strong>dnmmodo</strong></span> <span class='ocrx_word' id='word_1_70' title='bbox 868 1164 971 1234; x_wconf 87' lang='lat' dir='ltr'><strong>casta,</strong></span> <span class='ocrx_word' id='word_1_71' title='bbox 995 1153 1094 1215; x_wconf 80' lang='lat' dir='ltr'><strong>viro?</strong></span> 
     </span>
     <span class='ocr_line' id='line_1_12' title="bbox 297 1241 1012 1322; baseline -0.001 -18"><span class='ocrx_word' id='word_1_72' title='bbox 297 1243 401 1304; x_wconf 84' lang='lat' dir='ltr'><strong>Omnia</strong></span> <span class='ocrx_word' id='word_1_73' title='bbox 425 1241 574 1322; x_wconf 80' lang='lat' dir='ltr'><strong>temptabo</strong></span> <span class='ocrx_word' id='word_1_74' title='bbox 596 1241 665 1303; x_wconf 91' lang='lat' dir='ltr'><strong>latis</strong></span> <span class='ocrx_word' id='word_1_75' title='bbox 686 1242 880 1303; x_wconf 86' lang='lat' dir='ltr'><strong>medicamina</strong></span> <span class='ocrx_word' id='word_1_76' title='bbox 904 1245 1012 1322; x_wconf 87' lang='lat' dir='ltr'><strong>terris,</strong></span> 
     </span>
     <span class='ocr_line' id='line_1_13' title="bbox 340 1325 1047 1410; baseline -0.001 -18"><span class='ocrx_word' id='word_1_77' title='bbox 340 1330 379 1392; x_wconf 83' lang='lat' dir='ltr'><strong>Et</strong></span> <span class='ocrx_word' id='word_1_78' title='bbox 401 1331 476 1393; x_wconf 89' lang='lat' dir='ltr'><strong>lreta</strong></span> <span class='ocrx_word' id='word_1_79' title='bbox 499 1330 658 1392; x_wconf 81' lang='lat' dir='ltr'><strong>Tartareos</strong></span> <span class='ocrx_word' id='word_1_80' title='bbox 681 1333 889 1410; x_wconf 80' lang='lat' dir='ltr'><strong>excutiamque</strong></span> <span class='ocrx_word' id='word_1_81' title='bbox 911 1325 1047 1391; x_wconf 86' lang='lat' dir='ltr'><strong>sinus.&#39;’</strong></span> 
     </span>
     <span class='ocr_line' id='line_1_14' title="bbox 231 1417 1155 1497; baseline -0.002 -17"><span class='ocrx_word' id='word_1_82' title='bbox 231 1431 283 1480; x_wconf 72' lang='lat'><strong>245</strong></span> <span class='ocrx_word' id='word_1_83' title='bbox 298 1418 359 1480; x_wconf 87' lang='lat' dir='ltr'><strong>Vox</strong></span> <span class='ocrx_word' id='word_1_84' title='bbox 382 1421 500 1480; x_wconf 88' lang='lat' dir='ltr'><strong>eratin</strong></span> <span class='ocrx_word' id='word_1_85' title='bbox 522 1436 637 1480; x_wconf 86' lang='lat' dir='ltr'><strong>cursu:</strong></span> <span class='ocrx_word' id='word_1_86' title='bbox 669 1417 781 1497; x_wconf 71' lang='lat' dir='ltr'><strong>voltum</strong></span> <span class='ocrx_word' id='word_1_87' title='bbox 805 1417 966 1479; x_wconf 81' lang='lat' dir='ltr'><strong>dubitantis</strong></span> <span class='ocrx_word' id='word_1_88' title='bbox 990 1417 1155 1481; x_wconf 71' lang='lat' dir='ltr'><strong>habebam.</strong></span> 
     </span>
     <span class='ocr_line' id='line_1_15' title="bbox 252 1501 1128 1589; baseline 0.002 -22"><span class='ocrx_word' id='word_1_89' title='bbox 252 1586 254 1589; x_wconf 16' lang='grc' dir='ltr'>Ι</span> <span class='ocrx_word' id='word_1_90' title='bbox 342 1502 475 1568; x_wconf 76' lang='lat' dir='ltr'><strong>“Nescio</strong></span> <span class='ocrx_word' id='word_1_91' title='bbox 499 1507 593 1588; x_wconf 88' lang='lat' dir='ltr'><strong>quid,</strong></span> <span class='ocrx_word' id='word_1_92' title='bbox 616 1506 766 1587; x_wconf 83' lang='lat' dir='ltr'><strong>nymphe,</strong></span> <span class='ocrx_word' id='word_1_93' title='bbox 788 1524 876 1585; x_wconf 87' lang='lat' dir='ltr'><strong>posse</strong></span> <span class='ocrx_word' id='word_1_94' title='bbox 899 1501 1042 1566; x_wconf 87' lang='lat' dir='ltr'><strong>videris&#39;&#39;</strong></span> <span class='ocrx_word' id='word_1_95' title='bbox 1068 1512 1128 1569; x_wconf 85' lang='lat' dir='ltr'><strong>ait.</strong></span> 
     </span>
     <span class='ocr_line' id='line_1_16' title="bbox 296 1594 1198 1674; baseline 0.001 -18"><span class='ocrx_word' id='word_1_96' title='bbox 296 1596 356 1656; x_wconf 81' lang='lat' dir='ltr'><strong>&#39;Per</strong></span> <span class='ocrx_word' id='word_1_97' title='bbox 378 1596 458 1656; x_wconf 82' lang='lat' dir='ltr'><strong>volui</strong></span> <span class='ocrx_word' id='word_1_98' title='bbox 480 1597 653 1674; x_wconf 79' lang='lat' dir='ltr'><strong>promittere</strong></span> <span class='ocrx_word' id='word_1_99' title='bbox 677 1612 786 1674; x_wconf 86' lang='lat' dir='ltr'><strong>opem,</strong></span> <span class='ocrx_word' id='word_1_100' title='bbox 814 1602 860 1655; x_wconf 89' lang='lat' dir='ltr'><strong>ter</strong></span> <span class='ocrx_word' id='word_1_101' title='bbox 888 1594 988 1671; x_wconf 85' lang='lat' dir='ltr'><strong>lingua</strong></span> <span class='ocrx_word' id='word_1_102' title='bbox 1015 1604 1138 1657; x_wconf 84' lang='lat' dir='ltr'><strong>retenta</strong></span> <span class='ocrx_word' id='word_1_103' title='bbox 1158 1606 1198 1656; x_wconf 79' lang='lat' dir='ltr'><strong>est:</strong></span> 
     </span>
     <span class='ocr_line' id='line_1_17' title="bbox 340 1683 963 1762; baseline -0.005 -18"><span class='ocrx_word' id='word_1_104' title='bbox 340 1683 387 1744; x_wconf 88' lang='lat' dir='ltr'><strong>lra</strong></span> <span class='ocrx_word' id='word_1_105' title='bbox 410 1683 487 1744; x_wconf 88' lang='lat' dir='ltr'><strong>lovis</strong></span> <span class='ocrx_word' id='word_1_106' title='bbox 510 1686 608 1762; x_wconf 90' lang='lat' dir='ltr'><strong>magni</strong></span> <span class='ocrx_word' id='word_1_107' title='bbox 632 1700 720 1743; x_wconf 88' lang='lat' dir='ltr'><strong>causa</strong></span> <span class='ocrx_word' id='word_1_108' title='bbox 744 1685 859 1743; x_wconf 89' lang='lat' dir='ltr'><strong>timoris</strong></span> <span class='ocrx_word' id='word_1_109' title='bbox 883 1688 963 1742; x_wconf 88' lang='lat' dir='ltr'><strong>erat.</strong></span> 
     </span>
     <span class='ocr_line' id='line_1_18' title="bbox 297 1764 1199 1851; baseline 0.001 -20"><span class='ocrx_word' id='word_1_110' title='bbox 297 1766 404 1851; x_wconf 73' lang='lat' dir='ltr'><strong>“Per,</strong></span> <span class='ocrx_word' id='word_1_111' title='bbox 427 1789 555 1851; x_wconf 85' lang='lat' dir='ltr'><strong>precor,</strong></span> <span class='ocrx_word' id='word_1_112' title='bbox 578 1765 766 1831; x_wconf 83' lang='lat' dir='ltr'><strong>auxiliuml&#39;&#39;</strong></span> <span class='ocrx_word' id='word_1_113' title='bbox 791 1770 865 1830; x_wconf 84' lang='lat' dir='ltr'><strong>dixit</strong></span> <span class='ocrx_word' id='word_1_114' title='bbox 887 1764 1068 1834; x_wconf 75' lang='lat' dir='ltr'><strong>“celabitur</strong></span> <span class='ocrx_word' id='word_1_115' title='bbox 1090 1768 1199 1835; x_wconf 64' lang='lat' dir='ltr'><strong>auctor*</strong></span> 
     </span>
     <span class='ocr_line' id='line_1_19' title="bbox 231 1858 987 1938; baseline -0.003 -18"><span class='ocrx_word' id='word_1_116' title='bbox 231 1871 282 1920; x_wconf 77' lang='lat'><strong>250</strong></span> <span class='ocrx_word' id='word_1_117' title='bbox 341 1858 379 1920; x_wconf 85' lang='lat' dir='ltr'><strong>Et</strong></span> <span class='ocrx_word' id='word_1_118' title='bbox 403 1858 519 1938; x_wconf 82' lang='lat' dir='ltr'><strong>Stygiae</strong></span> <span class='ocrx_word' id='word_1_119' title='bbox 543 1877 653 1919; x_wconf 87' lang='lat' dir='ltr'><strong>numen</strong></span> <span class='ocrx_word' id='word_1_120' title='bbox 678 1859 853 1919; x_wconf 83' lang='lat' dir='ltr'><strong>testificatur</strong></span> <span class='ocrx_word' id='word_1_121' title='bbox 876 1875 987 1938; x_wconf 84' lang='lat' dir='ltr'><strong>aquae.</strong></span> 
     </span>
     <span class='ocr_line' id='line_1_20' title="bbox 298 1941 1201 2028; baseline 0.002 -20"><span class='ocrx_word' id='word_1_122' title='bbox 298 1942 411 2018; x_wconf 81' lang='lat' dir='ltr'><strong>“Quod</strong></span> <span class='ocrx_word' id='word_1_123' title='bbox 429 1948 526 2028; x_wconf 90' lang='lat' dir='ltr'><strong>petis,</strong></span> <span class='ocrx_word' id='word_1_124' title='bbox 543 1941 683 2007; x_wconf 88' lang='lat' dir='ltr'><strong>Oleniis&#39;&#39;</strong></span> <span class='ocrx_word' id='word_1_125' title='bbox 702 1949 823 2025; x_wconf 89' lang='lat' dir='ltr'><strong>inquam</strong></span> <span class='ocrx_word' id='word_1_126' title='bbox 842 1941 938 2006; x_wconf 75' lang='lat' dir='ltr'><strong>“mihi</strong></span> <span class='ocrx_word' id='word_1_127' title='bbox 957 1948 1072 2009; x_wconf 84' lang='lat' dir='ltr'><strong>missus</strong></span> <span class='ocrx_word' id='word_1_128' title='bbox 1091 1949 1129 2009; x_wconf 84' lang='lat' dir='ltr'><strong>ab</strong></span> <span class='ocrx_word' id='word_1_129' title='bbox 1147 1952 1201 2009; x_wconf 74' lang='lat' dir='ltr'><strong>arri</strong></span> 
     </span>
     <span class='ocr_line' id='line_1_21' title="bbox 341 2032 1054 2097; baseline 0.004 -3"><span class='ocrx_word' id='word_1_130' title='bbox 341 2034 409 2095; x_wconf 84' lang='lat' dir='ltr'><strong>Flos</strong></span> <span class='ocrx_word' id='word_1_131' title='bbox 433 2034 535 2096; x_wconf 88' lang='lat' dir='ltr'><strong>dabit:</strong></span> <span class='ocrx_word' id='word_1_132' title='bbox 567 2042 613 2096; x_wconf 92' lang='lat' dir='ltr'><strong>est</strong></span> <span class='ocrx_word' id='word_1_133' title='bbox 636 2034 731 2095; x_wconf 89' lang='lat' dir='ltr'><strong>hortis</strong></span> <span class='ocrx_word' id='word_1_134' title='bbox 755 2036 862 2096; x_wconf 87' lang='lat' dir='ltr'><strong>unicus</strong></span> <span class='ocrx_word' id='word_1_135' title='bbox 883 2032 933 2094; x_wconf 88' lang='lat' dir='ltr'><strong>ille</strong></span> <span class='ocrx_word' id='word_1_136' title='bbox 956 2037 1054 2097; x_wconf 88' lang='lat' dir='ltr'><strong>meis.</strong></span> 
     </span>
     <span class='ocr_line' id='line_1_22' title="bbox 297 2116 1190 2204; baseline 0.001 -20"><span class='ocrx_word' id='word_1_137' title='bbox 297 2122 355 2194; x_wconf 80' lang='lat' dir='ltr'><strong>Qui</strong></span> <span class='ocrx_word' id='word_1_138' title='bbox 378 2121 488 2204; x_wconf 83' lang='lat' dir='ltr'><strong>dabat,</strong></span> <span class='ocrx_word' id='word_1_139' title='bbox 512 2117 648 2183; x_wconf 69' lang='lat' dir='ltr'><strong>‘³‘hoc&#39;&#39;&#39;</strong></span> <span class='ocrx_word' id='word_1_140' title='bbox 671 2122 744 2183; x_wconf 86' lang='lat' dir='ltr'><strong>dixit</strong></span> <span class='ocrx_word' id='word_1_141' title='bbox 768 2116 941 2183; x_wconf 71' lang='lat' dir='ltr'><strong>“‘sterilem</strong></span> <span class='ocrx_word' id='word_1_142' title='bbox 965 2141 1091 2203; x_wconf 84' lang='lat' dir='ltr'><strong>qunque</strong></span> <span class='ocrx_word' id='word_1_143' title='bbox 1115 2135 1190 2204; x_wconf 77' lang='lat' dir='ltr'><strong>tange</strong></span> 
     </span>
     <span class='ocr_line' id='line_1_23' title="bbox 843 2212 1016 2290; baseline 0.006 -20"><span class='ocrx_word' id='word_1_144' title='bbox 843 2212 1016 2290; x_wconf 83' lang='lat' dir='ltr'><strong>iuvencam,</strong></span> 
     </span>
     <span class='ocr_line' id='line_1_24' title="bbox 340 2293 1172 2379; baseline 0.006 -21"><span class='ocrx_word' id='word_1_145' title='bbox 340 2297 433 2360; x_wconf 88' lang='lat' dir='ltr'><strong>Mater</strong></span> <span class='ocrx_word' id='word_1_146' title='bbox 457 2293 576 2359; x_wconf 84' lang='lat' dir='ltr'><strong>crit:&#39;&#39;&#39;</strong></span> <span class='ocrx_word' id='word_1_147' title='bbox 609 2300 715 2379; x_wconf 85' lang='lat' dir='ltr'><strong>tetigi,</strong></span> <span class='ocrx_word' id='word_1_148' title='bbox 738 2315 793 2359; x_wconf 90' lang='lat' dir='ltr'><strong>neo</strong></span> <span class='ocrx_word' id='word_1_149' title='bbox 817 2315 898 2359; x_wconf 89' lang='lat' dir='ltr'><strong>mora</strong></span> <span class='ocrx_word' id='word_1_150' title='bbox 911 2342 920 2378; x_wconf 91' lang='lat'><strong>,</strong></span> <span class='ocrx_word' id='word_1_151' title='bbox 942 2307 1043 2359; x_wconf 79' lang='lat' dir='ltr'><strong>mater</strong></span> <span class='ocrx_word' id='word_1_152' title='bbox 1067 2298 1172 2364; x_wconf 87' lang='lat' dir='ltr'><strong>erat.&#39;&#39;</strong></span> 
     </span>
     <span class='ocr_line' id='line_1_25' title="bbox 231 2385 1070 2468; baseline 0.001 -20"><span class='ocrx_word' id='word_1_153' title='bbox 231 2399 282 2448; x_wconf 74' lang='lat' dir='ltr'><strong>tot</strong></span> <span class='ocrx_word' id='word_1_154' title='bbox 297 2386 437 2447; x_wconf 87' lang='lat' dir='ltr'><strong>Protinus</strong></span> <span class='ocrx_word' id='word_1_155' title='bbox 460 2385 632 2448; x_wconf 84' lang='lat' dir='ltr'><strong>haerentem</strong></span> <span class='ocrx_word' id='word_1_156' title='bbox 656 2385 791 2465; x_wconf 86' lang='lat' dir='ltr'><strong>decerpsi</strong></span> <span class='ocrx_word' id='word_1_157' title='bbox 814 2385 919 2464; x_wconf 80' lang='lat' dir='ltr'><strong>pollice</strong></span> <span class='ocrx_word' id='word_1_158' title='bbox 942 2386 1070 2468; x_wconf 77' lang='lat' dir='ltr'><strong>llorem3</strong></span> 
     </span>
     <span class='ocr_line' id='line_1_26' title="bbox 342 2473 994 2555; baseline 0 -21"><span class='ocrx_word' id='word_1_159' title='bbox 342 2474 506 2555; x_wconf 81' lang='lat' dir='ltr'><strong>Tangitur,</strong></span> <span class='ocrx_word' id='word_1_160' title='bbox 530 2484 560 2536; x_wconf 91' lang='lat' dir='ltr'><strong>et</strong></span> <span class='ocrx_word' id='word_1_161' title='bbox 583 2481 662 2534; x_wconf 89' lang='lat' dir='ltr'><strong>tacto</strong></span> <span class='ocrx_word' id='word_1_162' title='bbox 685 2476 815 2553; x_wconf 89' lang='lat' dir='ltr'><strong>concipit</strong></span> <span class='ocrx_word' id='word_1_163' title='bbox 837 2473 886 2534; x_wconf 92' lang='lat' dir='ltr'><strong>illa</strong></span> <span class='ocrx_word' id='word_1_164' title='bbox 909 2476 994 2535; x_wconf 86' lang='lat' dir='ltr'><strong>sinu.</strong></span> 
     </span>
     <span class='ocr_line' id='line_1_27' title="bbox 296 2561 1197 2643; baseline 0.004 -20"><span class='ocrx_word' id='word_1_165' title='bbox 296 2562 416 2641; x_wconf 87' lang='lat' dir='ltr'><strong>lamque</strong></span> <span class='ocrx_word' id='word_1_166' title='bbox 439 2563 536 2641; x_wconf 83' lang='lat' dir='ltr'><strong>gravis</strong></span> <span class='ocrx_word' id='word_1_167' title='bbox 559 2562 696 2623; x_wconf 83' lang='lat' dir='ltr'><strong>Thracen</strong></span> <span class='ocrx_word' id='word_1_168' title='bbox 719 2571 750 2623; x_wconf 88' lang='lat' dir='ltr'><strong>et</strong></span> <span class='ocrx_word' id='word_1_169' title='bbox 771 2561 851 2623; x_wconf 84' lang='lat' dir='ltr'><strong>laeva</strong></span> <span class='ocrx_word' id='word_1_170' title='bbox 873 2562 1076 2641; x_wconf 86' lang='lat' dir='ltr'><strong>Propontidos</strong></span> <span class='ocrx_word' id='word_1_171' title='bbox 1101 2570 1197 2643; x_wconf 72' lang='lat' dir='ltr'><strong>intrat,</strong></span> 
     </span>
     <span class='ocr_line' id='line_1_28' title="bbox 341 2649 1097 2730; baseline 0.005 -20"><span class='ocrx_word' id='word_1_172' title='bbox 341 2649 448 2728; x_wconf 83' lang='lat' dir='ltr'><strong>Fitque</strong></span> <span class='ocrx_word' id='word_1_173' title='bbox 471 2659 578 2729; x_wconf 90' lang='lat' dir='ltr'><strong>potens</strong></span> <span class='ocrx_word' id='word_1_174' title='bbox 601 2653 684 2730; x_wconf 89' lang='lat' dir='ltr'><strong>voti,</strong></span> <span class='ocrx_word' id='word_1_175' title='bbox 706 2649 844 2728; x_wconf 86' lang='lat' dir='ltr'><strong>Marsque</strong></span> <span class='ocrx_word' id='word_1_176' title='bbox 867 2657 986 2711; x_wconf 82' lang='lat' dir='ltr'><strong>creatus</strong></span> <span class='ocrx_word' id='word_1_177' title='bbox 1010 2662 1097 2714; x_wconf 85' lang='lat' dir='ltr'><strong>erat.</strong></span> 
     </span>
    </p>

    <p class='ocr_par' dir='ltr' id='par_1_3' title="bbox 231 2732 1201 3082">
     <span class='ocr_line' id='line_1_29' title="bbox 297 2732 1201 2817; baseline -0.006 -18"><span class='ocrx_word' id='word_1_178' title='bbox 297 2737 354 2809; x_wconf 85' lang='lat' dir='ltr'><strong>Qui</strong></span> <span class='ocrx_word' id='word_1_179' title='bbox 378 2756 491 2799; x_wconf 88' lang='lat' dir='ltr'><strong>memor</strong></span> <span class='ocrx_word' id='word_1_180' title='bbox 514 2741 628 2817; x_wconf 86' lang='lat' dir='ltr'><strong>accepti</strong></span> <span class='ocrx_word' id='word_1_181' title='bbox 651 2756 705 2816; x_wconf 90' lang='lat' dir='ltr'><strong>per</strong></span> <span class='ocrx_word' id='word_1_182' title='bbox 728 2755 775 2799; x_wconf 90' lang='lat' dir='ltr'><strong>me</strong></span> <span class='ocrx_word' id='word_1_183' title='bbox 798 2737 902 2799; x_wconf 80' lang='lat' dir='ltr'><strong>natalis</strong></span> <span class='ocrx_word' id='word_1_184' title='bbox 926 2732 1064 2800; x_wconf 82' lang='lat' dir='ltr'><strong>“habeto</strong></span> <span class='ocrx_word' id='word_1_185' title='bbox 1166 2758 1201 2805; x_wconf 70' lang='lat' dir='ltr'><strong>oe</strong></span> 
     </span>
     <span class='ocr_line' id='line_1_30' title="bbox 231 2821 1172 2905; baseline 0.005 -18"><span class='ocrx_word' id='word_1_186' title='bbox 231 2839 283 2891; x_wconf 75' lang='lat' dir='ltr'><strong>tto</strong></span> <span class='ocrx_word' id='word_1_187' title='bbox 341 2826 386 2887; x_wconf 81' lang='lat' dir='ltr'><strong>Tu</strong></span> <span class='ocrx_word' id='word_1_188' title='bbox 409 2845 528 2905; x_wconf 91' lang='lat' dir='ltr'><strong>quoque</strong></span> <span class='ocrx_word' id='word_1_189' title='bbox 551 2821 721 2887; x_wconf 88' lang='lat' dir='ltr'><strong>Romulea’&#39;</strong></span> <span class='ocrx_word' id='word_1_190' title='bbox 745 2825 818 2887; x_wconf 89' lang='lat' dir='ltr'><strong>dixit</strong></span> <span class='ocrx_word' id='word_1_191' title='bbox 842 2822 900 2886; x_wconf 80' lang='lat' dir='ltr'><strong>“iu</strong></span> <span class='ocrx_word' id='word_1_192' title='bbox 923 2825 998 2888; x_wconf 87' lang='lat' dir='ltr'><strong>urhe</strong></span> <span class='ocrx_word' id='word_1_193' title='bbox 1023 2826 1172 2892; x_wconf 87' lang='lat' dir='ltr'><strong>locum.&#39;&#39;</strong></span> 
     </span>
     <span class='ocr_line' id='line_1_31' title="bbox 297 2914 1112 2993; baseline 0.006 -19"><span class='ocrx_word' id='word_1_194' title='bbox 297 2914 434 2976; x_wconf 83' lang='lat' dir='ltr'><strong>Forsitan</strong></span> <span class='ocrx_word' id='word_1_195' title='bbox 457 2917 488 2975; x_wconf 92' lang='lat' dir='ltr'><strong>in</strong></span> <span class='ocrx_word' id='word_1_196' title='bbox 511 2917 623 2977; x_wconf 89' lang='lat' dir='ltr'><strong>teneris</strong></span> <span class='ocrx_word' id='word_1_197' title='bbox 647 2922 761 2976; x_wconf 91' lang='lat' dir='ltr'><strong>tantum</strong></span> <span class='ocrx_word' id='word_1_198' title='bbox 783 2932 848 2975; x_wconf 89' lang='lat' dir='ltr'><strong>mea</strong></span> <span class='ocrx_word' id='word_1_199' title='bbox 871 2931 963 2993; x_wconf 88' lang='lat' dir='ltr'><strong>regna</strong></span> <span class='ocrx_word' id='word_1_200' title='bbox 986 2921 1112 2979; x_wconf 86' lang='lat' dir='ltr'><strong>coronis</strong></span> 
     </span>
     <span class='ocr_line' id='line_1_32' title="bbox 339 2999 1103 3082; baseline 0.007 -19"><span class='ocrx_word' id='word_1_201' title='bbox 339 3002 414 3064; x_wconf 82' lang='lat' dir='ltr'><strong>Esse</strong></span> <span class='ocrx_word' id='word_1_202' title='bbox 436 2999 554 3082; x_wconf 80' lang='lat' dir='ltr'><strong>putes?</strong></span> <span class='ocrx_word' id='word_1_203' title='bbox 584 3005 679 3082; x_wconf 87' lang='lat' dir='ltr'><strong>tangit</strong></span> <span class='ocrx_word' id='word_1_204' title='bbox 701 3020 810 3064; x_wconf 89' lang='lat' dir='ltr'><strong>numen</strong></span> <span class='ocrx_word' id='word_1_205' title='bbox 834 3011 865 3064; x_wconf 90' lang='lat' dir='ltr'><strong>et</strong></span> <span class='ocrx_word' id='word_1_206' title='bbox 887 3019 955 3063; x_wconf 85' lang='lat' dir='ltr'><strong>arva</strong></span> <span class='ocrx_word' id='word_1_207' title='bbox 979 3020 1103 3068; x_wconf 85' lang='lat' dir='ltr'><strong>meum.</strong></span> 
     </span>
    </p>

    <p class='ocr_par' dir='ltr' id='par_1_4' title="bbox 230 3090 1122 3613">
     <span class='ocr_line' id='line_1_33' title="bbox 298 3090 1068 3170; baseline 0.004 -18"><span class='ocrx_word' id='word_1_208' title='bbox 298 3090 330 3154; x_wconf 90' lang='lat' dir='ltr'><strong>Si</strong></span> <span class='ocrx_word' id='word_1_209' title='bbox 353 3090 428 3153; x_wconf 86' lang='lat' dir='ltr'><strong>bene</strong></span> <span class='ocrx_word' id='word_1_210' title='bbox 451 3091 608 3152; x_wconf 86' lang='lat' dir='ltr'><strong>floruerint</strong></span> <span class='ocrx_word' id='word_1_211' title='bbox 631 3098 770 3170; x_wconf 84' lang='lat' dir='ltr'><strong>segetes,</strong></span> <span class='ocrx_word' id='word_1_212' title='bbox 794 3093 851 3151; x_wconf 89' lang='lat' dir='ltr'><strong>erit</strong></span> <span class='ocrx_word' id='word_1_213' title='bbox 874 3108 941 3153; x_wconf 90' lang='lat' dir='ltr'><strong>area</strong></span> <span class='ocrx_word' id='word_1_214' title='bbox 964 3090 1068 3155; x_wconf 83' lang='lat' dir='ltr'><strong>dives:</strong></span> 
     </span>
     <span class='ocr_line' id='line_1_34' title="bbox 343 3178 1017 3259; baseline -0.003 -18"><span class='ocrx_word' id='word_1_215' title='bbox 343 3180 375 3241; x_wconf 87' lang='lat' dir='ltr'><strong>si</strong></span> <span class='ocrx_word' id='word_1_216' title='bbox 398 3179 472 3241; x_wconf 84' lang='lat' dir='ltr'><strong>bene</strong></span> <span class='ocrx_word' id='word_1_217' title='bbox 496 3180 633 3241; x_wconf 88' lang='lat' dir='ltr'><strong>lloruerit</strong></span> <span class='ocrx_word' id='word_1_218' title='bbox 656 3181 761 3259; x_wconf 87' lang='lat' dir='ltr'><strong>vinea,</strong></span> <span class='ocrx_word' id='word_1_219' title='bbox 784 3178 917 3240; x_wconf 89' lang='lat' dir='ltr'><strong>Bacchus</strong></span> <span class='ocrx_word' id='word_1_220' title='bbox 941 3182 1017 3259; x_wconf 82' lang='lat' dir='ltr'><strong>erit3</strong></span> 
     </span>
     <span class='ocr_line' id='line_1_35' title="bbox 230 3266 1092 3351; baseline 0 -21"><span class='ocrx_word' id='word_1_221' title='bbox 230 3280 282 3330; x_wconf 76' lang='lat' dir='ltr'><strong>tot</strong></span> <span class='ocrx_word' id='word_1_222' title='bbox 297 3267 329 3329; x_wconf 90' lang='lat' dir='ltr'><strong>Si</strong></span> <span class='ocrx_word' id='word_1_223' title='bbox 352 3268 428 3329; x_wconf 90' lang='lat' dir='ltr'><strong>bene</strong></span> <span class='ocrx_word' id='word_1_224' title='bbox 450 3268 607 3331; x_wconf 87' lang='lat' dir='ltr'><strong>floruerint</strong></span> <span class='ocrx_word' id='word_1_225' title='bbox 630 3266 733 3348; x_wconf 87' lang='lat' dir='ltr'><strong>oleae,</strong></span> <span class='ocrx_word' id='word_1_226' title='bbox 756 3267 951 3328; x_wconf 86' lang='lat' dir='ltr'><strong>nitidissimus</strong></span> <span class='ocrx_word' id='word_1_227' title='bbox 973 3285 1092 3351; x_wconf 84' lang='lat' dir='ltr'><strong>annus3</strong></span> 
     </span>
     <span class='ocr_line' id='line_1_36' title="bbox 340 3354 1122 3437; baseline 0.005 -20"><span class='ocrx_word' id='word_1_228' title='bbox 340 3356 489 3437; x_wconf 83' lang='lat' dir='ltr'><strong>Pomaque</strong></span> <span class='ocrx_word' id='word_1_229' title='bbox 512 3364 687 3436; x_wconf 87' lang='lat' dir='ltr'><strong>proventum</strong></span> <span class='ocrx_word' id='word_1_230' title='bbox 711 3358 852 3435; x_wconf 86' lang='lat' dir='ltr'><strong>temporis</strong></span> <span class='ocrx_word' id='word_1_231' title='bbox 875 3355 965 3417; x_wconf 87' lang='lat' dir='ltr'><strong>huius</strong></span> <span class='ocrx_word' id='word_1_232' title='bbox 987 3354 1122 3421; x_wconf 89' lang='lat' dir='ltr'><strong>habent.</strong></span> 
     </span>
     <span class='ocr_line' id='line_1_37' title="bbox 296 3443 1117 3529; baseline 0.002 -24"><span class='ocrx_word' id='word_1_233' title='bbox 296 3443 382 3506; x_wconf 85' lang='lat' dir='ltr'><strong>Flore</strong></span> <span class='ocrx_word' id='word_1_234' title='bbox 406 3446 498 3507; x_wconf 87' lang='lat' dir='ltr'><strong>semel</strong></span> <span class='ocrx_word' id='word_1_235' title='bbox 520 3446 600 3507; x_wconf 88' lang='lat' dir='ltr'><strong>laeso</strong></span> <span class='ocrx_word' id='word_1_236' title='bbox 623 3452 751 3524; x_wconf 86' lang='lat' dir='ltr'><strong>pereunt</strong></span> <span class='ocrx_word' id='word_1_237' title='bbox 773 3445 924 3523; x_wconf 85' lang='lat' dir='ltr'><strong>violaeque</strong></span> <span class='ocrx_word' id='word_1_238' title='bbox 947 3443 1117 3529; x_wconf 75' lang='lat' dir='ltr'><strong>labanque,</strong></span> 
     </span>
     <span class='ocr_line' id='line_1_38' title="bbox 340 3530 1011 3613; baseline 0.003 -20"><span class='ocrx_word' id='word_1_239' title='bbox 340 3531 379 3593; x_wconf 85' lang='lat' dir='ltr'><strong>Et</strong></span> <span class='ocrx_word' id='word_1_240' title='bbox 401 3541 528 3611; x_wconf 89' lang='lat' dir='ltr'><strong>pereunt</strong></span> <span class='ocrx_word' id='word_1_241' title='bbox 550 3533 663 3613; x_wconf 84' lang='lat' dir='ltr'><strong>lentes,</strong></span> <span class='ocrx_word' id='word_1_242' title='bbox 686 3533 796 3594; x_wconf 86' lang='lat' dir='ltr'><strong>advena</strong></span> <span class='ocrx_word' id='word_1_243' title='bbox 819 3530 902 3612; x_wconf 86' lang='lat' dir='ltr'><strong>Nile,</strong></span> <span class='ocrx_word' id='word_1_244' title='bbox 924 3539 1011 3595; x_wconf 89' lang='lat' dir='ltr'><strong>tuae.</strong></span> 
     </span>
    </p>
   </div>
   <div class='ocr_carea' id='block_1_3' title="bbox 0 0 1238 4042">
    <p class='ocr_par' dir='ltr' id='par_1_5' title="bbox 0 0 1238 4042">
     <span class='ocr_line' id='line_1_39' title="bbox 0 0 1238 4042; baseline 0 0"><span class='ocrx_word' id='word_1_245' title='bbox 0 0 1238 4042; x_wconf 95' lang='lat' dir='ltr'><strong> </strong></span> 
     </span>
    </p>
   </div>
  </div>
 </body>
</html>
