2467 4042
181 272 240 338 150
556 271 828 335 EPISTULAE.

201 439 249 491 tro
302 425 431 501 Quoque
447 423 546 484 minus
562 425 685 499 venias,
707 424 813 489 invida
829 439 945 505 pugnat
958 430 1097 506 hiemps.

260 510 310 570 Me
328 508 486 582 miseran
509 515 624 583 quanto
641 510 826 585 planguntur
839 513 928 574 litora
941 511 1047 588 ductu,

301 595 341 654 Et
354 595 428 654 latet
443 591 577 654 obscura
592 592 716 655 condita
729 594 810 656 nube
823 596 901 657 dies.

259 678 400 739 Forsitan
414 676 455 737 ad
470 683 598 753 ponturu
613 686 711 740 mater
729 679 781 755 pia
794 680 913 741 venerit
925 681 1041 756 Helleni,

301 760 467 837 Mersaque
479 760 590 822 roratis
604 768 677 821 nata
690 760 801 824 fleatur
813 764 918 840 aquis=

199 857 247 913 115
258 846 307 907 An
323 860 406 906 mare
420 843 459 904 ab
474 844 575 906 inviso
592 844 752 922 privignae
767 848 892 909 nomine
909 849 1023 910 dictatu

302 930 403 989 Vexat
419 929 450 989 iu
467 943 655 1003 aequoream
671 944 763 993 versu
778 947 913 994 noverca
926 933 1039 994 deamt

260 1014 326 1076 lion
342 1015 440 1084 lavet,
462 1017 498 1076 ut
510 1029 592 1074 nune
607 1020 672 1087 cst,
694 1016 809 1078 teneris
824 1016 913 1079 locus
929 1017 988 1078 iste
1002 1019 1134 1093 puellis.

300 1099 367 1159 Hae
383 1098 470 1158 Helle
487 1097 592 1173 periit,
613 1098 673 1159 hac
687 1115 747 1175 ego
763 1100 870 1162 laedor
883 1117 973 1176 aqua.

257 1182 300 1244 At
314 1181 368 1243 tibi
385 1179 575 1242 flammarum
591 1184 734 1259 memori,
755 1182 910 1260 Neptune,
928 1193 1049 1247 tuarum

198 1276 249 1332 130
280 1292 284 1298 =
298 1266 405 1326 Nullus
418 1273 485 1329 erat
497 1266 598 1327 ventis
612 1267 819 1343 inpediendus
834 1285 935 1329 amor:

259 1351 292 1413 Si
307 1366 410 1426 neque
422 1350 613 1427 Amymone,
635 1367 693 1412 nee
709 1352 922 1414 laudatissima
938 1353 1038 1413 forma

301 1433 441 1495 Criminis
457 1442 505 1494 est
518 1436 599 1511 Tyro
614 1434 719 1498 fabula
733 1438 881 1514 venatui,

258 1518 437 1594 Lucidaque
453 1518 595 1598 Alcyone
610 1520 785 1597 Calyceque
798 1521 993 1583 Hecataeone
1009 1529 1094 1599 nata,

300 1604 338 1663 Et
351 1603 488 1664 nondum
504 1603 592 1664 nexis
607 1619 709 1679 angue
720 1604 853 1667 Medusa
868 1606 973 1678 comis,

196 1697 246 1753 135
256 1688 413 1765 Flavaque
427 1686 562 1749 Laodice
578 1690 729 1764 caeloque
744 1696 869 1765 recepta
884 1690 1026 1764 Celaeno,

299 1772 338 1833 Et
353 1788 482 1848 quarum
497 1771 620 1833 memini
634 1773 759 1834 nomina
773 1775 852 1836 tecta
866 1773 948 1834 milri.

258 1857 322 1917 Has
339 1865 420 1919 certe
434 1856 601 1932 pluresque
617 1865 745 1934 canunt,
764 1858 918 1935 Neptune,
940 1865 1053 1934 poetae

298 1941 392 2002 Molle
407 1941 487 2001 latus
503 1942 589 2002 lateri
602 1942 821 2017 composuisse
837 1950 901 2004 tuo.

259 2026 319 2088 Cur
332 2025 439 2100 igitur,
450 2026 572 2089 „totiens
588 2025 670 2086 vires
688 2033 833 2102 expertus
848 2026 972 2101 amoris,

197 2121 247 2174 tto
298 2109 471 2171 Adsuetum
487 2108 576 2171 uobis
590 2109 711 2170 turbine
726 2111 844 2172 claudis
858 2111 934 2172 itert

257 2194 366 2270 Parce,
389 2194 492 2265 ferox,
513 2194 639 2271 latoque
653 2195 729 2256 mari
742 2204 795 2258 tua
808 2195 928 2270 proelia
939 2195 1044 2257 misce.

300 2278 427 2340 Seducit
440 2285 538 2339 terras
552 2279 630 2340 haec
645 2278 850 2340 brevisunda
865 2279 951 2340 duas.

257 2365 300 2424 Te
315 2364 405 2423 decet
419 2370 470 2424 aut
484 2378 612 2438 magnas
630 2379 772 2439 magnum
786 2364 899 2425 iactare
912 2364 1046 2439 ouinas,

298 2448 362 2508 Aut
378 2448 469 2508 etiam
485 2446 555 2508 totis
571 2448 724 2510 classibus
740 2462 814 2509 esse
827 2456 951 2509 trucem.

196 2540 245 2594 115
256 2531 356 2607 Turpe
370 2532 429 2593 deo
445 2531 547 2608 pelugi
562 2531 704 2593 iuvenem
718 2539 833 2593 terrere
847 2539 1015 2593 natantem:

300 2615 465 2691 Gloriaque
477 2622 528 2677 est
542 2623 652 2692 stagno
670 2617 806 2692 quotibet
820 2616 880 2676 ista
895 2615 1001 2679 minor.

256 2698 374 2761 Nobilis
388 2701 438 2761 ille
455 2700 579 2775 quidem
590 2709 642 2765 ,est
657 2708 688 2760 et
700 2701 800 2761 clarus
814 2699 948 2776 origine,
971 2700 1107 2761 sednon

298 2785 328 2844 A
344 2784 397 2845 tibi
415 2792 560 2861 suspecto
576 2786 660 2847 drrcit
673 2785 763 2846 Ulixe
777 2801 885 2860 genus.

256 2870 304 2929 Da
316 2869 451 2943 veniam,
472 2880 625 2944 servaque
640 2870 730 2930 duos.
751 2869 908 2931 natatvitle.
931 2867 990 2933 sed
1004 2868 1107 2930 isdem

194 2963 246 3016 150
299 2953 417 3029 Corpus
432 2953 578 3028 Leandri,
600 2967 674 3030 spes
688 2969 758 3015 mea
771 2952 886 3030 pendet
898 2952 1000 3030 aquis.

258 3035 392 3099 Sternuit
404 3045 435 3098 et
447 3039 559 3099 lumen.
583 3037 685 3114 posito
701 3054 771 3098 uam
784 3036 946 3100 scribimus
961 3037 1023 3098 illo.

299 3120 449 3196 Sternuit,
471 3130 503 3182 et
516 3122 606 3183 nobis
620 3132 771 3199 prospera
785 3122 874 3197 signa
886 3121 982 3184 dedit.

255 3205 351 3281 Ecce,
373 3223 489 3267 merum
505 3207 606 3268 nutrix
622 3208 741 3268 faustos
756 3205 882 3268 instillat
898 3205 929 3266 in
945 3206 1041 3281 ignes,

299 3290 463 3366 ‘Cras’que
478 3291 605 3354 ‘erimus
620 3293 737 3367 plures’
755 3291 868 3367 inquit,
891 3297 922 3350 et
935 3289 1005 3366 ipsa
1018 3288 1102 3349 bibit.

194 3383 243 3436 155
254 3373 351 3435 Effice
365 3391 422 3435 nos
437 3377 555 3451 plures,
578 3377 679 3436 evicta
692 3392 748 3453 per
763 3390 898 3451 aequora
911 3376 1028 3450 lapsus,
1093 3391 1097 3397 ·

300 3456 325 3518 0
340 3460 462 3534 penitus
475 3466 539 3521 toto
555 3460 650 3521 corde
665 3466 789 3535 recepte
805 3459 893 3519 mihil

257 3540 291 3601 lu
305 3548 358 3603 tua
371 3551 472 3604 castra
489 3544 569 3610 redi.
590 3544 668 3604 socii
685 3544 826 3605 desertor
842 3544 964 3605 auroris.
