2467 4042
176 265 240 328 222
538 268 680 331 ARTIS
701 269 842 329 AMAT.

263 420 459 495 Spectantem
474 427 589 495 specta.
612 421 722 481 ridenti
737 421 840 482 mollia
853 421 933 480 ride:

304 505 426 575 Innuet,
450 512 594 580 acceptas
610 512 642 564 tu
658 520 782 581 quoque
797 504 894 564 redde
908 511 1008 565 notas.

194 586 379 650 5158155151
395 588 538 662 prolusit,
560 588 688 648 rudibus
703 606 782 664 puer
794 590 845 648 ille
858 588 972 658 relictis

305 670 432 746 Spicula
446 672 485 731 de
501 673 644 747 pharetra
659 674 772 747 promit
785 679 876 733 acuta
892 688 958 732 sua.

264 754 390 816 Odimus
406 763 436 816 et
450 763 594 817 maestas.
627 755 823 817 Tecmessam
838 754 944 831 diligat
955 754 1054 815 Aiax:

305 840 368 900 Nos
382 838 510 899 hilarem
525 841 672 915 populum
686 841 799 901 femina
813 841 894 900 laeta
908 839 999 915 capit
1080 837 1210 915 [garam

262 924 433 998 Numquam
444 938 502 997 ego
515 932 558 993 te,
579 924 812 997 Andromache,
829 930 943 997 necte,
959 924 1148 994 chmessa,
1165 938 1210 982 ro

199 1018 251 1071 520
303 1008 343 1068 Ut
356 1023 425 1066 mea
438 1007 478 1066 de
491 1008 585 1067 vobis
598 1010 695 1068 altera
710 1009 808 1068 amica
822 1008 910 1067 soret

263 1092 395 1152 Credere
409 1090 463 1150 vix
476 1091 601 1166 videor,
623 1106 692 1151 cum
709 1107 803 1168 cogar
816 1091 944 1151 credere
960 1097 1057 1165 partn,

305 1177 372 1235 Vos
388 1189 447 1249 ego
462 1190 531 1235 oum
546 1177 658 1235 vestris
674 1175 881 1236 concubuisse
894 1174 981 1234 viris.

263 1259 386 1320 Scilicet
398 1258 487 1318 Aiaci
503 1258 614 1319 mulier
628 1260 833 1320 maestissima
847 1258 924 1318 dixit

306 1342 385 1401 ‘Lux
400 1346 480 1401 mea’
498 1358 641 1418 quaeque
656 1345 756 1404 solent
771 1342 866 1402 verbe
877 1343 986 1403 iuvare
999 1340 1110 1401 viros?

199 1436 249 1489 555
262 1426 335 1500 Quis
352 1432 434 1485 vetat
448 1442 467 1486 a
480 1427 600 1501 magnis
615 1427 721 1488 adres
736 1427 877 1501 exempla
891 1426 1027 1485 minores

307 1510 449 1583 Sumere,
470 1526 528 1569 nec
543 1526 656 1571 nomen
672 1510 866 1586 pertimuisse
882 1509 993 1569 ducis?

263 1594 333 1654 hux
346 1593 447 1653 bonus
462 1593 533 1653 huic
549 1602 671 1654 centurn
685 1595 837 1655 commisit
850 1594 912 1654 vite
926 1592 1091 1668 regendos,

305 1678 384 1737 Huic
398 1677 531 1751 equites,
552 1678 595 1737 itti
610 1677 699 1753 signa
712 1678 827 1738 tuenda
841 1677 936 1736 dedit.

262 1763 330 1822 Vos
342 1775 477 1837 quoque,
493 1761 533 1820 de
542 1760 632 1821 nobis
643 1777 734 1836 quern
744 1762 877 1836 quisque
889 1760 945 1820 erit
955 1766 1047 1834 aptus
1057 1759 1101 1819 ad
1109 1774 1210 1827 usum,

200 1853 251 1908 530
304 1845 464 1920 Inspicite,
485 1852 515 1905 et
530 1852 613 1905 certo
630 1846 735 1921 ponite
750 1860 905 1920 quemque
921 1845 1001 1903 loco.

263 1929 390 1988 Munera
406 1929 458 1988 det
472 1929 570 1988 dives.
592 1929 642 1989 ius
658 1930 710 2004 qui
728 1928 933 2004 profitebitur,
956 1925 1053 1987 adsita

222 2008 225 2012 ’
305 2012 469 2073 Facundus
484 2028 610 2072 causam
625 2029 722 2088 saepe
736 2012 856 2073 clientis
870 2019 949 2085 agat,

264 2096 404 2156 carmina
420 2095 472 2172 qui
488 2096 633 2170 iacimus,
654 2095 806 2157 mittamus
821 2096 956 2156 carmina
971 2100 1097 2154 tantum.

305 2181 362 2240 Hic
379 2179 492 2240 chorus
507 2188 578 2240 5555
593 2181 671 2241 51155
686 2188 774 2255 aptus
790 2195 893 2240 amare
907 2195 1024 2239 sumus.

200 2274 251 2328 535
263 2264 326 2323 Ν55
342 2262 471 2324 iacimus
488 2265 618 2339 placitae
634 2265 694 2324 1555
709 2263 873 2338 praeconia
890 2263 1022 2322 formae:

305 2348 421 2408 Nomen
437 2346 529 2407 habet
542 2347 697 2423 Nemesis,
720 2347 850 2426 cynthia
864 2362 975 2407 nomen
991 2344 1099 2405 habet:

263 2434 388 2506 Vesper
402 2439 433 2491 et
446 2447 523 2493 eoae
537 2447 654 2491 novere
666 2432 822 2509 Lycorida
836 2440 949 2493 terreae

305 2516 344 2575 Et
357 2516 455 2589 multi,
479 2531 558 2590 quae
572 2515 612 2575 sit
626 2524 732 2576 nostra
747 2516 891 2588 Corinna,
910 2520 1030 2590 rogant.

262 2599 369 2675 Adde,
390 2600 475 2675 quod
490 2599 622 2660 insidiae
636 2599 734 2659 sacris
748 2617 767 2660 a
780 2599 902 2659 vatibus
917 2598 1037 2670 absunt,

79 2675 81 2679 ’
199 2692 252 2746 540
304 2683 342 2743 Et
358 2684 429 2744 iacit
443 2682 483 2743 ad
498 2699 600 2744 mores
616 2699 666 2743 ars
683 2700 809 2758 quoque
823 2688 930 2743 nostra
945 2697 1031 2742 suos.

262 2767 324 2827 Nec
342 2782 399 2827 nos
418 2766 556 2841 ambitio,
578 2782 637 2827 nec
651 2782 738 2827 amor
750 2783 809 2827 nos
823 2767 919 2842 tangit
931 2765 1081 2825 habendia

306 2852 485 2926 Contempto
501 2852 609 2911 colitur
623 2853 720 2911 lectus
737 2858 767 2911 et
780 2851 887 2910 umbra
900 2851 978 2910 loro.

264 2934 327 2995 Sed
341 2936 431 2996 iacile
445 2935 623 3009 haeremus,
646 2936 813 3010 validoque
828 2934 998 3011 perurimur
1011 2940 1111 3005 aestu,

304 3019 343 3079 Et
356 3019 481 3079 nimium
496 3027 579 3080 certa
596 3020 710 3081 scimus
724 3035 827 3079 amare
841 3019 912 3078 lide.

199 3111 251 3166 545
262 3101 386 3164 Scilicet
396 3103 550 3179 ingenium
564 3104 686 3178 placida
699 3104 851 3163 mollimur
864 3102 902 3161 ab
917 3108 991 3175 arte,

305 3188 343 3248 Et
356 3188 457 3249 studio
472 3202 574 3247 mores
591 3188 809 3248 convenienter
822 3195 903 3246 eunt.

263 3271 393 3331 Vatibus
407 3271 517 3332 Aoniis
532 3272 639 3332 iaciles
654 3279 765 3343 estote,
791 3271 923 3345 puellaea

304 3356 422 3416 Numen
436 3354 517 3415 inest
529 3356 603 3431 illis,
624 3355 825 3429 Pieridesque
840 3355 952 3413 lavent

262 3440 318 3500 Est
332 3440 410 3501 deus
424 3440 456 3500 in
470 3441 575 3514 nobis,
598 3447 629 3500 et
642 3445 714 3501 sunt
727 3438 910 3500 commercia
923 3434 1015 3497 caelia

200 3532 252 3585 555
305 3522 438 3584 Sedibus
453 3523 595 3584 aetheriis
611 3522 737 3599 spiritus
753 3523 803 3583 ille
816 3522 908 3582 venit.
