2467 4042
361 280 694 356 litata-mlo.
996 283 1032 347 51

91 436 266 499 candidior
280 434 420 511 nivibus,
442 443 516 494 tune
531 448 600 493 cum
616 434 756 495 cecidere
770 444 926 512 recentes,

135 523 171 581 ln
188 519 321 595 liquidas
337 518 475 579 nondum
491 534 569 592 quas
584 535 671 579 mora
686 521 776 580 uertit
790 536 902 598 aquas:

89 604 277 678 Candidior,
303 603 388 680 quod
404 602 507 662 adhue
523 604 640 677 spumis
655 603 852 666 stridentibus
869 608 964 681 albet,

133 690 174 749 Et
189 688 282 749 modo
298 688 463 760 siccatam,
486 687 581 759 lacte,
604 687 748 762 relinquit
762 704 861 750 ovem.

43 786 78 838 15
88 776 215 835 Taurus
231 780 297 833 erat
312 787 418 831 eomes
433 770 520 846 huic,
544 771 672 830 feliciter
686 773 736 831 ille
750 774 893 849 maritus,

133 858 273 932 Cumque
288 872 346 916 sua
360 862 496 915 teneram
511 855 644 930 coniuge
659 858 773 930 pressit
787 858 921 919 brintum.

87 943 171 1004 Dum
187 942 266 1001 iacet
281 947 311 1001 et
325 943 407 999 lente
421 946 584 999 revocatas
599 940 730 999 ruminat
743 940 871 1017 herbas,

131 1028 239 1100 Atque
254 1024 364 1084 iterum
379 1031 469 1099 pasto
487 1024 624 1098 pascitur
639 1030 709 1083 ante
725 1024 808 1099 cibo,

91 1110 190 1171 Visus
205 1117 285 1180 erat,
310 1124 422 1168 somne
436 1106 520 1167 vires
536 1106 704 1182 adimente,
728 1109 833 1171 ferenti

41 1207 81 1260 ao
136 1193 337 1268 Cornigerum
352 1198 433 1251 terra
448 1192 636 1266 deposuisse
651 1199 751 1267 eaput.

86 1279 158 1341 Huc
174 1276 295 1337 lenibus
311 1275 419 1336 cornix
434 1275 536 1350 pinnis
552 1275 682 1352 delapsa
697 1292 753 1351 per
767 1292 858 1339 auras

131 1362 238 1435 Venit,
258 1360 331 1420 etin
348 1358 437 1419 viridi
452 1361 574 1435 garrula
588 1360 670 1419 sedit
684 1360 790 1435 humo,

85 1449 211 1521 Terque
227 1444 316 1504 bovis
334 1443 444 1504 niveae
459 1444 606 1518 petulanti
623 1451 748 1519 pectora
762 1452 863 1508 restro

129 1530 237 1603 Fodit,
261 1535 292 1588 et
305 1527 436 1588 albentis
452 1527 576 1588 abstulit
590 1544 644 1587 ore
659 1527 757 1589 iubas.

39 1625 77 1678 aa
89 1616 146 1675 llla
160 1616 264 1674 locum
277 1618 461 1687 taurumque
476 1612 530 1672 diu
546 1619 686 1673 cunctata
700 1613 857 1688 relinquit=

129 1697 196 1759 Sed
211 1697 298 1772 niger
312 1698 342 1755 in
359 1711 473 1755 uaccae
488 1700 614 1770 pectore
629 1696 708 1757 liner
723 1704 796 1757 erat.

84 1785 189 1858 thue
202 1782 311 1858 procul
326 1779 403 1841 sidit
417 1786 580 1855 carpentes
599 1779 712 1856 pabula
725 1789 878 1858 tauroS,...

128 1864 305 1942 Carpebant
319 1864 397 1925 tauri
413 1864 527 1940 pabula
538 1865 617 1925 laeta
634 1865 773 1940 procul...

85 1951 163 2011 llluc
178 1966 214 2011 se
229 1949 345 2026 rapuit,
370 1947 581 2024 gregibusque
597 1949 750 2009 inmiscuit
764 1950 839 2025 illis,

38 2043 77 2098 bu
129 2030 171 2095 Et
183 2034 271 2109 petiit
286 2032 402 2093 herbae
418 2033 572 2093 fertilioris
587 2032 721 2094 humum.

85 2118 142 2178 liic
158 2133 232 2193 age,
254 2122 423 2177 noeturnae
441 2117 629 2191 quicumque
644 2133 678 2178 es
695 2118 836 2191 imaginis
852 2134 961 2193 augur.

128 2201 240 2278 Siquid
255 2200 371 2261 habent
385 2199 465 2276 veri,
487 2201 556 2262 visa
572 2201 645 2275 quid
660 2202 719 2262 ista
734 2203 853 2262 lerant?

85 2286 137 2348 Sic
158 2301 227 2361 ego.
257 2285 433 2345 Nocturnae
447 2283 493 2345 sie
508 2285 583 2344 dixit
598 2285 740 2361 imaginis
755 2300 866 2360 augur,

125 2369 318 2445 Expendens
335 2367 435 2428 anime
451 2370 572 2444 singula
587 2369 668 2430 dicta
683 2385 740 2430 suo

38 2464 74 2517 ab
85 2453 198 2530 ‘Quem
211 2461 246 2515 tu
261 2451 426 2513 mobilibus
443 2453 525 2513 foliis
541 2453 638 2513 vitare
653 2453 796 2527 volebas,

126 2537 192 2599 Sed
205 2538 287 2597 male
302 2537 437 2610 vitabas,
458 2544 563 2598 aestus
578 2538 691 2598 amoris
707 2544 781 2599 erat.

81 2624 189 2683 Vacca
202 2622 308 2698 puella
325 2627 378 2682 tua
393 2627 447 2681 est
478 2627 569 2697 aptus
585 2624 673 2683 color
686 2621 738 2682 ille
751 2621 883 2697 puellae.

122 2708 171 2766 ‘fu
184 2706 248 2782 vir,
267 2710 298 2767 et
312 2705 343 2764 in
357 2720 453 2765 vacca
469 2721 604 2782 conpare
618 2713 724 2767 taurus
739 2722 819 2766 eras.

79 2789 211 2851 Pectora
228 2790 311 2864 quod
326 2795 427 2851 rostro
443 2790 550 2850 cornix
566 2790 702 2851 fodiebat
717 2798 823 2866 acuto,

38 2886 74 2938 to
126 2874 446 2948 ingeniumdominae
461 2876 531 2935 lena
545 2875 690 2935 movebat
709 2891 796 2935 anus.
845 2926 850 2937 .

78 2958 171 3034 Quod
186 2964 328 3018 cunctata
343 2958 397 3018 diu
410 2964 531 3019 taurum
551 2974 609 3019 sua
623 2975 718 3019 vacca
732 2958 869 3033 reliquit,

121 3040 266 3117 Frigidus
281 3042 311 3101 in
328 3041 423 3103 viduo
438 3043 606 3104 destituere
621 3050 698 3105 toro.

78 3127 186 3197 Livor,
211 3132 241 3185 et
254 3127 390 3186 adverse
407 3129 545 3188 maculae
563 3126 620 3188 sub
636 3134 763 3203 pectore
777 3128 898 3201 nigrae,

120 3209 235 3270 Pectus
251 3210 391 3271 adulterii
410 3210 479 3272 labe
494 3227 600 3272 carere
615 3215 750 3286 negant?

40 3303 70 3356 ti
80 3295 211 3357 Dixerat
227 3294 389 3370 interpres.
416 3295 518 3370 gelido
535 3294 610 3355 mihi
626 3295 752 3371 sanguis
767 3294 805 3355 ab
822 3310 876 3355 ore

120 3377 225 3454 Fugit,
248 3386 280 3439 et
294 3386 365 3441 ante
380 3380 488 3441 oeulos
503 3396 566 3441 nex
583 3379 666 3440 stetit
680 3381 740 3439 alta
756 3394 851 3438 meos.

412 3522 612 3533 a-——n———o

814 3631 852 3682 μ
