2467 4042
102 186 176 243 .v111
310 256 320 279 ὁ

108 372 163 429 per
186 371 217 413 se
241 352 417 429 suspiciosa,
443 352 494 412 vel
516 369 535 411 a
557 351 643 411 libri‘s
666 351 801 411 eonviote
822 342 1116 431 essent‚‘interpola-

110 441 200 502 tionis
213 460 333 524 ,genera
356 440 509 525 quaedam,
533 442 648 500 aetates
671 439 754 515 adeo,
776 439 808 499 in
830 440 1118 519 Metamorphosibus

23 598 27 605 ¹
110 530 262 605 maxime„
278 519 506 607 indagarentur3
532 527 565 586 id
591 527 670 604 quod
698 527 736 587 ad
762 527 908 604 liquidum
931 531 1117 605 exploratum

112 636 251 695 umquam
277 618 315 676 iri
341 617 478 693 profesto
504 616 751 693 spei-minimum
778 619 852 676 erat
905 618 1026 693 gravius
1049 619 1118 693 fuit,

9 751 12 756 .
110 707 190 784 quod
217 706 272 765 sub
299 706 378 765 idem
405 708 523 781 tempus
552 705 687 781 quaestio
709 705 763 763 illa
784 708 931 780 perpetua
952 706 1119 767 Horatiana

67 826 71 832 .
110 795 149 853 ad
168 793 309 856 Ovidium
330 793 526 870 permanavit,
549 811 608 869 qua
630 794 679 853 vel
701 792 764 853 sine
787 792 872 853 libris
895 794 971 854 ratio
990 799 1022 854 et
1039 795 1118 870 quod

110 885 230 959 oportet
252 885 418 959 spectatur,
441 881 501 942 loei
523 881 683 956 ampliores
705 900 795 957 quam
817 881 897 956 apud
919 881 1117 942 Sohradernm

110 971 303 1046 damnantur,
330 970 411 1047 qnod
438 969 476 1029 ad
503 969 663 1029 sollicitam
690 968 772 1029 illins
794 970 973 1030 industriam
993 970 1119 1031 interior

109 1060 153 1118 rei
179 1059 314 1135 poetioae
340 1057 540 1134 intelligentia
567 1056 689 1118 aceedit.
742 1075 838 1134 neque
870 1058 960 1117 aliam
990 1059 1114 1119 obrem
1192 1103 1195 1107 «

110 1148 157 1207 vir
179 1147 304 1206 eximius
327 1146 509 1207 Horatianus
533 1146 607 1205 artis
630 1148 775 1206 stateram
797 1145 977 1206 Heroidibus
998 1148 1119 1223 potissi·

110 1256 191 1295 mum
219 1235 365 1310 admovit,
397 1253 487 1311 qnam
519 1233 597 1310 qnod
624 1234 718 1293 ineo
747 1251 857 1311 genere
888 1237 1058 1311 argumenti
1088 1239 1120 1296 et

110 1325 358 1383 lineamentorum
380 1323 530 1399 quandum
552 1322 856 1398 circumscriptionem
874 1326 906 1382 et
922 1342 1057 1383 normam
1075 1326 1120 1384 vi·
1173 1350 1175 1353 ’

56 1451 59 1457 -
111 1413 163 1487 dit,
187 1413 271 1473 velut
293 1412 367 1471 artis
390 1409 590 1486 Praxitelsae',
614 1414 694 1470 oerte
716 1412 807 1486 paulo
830 1411 907 1470 alius
930 1412 1012 1470 modi
1029 1430 1119 1487 quam

112 1500 340 1577 ethologiarum,
364 1519 437 1576 quas
455 1500 565 1574 ferunt,
588 1499 816 1558 rhetoricarum:
839 1499 920 1576 quod
932 1503 1039 1575 poetae
1052 1519 1119 1576 pro-

109 1590 241 1664 positum
264 1588 290 1648 si
311 1591 427 1664 teneas,
455 1586 702 1648 intersitioiorum
729 1587 900 1647 discrimina
922 1588 1118 1663 apparebunt.

112 1677 203 1753 digna
235 1675 432 1736 admiratione
465 1694 501 1736 ea
527 1674 646 1735 Lehrsii
677 1675 840 1751 disputatio
871 1679 903 1735 at
934 1694 1010 1751 quae
1037 1695 1121 1737 reve·

109 1769 212 1824 renter
239 1765 400 1840 habeatur3
428 1764 480 1823 sed
507 1782 596 1840 aegre
623 1763 799 1823 facultatem
828 1763 921 1823 habet
946 1764 978 1822 in
999 1764 1120 1840 seriptis

111 1872 129 1912 a
160 1856 250 1928 poeta
281 1852 405 1912 rudibus
433 1856 464 1912 et
490 1852 673 1928 imperfectis
701 1851 814 1912 relistis
846 1854 900 1912 aut
930 1852 968 1911 ab
996 1856 1061 1913 arte
1088 1855 1120 1911 et

110 1941 259 2001 limatiore
283 1959 354 2000 eura
375 1941 440 2017 ipso
463 1940 621 2017 profitente
645 1940 762 2014 alienis,
791 1939 874 2000 ouius
896 1940 978 1999 modi
1000 1943 1120 2016 praeter

47 2012 59 2035 ”
110 2029 239 2106 primum
261 2030 400 2089 volumen
423 2032 494 2087 sunt
516 2028 623 2089 o'mnia.

200 2116 324 2176 Aooedit
354 2135 432 2176 nuno
463 2117 541 2193 quod
573 2134 650 2193 quae
678 2117 711 2175 in
736 2116 783 2176 his
810 2116 1053 2192 requirebantur,
1084 2121 1120 2176 ut

110 2207 245 2265 looorum
266 2205 463 2265 insiticiorum
485 2205 616 2264 ambitus
635 2207 666 2264 et
683 2204 864 2280 terminatio,
886 2208 921 2265 ut
944 2206 1027 2281 origo
1045 2207 1120 2264 mul·

111 2294 213 2370 tiplex,
231 2296 267 2353 ut
283 2294 405 2368 praeter
422 2292 510 2351 nimis
528 2293 689 2352 manifesta
702 2292 892 2369 aliaquoque
906 2292 1119 2369 indicarentur,

112 2401 148 2441 ea
165 2385 286 2457 praesto
305 2383 375 2440 sunt
389 2381 468 2440 inter
481 2381 566 2440 tertii
579 2380 738 2441 voluminis
751 2380 845 2455 dotes,
868 2381 1013 2440 librorum
1030 2382 1119 2441 bene·

111 2469 176 2528 fioio
209 2473 241 2529 et
268 2469 439 2528 adiumento
470 2469 535 2545 illo,
568 2469 604 2528 de
632 2487 690 2544 quo
718 2468 881 2528 indicatum
910 2487 1000 2545 supra
1032 2472 1063 2529 et
1089 2471 1121 2529 in

110 2557 253 2634 proximis
272 2557 483 2633 exponendum.
538 2560 628 2617 erunt
644 2558 781 2632 fortasse,
804 2575 880 2633 quaa
903 2557 942 2616 ad
959 2557 1120 2618 Metamor-

111 2646 220 2721 phoses
243 2647 297 2705 aut
320 2645 380 2705 alia
401 2645 580 2720 reciprocari
601 2646 730 2721 possint:
754 2645 859 2705 eodem
881 2664 940 2721 quo
958 2646 1021 2705 illio
1039 2649 1071 2704 et
1088 2647 1120 2705 in

111 2733 293 2793 Heroidibus
315 2734 381 2793 loeo
403 2735 567 2793 manebunt
589 2737 717 2807 tantum,
739 2753 816 2811 quae
838 2737 940 2809 partes
962 2737 1032 2794 ante
1055 2752 1120 2794 sae·

112 2823 212 2882 oulum
234 2822 372 2899 quintum
395 2822 528 2882 adiectae
552 2825 631 2898 sunt,
654 2821 821 2898 dequibus
843 2822 1002 2897 utrobique
1024 2822 1120 2882 Hora·

111 2911 207 2987 tiana,
231 2928 321 2985 quam
343 2909 441 2970 dioere
464 2910 561 2986 lubet,
585 2910 800 2985 disceptatione
823 2928 897 2986 opus
920 2910 987 2973 erit

201 2997 261 3058 Sed
284 2997 358 3059 satis
380 3016 449 3059 raro
472 2998 527 3058 hoo
550 3016 606 3057 usu
628 2997 729 3059 veniet
750 3002 961 3075 praeterquam
977 2999 1008 3058 in
1027 2998 1120 3074 Ibide,

113 3089 192 3163 qnod
215 3087 390 3164 opuseulum
413 3086 653 3164 interpolationis
676 3087 872 3162 suspioionem
894 3105 986 3162 prope
1008 3086 1121 3147 nemini

112 3176 205 3236 morit
240 3179 361 3252 praeter
392 3174 434 3235 Io.
468 3173 675 3235 Schraderum.
730 3175 755 3235 is
790 3175 823 3235 in
853 3173 1120 3236 Emendationibus

113 3266 144 3324 et
172 3263 288 3324 sohedis
314 3263 498 3340 idiographis
525 3281 608 3322 more
636 3282 705 3338 suo,
733 3264 844 3324 omissa
870 3283 971 3322 rerum
993 3263 1121 3322 aliarum

112 3370 251 3427 censura,
288 3369 364 3428 quae
396 3352 580 3427 inelegantis
610 3355 643 3410 et
672 3352 836 3430 incongrua
866 3352 1009 3427 putabat,
1046 3351 1121 3411 satis

111 3439 208 3498 multe
230 3440 354 3500 notavit.
408 3440 567 3516 quaedam.
585 3439 722 3500 versibus
744 3440 934 3515 transpositis
958 3440 1031 3500 satis
1054 3458 1121 3515 ope-

111 3543 178 3587 rose
210 3527 417 3604 concinnabat,
451 3527 502 3587 sed
535 3528 655 3604 egregie
687 3531 718 3588 et
744 3528 878 3604 adposite
906 3528 973 3602 hos,
1007 3528 1049 3588 34
1078 3529 1119 3587 37
