2467 4042
379 252 505 316 210
1109 250 1387 313 ARTIS
1430 251 1711 312 ΑΜΑΤ.

545 407 704 467 Dum
734 406 876 465 facit
905 403 1241 480 ingenium,
1288 404 1473 479 petite
1501 403 1643 463 hinc
1671 411 2030 479 praecepta,
2072 406 2377 482 puellae,

633 490 795 564 Quas
826 488 1029 565 pudor
1057 495 1119 549 et
1148 489 1317 562 leges
1348 495 1409 549 et
1434 503 1549 548 sua
1575 487 1710 548 iura
1738 487 1960 548 sinunt.

544 575 854 634 Venturae
884 586 1185 632 memores
1216 571 1337 631 iam
1366 586 1526 633 nunc
1555 578 1754 632 estote
1783 579 2100 632 senectae:

461 666 531 722 60
638 655 741 717 Sic
775 657 1001 717 nullum
1033 654 1210 717 vobis
1241 662 1482 729 tempus
1514 654 1702 715 abibit
1729 654 1912 716 iners.

545 740 702 801 Dum
736 740 906 814 licet,
946 745 1007 799 et
1039 754 1224 798 veros
1256 738 1436 798 etiam
1465 753 1627 798 nunc
1657 738 1837 799 editis
1867 754 2085 815 annoS,

629 823 865 885 Ludite.
911 829 1054 883 eunt
1081 822 1224 883 anni
1255 836 1424 881 more
1455 821 1700 882 fluentis
1729 837 1948 897 aquae.

544 908 669 969 Nec
701 922 860 983 quae
887 905 1223 981 praeteriit,
1268 905 1484 965 iterum
1512 906 1896 967 revocabitur
1924 906 2104 981 unda,

626 991 750 1050 Nec
782 1006 941 1066 quae
974 989 1310 1065 praeteriit,
1353 988 1506 1048 hora
1533 989 1733 1049 redire
1763 996 1987 1065 potest.

460 1086 529 1138 65
550 1074 853 1135 Utendum
884 1081 979 1133 est
1009 1080 1226 1134 aetate.
1275 1072 1394 1133 cito
1425 1072 1586 1148 pede
1615 1073 1833 1134 labitur
1861 1080 2049 1145 aetaS,

627 1159 752 1218 Nec
781 1158 945 1218 bona
977 1165 1098 1219 tam
1128 1154 1435 1231 sequitur,
1482 1172 1663 1230 quam
1693 1156 1858 1217 bona
1891 1157 2085 1231 prima
2112 1157 2255 1219 fuit.

551 1243 674 1302 Hos
706 1256 852 1316 ego,
903 1241 1009 1315 qui
1039 1247 1290 1314 canent,
1332 1239 1583 1301 frutices
1613 1240 1869 1301 violaria
1899 1240 2052 1299 vidi:

628 1326 760 1385 Hac
789 1324 934 1383 mihi
965 1326 1044 1384 de
1073 1323 1256 1399 spina
1283 1329 1454 1398 grata
1482 1338 1711 1385 corona
1740 1324 1881 1384 data
1909 1330 2023 1383 est.

547 1411 808 1484 Tempus
841 1409 981 1481 erit,
1029 1424 1151 1483 quo
1183 1415 1276 1481 tu,
1325 1422 1484 1482 quae
1511 1422 1671 1467 nunc
1700 1407 1978 1469 excludis
2009 1417 2334 1484 amanteS‚

463 1503 531 1555 τι]
631 1492 878 1567 Frigida
906 1492 1152 1552 deserta
1179 1497 1362 1551 noete
1389 1490 1619 1551 iacebis
1650 1506 1827 1565 anuS‚

547 1578 668 1637 Nec
698 1582 798 1636 tua
829 1576 1140 1650 frangetur
1166 1580 1462 1633 nocturna
1493 1574 1672 1634 ianua
1698 1575 1848 1648 rixa,

631 1658 864 1734 Sparsa
892 1674 1006 1719 nec
1037 1658 1316 1718 invenies
1340 1657 1550 1717 limina
1576 1672 1754 1717 mane
1782 1674 1946 1718 rosa.

547 1743 738 1819 Quam
767 1743 929 1803 cito„
962 1758 1060 1803 me
1089 1742 1379 1802 miserum
1396 1748 1451 1800 t..
1497 1743 1777 1801 laxantur
1806 1757 2070 1817 corpora
2098 1743 2307 1821 rugiS,

627 1828 702 1887 Et
733 1826 889 1902 perit
914 1827 976 1885 in
1006 1825 1194 1887 nitido
1227 1825 1331 1900 qui
1360 1824 1470 1884 suit
1497 1840 1603 1883 ore
1635 1826 1823 1885 color.
2286 1826 2290 1829 ’

467 1923 527 1975 Τῇ
555 1915 841 1987 Quasque
872 1909 1063 1970 fuisse
1094 1909 1200 1970 tibi
1232 1924 1419 1969 canas
1450 1923 1488 1968 a
1520 1908 1752 1984 virgine
1779 1908 1964 1984 iuraS,

631 1994 1009 2070 Spargentur
1038 1992 1241 2054 subito
1274 2007 1386 2067 per
1413 1999 1599 2067 caput
1632 2008 1813 2053 omne
1842 2008 2077 2054 comae.

547 2078 862 2154 Anguibus
893 2078 1133 2139 exuitur
1162 2074 1329 2137 tenui
1359 2091 1498 2136 cum
1524 2076 1683 2150 pelle
1714 2083 2008 2152 vetustaS,

626 2163 752 2223 Nec
787 2161 1017 2222 faciunt
1045 2176 1268 2221 cervos
1299 2174 1531 2220 cornua
1560 2159 1717 2219 iacta
1747 2176 1952 2221 seneS.

547 2246 765 2306 Nostra
793 2246 928 2306 sine
957 2245 1183 2306 auxilio
1221 2244 1455 2319 fugiunt
1482 2243 1663 2303 bona.
1705 2244 1935 2321 carpite
1963 2244 2209 2321 florem,

463 2343 531 2391 εἰ]
637 2329 776 2404 Qui,
821 2328 938 2389 nisi
973 2333 1216 2404 carptus
1249 2327 1388 2401 erit,
1436 2328 1686 2402 turpiter
1711 2326 1849 2403 ipse
1878 2328 2075 2389 cadet.

547 2414 757 2487 Adde,
802 2413 970 2489 quod
999 2421 1061 2475 et
1089 2418 1297 2487 partus
1328 2411 1555 2471 faciunt
1587 2411 1871 2473 breviora
1901 2414 2195 2473 iuventae

625 2497 944 2572 Tempora.
992 2496 1281 2558 continua
1310 2511 1514 2556 messe
1545 2496 1814 2557 senescit
1843 2512 2007 2572 ager.

547 2581 811 2641 Latmius
843 2579 1192 2659 Endymion
1221 2595 1347 2640 non
1379 2587 1474 2640 est
1505 2576 1638 2653 tibi,
1682 2579 1884 2655 Luna,
1923 2580 2167 2641 ruboriz

627 2665 752 2725 Nec
784 2665 1085 2740 Cephalus
1114 2678 1335 2725 roseae
1363 2663 1595 2738 praeda
1625 2664 1914 2738 pudenda
1944 2664 2123 2726 deae.

463 2759 527 2811 {⁵³52
551 2748 628 2807 Ut
656 2750 913 2822 Veneri,
958 2764 1139 2823 quem
1167 2748 1332 2822 luget
1359 2747 1590 2822 adhue,
1634 2747 1892 2808 donetur
1917 2748 2197 2809 Adonis=

628 2832 805 2893 Unde
834 2832 1018 2893 habet
1044 2834 1301 2892 Aenean
1331 2829 1847 2906 Harmoniamque
1879 2838 2072 2893 suos?

551 2919 630 2975 Ite
665 2932 776 2992 per
805 2916 1182 2991 exemplum,
1225 2930 1423 2990 genus
1454 2931 1491 2975 o
1521 2917 1805 2990 mortale,
1848 2916 2120 2991 dearum,

632 3001 867 3063 Gaudia
895 3016 1008 3060 nec
1039 2999 1279 3075 cupidis
1312 3004 1518 3059 vestra
1545 3005 1762 3073 negate
1790 2998 1958 3059 viris.

547 3084 621 3143 Ut
649 3085 768 3143 iam
799 3084 1134 3159 decipiant,
1179 3082 1328 3158 quid
1359 3082 1655 3158 perditis?
1696 3083 1898 3144 omnia
1925 3089 2232 3146 constant.

467 3179 531 3231 titt
635 3168 800 3229 Mille
830 3167 969 3228 licet
999 3173 1266 3241 sumant,
1312 3166 1546 3242 deperit
1574 3166 1717 3226 inde
1745 3164 1913 3226 nihil.

551 3251 888 3313 Conteritur
918 3252 1173 3324 ferrum,
1218 3250 1424 3311 silices
1455 3256 1774 3312 tenuantur
1802 3249 1878 3309 ab
1907 3266 2056 3310 usu=

629 3334 893 3408 Sufficit,
943 3340 1004 3395 et
1031 3334 1233 3394 damni
1268 3350 1411 3410 pars
1441 3341 1605 3394 caret
1634 3334 1735 3394 illa
1764 3340 1946 3394 metu.

551 3419 695 3491 Quis
730 3425 891 3479 vetet
923 3418 1208 3494 adposito
1242 3419 1442 3479 lumen
1475 3418 1555 3478 de
1584 3418 1808 3478 lumine
1838 3423 2039 3477 sumi?

633 3500 857 3573 Quisve
889 3516 1043 3563 cavo
1074 3506 1285 3561 vastas
1318 3500 1379 3561 in
1413 3517 1579 3561 mare
1609 3510 1813 3562 servet
1841 3508 2079 3576 aquas?
