2467 4042
364 205 410 255 1v.
429 216 500 256 vnn
516 207 623 254 raa-x
638 207 679 256 ar.
961 201 1026 267 203

153 367 318 450 Gentibus,
341 366 460 445 obliqua
483 384 558 446 quas
580 365 643 427 obit
666 365 766 428 Hister
789 385 881 446 aqua.

107 455 170 517 Nee
192 459 298 517 vincet
313 454 438 536 Cyclops
461 473 581 515 saevum
605 456 721 515 feritate
744 453 898 534 Phyacon:

153 544 210 615 Qui
233 551 322 624 quota
345 545 469 604 terroris
491 560 561 621 pars
584 541 661 603 solet
683 560 747 603 esse
772 540 856 604 mei?

61 642 95 693 aa
114 631 209 712 Scylla
232 632 304 693 ieris
326 641 434 693 trunco
453 631 532 711 quod
556 629 645 691 latret
666 630 703 691 ab
725 633 847 709 inguine
868 632 1027 713 monstris,

153 720 322 781 Heniochae
345 722 445 780 nautis
467 718 535 798 plus
559 736 689 779 nocuere
712 725 807 780 rates.

106 807 169 870 Neo
192 816 277 887 potes
300 809 417 869 iniectis
440 806 577 868 conferre
600 805 769 886 Charybdin
791 805 932 887 Achaeis,

152 895 212 958 Ter
234 895 305 957 licet
327 905 447 976 epotum
471 903 517 956 ter
540 905 638 956 vomat
660 894 708 956 illa
731 895 859 956 iratum.

108 984 166 1057 oui
189 1002 366 1065 quamquam
391 984 494 1044 dextra
516 986 639 1063 regione
661 982 798 1044 licentius
822 991 940 1063 errant,

58 1085 93 1136 ao
152 1072 298 1135 Securum
321 1072 398 1134 latus
421 1071 479 1132 hoo
501 1088 560 1132 non
584 1080 683 1132 tamen
706 1088 772 1133 esse
796 1070 929 1149 sinunt]

107 1161 162 1222 Hic
185 1164 248 1242 agri
271 1161 424 1222 inirondes
436 1206 446 1241 ,
468 1160 517 1220 hic
540 1159 653 1239 spicula
676 1162 767 1233 tincta
791 1161 955 1221 venenisu—

151 1248 206 1310 Hio
230 1249 305 1310 freta
327 1249 374 1309 vel
396 1245 490 1328 pediti
512 1251 614 1327 pervia
636 1248 734 1309 reddit
757 1247 871 1327 hiems,

107 1335 168 1417 Ut,
192 1354 250 1415 qua
272 1354 373 1397 remus
395 1339 454 1397 iter
476 1335 570 1415 pulsis
592 1336 680 1395 modo
703 1337 814 1397 lecerat
837 1336 943 1417 undis,

153 1423 256 1485 Siccus
279 1432 447 1503 contempta
471 1440 545 1483 nare
567 1425 662 1483 viator
685 1430 748 1484 eat.

59 1524 93 1575 to
108 1512 166 1585 Qui
187 1514 311 1573 veniunt
333 1514 443 1590 istinc,
466 1513 514 1571 vix
536 1528 588 1571 ros
611 1527 646 1571 ea
669 1510 791 1571 credere
815 1511 939 1573 dicunt.

152 1600 247 1673 Quam
270 1602 360 1661 miser
383 1606 451 1680 est,
474 1601 526 1679 qui
549 1599 608 1660 tert
631 1601 780 1677 asperiora
802 1597 877 1659 lidel

107 1686 202 1751 Crede
223 1697 341 1750 tamen:
364 1704 420 1748 nec
442 1696 472 1749 te
495 1704 598 1748 causas
622 1689 739 1749 nescire
763 1689 912 1768 sinemus,

152 1775 279 1837 Horrida
303 1775 497 1837 Sarmaticum
521 1793 575 1836 cur
598 1793 680 1837 mare
703 1775 791 1836 duret
813 1775 925 1836 biems.

107 1865 244 1927 Proxima
266 1872 337 1925 sunt
359 1862 445 1925 nobis
468 1863 593 1943 plaustri
615 1862 787 1944 praebentia
809 1864 935 1925 formam
969 1876 1027 1930 tras)

59 1964 94 2015 40
152 1952 191 2015 lit
213 1971 289 2032 quae
311 1954 505 2034 praecipuum
529 1952 627 2013 sidera
650 1953 744 2032 frigus
768 1951 894 2013 habent.

107 2040 183 2103 Hinc
206 2043 303 2103 oritur
326 2040 432 2102 boreas
455 2058 584 2120 oraeque
606 2040 787 2102 domesticus
811 2040 880 2101 huic
903 2049 950 2103 est
957 2087 966 2123 ,

151 2129 189 2191 Et
212 2131 304 2190 sumit
326 2147 425 2190 mores
447 2146 464 2190 a
486 2131 626 2209 propiore
649 2128 750 2190 locus.

106 2218 145 2278 At
166 2225 277 2296 notus,
300 2217 423 2279 adverso
446 2217 579 2296 tepidum
603 2218 656 2296 qui
678 2219 771 2297 spirat
793 2216 830 2278 ab
853 2235 924 2300 axe,

150 2303 205 2368 Est
227 2304 353 2386 procul,
376 2313 408 2366 ct
430 2323 516 2366 rarus
538 2303 764 2384 languidiorque
786 2307 883 2368 venit.

57 2404 93 2456 to
107 2392 189 2454 nude
211 2392 291 2472 quod
314 2393 363 2453 hic
386 2393 486 2454 clauso
509 2395 675 2454 miscentur
696 2392 818 2454 domina
840 2394 952 2477 Ponto,

151 2480 276 2561 Vimque
298 2481 408 2542 iratum
432 2481 524 2543 multo
547 2480 646 2561 perdit
667 2480 704 2542 ab
727 2499 813 2542 amne
836 2500 936 2544 suam.

106 2566 172 2632 Huc
194 2568 293 2650 Lycus
304 2616 313 2651 ,
336 2569 395 2631 huc
419 2568 536 2649 Sagaris
558 2569 728 2648 Peniusque
752 2568 939 2651 Hypanisque

654 2657 797 2737 Calesque

149 2745 250 2807 lnlluit
272 2755 303 2807 ct
325 2745 431 2807 crebro
454 2748 565 2808 vertice
587 2754 686 2807 tortus
709 2745 813 2827 Halys,

106 2833 343 2914 Partheniusque
366 2852 477 2914 rapax,
501 2843 531 2895 et
554 2833 675 2894 volvens
698 2851 767 2895 saxa
789 2834 939 2914 Cynapses

56 2933 91 2985 to
149 2922 295 3003 Labitur,
317 2929 348 2983 et
370 2922 452 2983 nullo
475 2923 587 2984 tardior
610 2940 696 2983 arnne
720 2920 829 3002 Tyras:

105 3007 144 3071 Et
164 3017 221 3088 tu,
244 3011 389 3071 femineae
410 3010 599 3071 Thermodon
623 3011 742 3087 cognite
765 3018 898 3089 turmae,
945 3066 951 3076 ,

149 3095 188 3157 Et
210 3098 359 3176 quondam
381 3095 477 3157 Graiis
499 3097 588 3158 Phasi
606 3098 699 3176 petite
722 3099 813 3158 viris:

106 3185 239 3264 Cumque
262 3184 457 3264 Borysthenio
480 3185 696 3264 liquidissimus
719 3203 804 3245 amne
826 3184 970 3265 Dyrapses

148 3271 187 3334 Et
209 3274 298 3334 tacite
321 3289 467 3353 peragens
489 3273 555 3334 lene
578 3271 745 3334 Melanthus
767 3277 841 3334 iter:

55 3360 224 3441 audirique
247 3360 320 3422 duas
343 3369 461 3442 terras,
484 3362 583 3422 Asiam
605 3359 766 3440 Cadmique
789 3376 920 3421 sororem

150 3449 275 3530 Separat
297 3460 329 3511 et
350 3466 458 3511 cursus
480 3453 560 3510 inter
583 3458 739 3528 utramque
762 3449 849 3509 iacit:

104 3537 315 3618 lnnumertque
338 3538 387 3599 alii
400 3586 409 3620 ,
433 3555 508 3617 quos
530 3541 609 3599 inter
633 3539 774 3598 maximus
797 3551 899 3595 omnes
