2467 4042
426 225 472 276 1v.
492 228 658 297 ore-eeu
976 225 1041 289 303
1144 272 1147 278 .
1220 204 1221 265 3

121 385 241 448 Faunus
264 386 370 468 adest,
393 390 552 468 oviumque
574 407 714 468 premens
736 390 811 469 pede
834 390 942 452 vellera
965 390 1040 452 duro

164 474 264 536 Edidit
287 493 304 536 a
326 474 431 536 dextro
450 476 523 538 talia
546 476 624 538 dicta
648 486 731 539 toro:

59 574 107 625 665
123 559 233 625 ‘Morte
255 563 346 624 boum
369 564 445 645 tibi,
468 583 543 646 rex,
567 564 668 627 Tellus
690 566 831 645 placanda
854 567 1000 661 duarum:

165 651 221 712 liet
240 654 336 713 sacris
359 654 471 714 animas
495 672 553 714 una
576 663 679 715 necata
703 651 810 716 duas.'

119 739 277 801 Excutitur
300 748 416 802 terrore
440 743 546 821 quies:
578 742 673 803 Numa
697 745 758 803 risa
781 744 921 826 revolvit,

164 827 205 889 Et
226 847 327 890 secum
351 828 488 909 ambages
511 848 658 910 caecaque
680 834 761 893 iussa
784 833 894 893 refert.

119 915 246 995 Expedit
268 925 417 978 errantem
440 918 562 979 Nemori
584 921 750 997 gratissima
773 923 901 981 coniunx

56 1008 105 1067 610
131 1054 137 1075 ,
163 1003 202 1065 Et
223 1005 298 1066 dixit
321 1001 473 1085 ‘gravidae
496 1010 630 1086 posceris
654 1017 719 1069 exta
743 1004 860 1069 bovis.'

118 1092 192 1154 Exta
216 1092 299 1154 bovis
323 1095 459 1173 gravidae
482 1094 613 1178 dantur,
637 1096 752 1157 felicior
774 1115 869 1158 annus

161 1181 324 1262 Proventu,
348 1190 378 1244 et
401 1185 532 1245 fructum
555 1193 636 1246 terra
658 1203 810 1265 pecusque
834 1187 952 1248 lerunt.

118 1268 201 1330 Hanc
225 1270 372 1350 quondam
396 1271 541 1351 Cytherea
564 1272 642 1333 diem
666 1276 874 1353 properantius
897 1276 941 1335 ire

164 1356 255 1417 lussit
277 1368 308 1419 et
330 1358 475 1420 admissos
497 1362 702 1439 praecipitavit
725 1379 836 1442 equos,

53 1456 104 1507 elo
119 1442 157 1506 Ut
180 1445 299 1506 titulum
321 1448 439 1525 imperii
462 1465 530 1507 cum
553 1450 683 1525 primum
706 1448 771 1510 luce
796 1452 933 1529 sequenti

162 1534 296 1612 Augusto
319 1535 420 1595 iuveni
442 1553 586 1614 prospera
608 1534 684 1596 bella
708 1537 828 1598 darent.

256 1671 307 1736 17.
332 1669 393 1737 GN
408 1689 506 1737 nvnr
554 1673 603 1738 18.
627 1671 693 1738 DN
709 1691 808 1738 nvnr

119 1797 177 1859 Sed
199 1800 257 1859 iam
280 1800 455 1878 praeteritas
479 1808 602 1879 quartus
626 1800 681 1861 tibi
704 1800 825 1862 Lucifer
848 1801 917 1863 ldus

162 1886 318 1968 Respicit;
340 1886 395 1947 hac
418 1886 533 1967 Hyades
557 1887 665 1949 Dorida
688 1899 777 1951 nocte
799 1899 919 1951 tenent.

275 2026 324 2090 19.
348 2024 376 2090 u
396 2023 797 2093 CER·Nnvn·1u·cru

118 2149 218 2214 Tertia
241 2151 446 2231 postflyadas
470 2170 538 2213 cum
560 2153 610 2214 lux
635 2155 691 2215 erit
715 2162 779 2214 orta
802 2162 949 2236 remotas,

46 2250 103 2301 680
163 2239 288 2302 Carcore
311 2244 437 2320 partitos
460 2240 564 2303 Circus
587 2240 708 2303 habebit
730 2244 840 2321 equos.

118 2327 179 2389 Cur
201 2331 292 2408 igitur
315 2332 422 2390 missae
445 2330 552 2390 vinctis
575 2330 708 2391 ardentia
731 2330 826 2391 taedis

162 2415 257 2496 Terga
280 2418 377 2479 lerant
399 2417 522 2499 volpes,
545 2436 633 2480 causa
656 2418 788 2480 docenda
813 2420 884 2481 mibi
907 2429 970 2482 est.

117 2503 236 2584 Frigida
259 2504 406 2567 Carseolis
429 2524 485 2567 nec
507 2506 591 2567 olivis
615 2515 682 2585 apta
705 2507 836 2569 terendis

162 2592 277 2675 Terra,
301 2593 352 2655 sed
376 2593 412 2655 ad
435 2603 552 2674 segetes
574 2596 747 2674 ingeniosus
770 2614 856 2675 ager.

43 2693 101 2747 685
117 2680 178 2743 llac
202 2700 255 2761 ego
279 2681 434 2762 Paelignos
446 2729 455 2763 ,
479 2683 585 2745 natalia
608 2702 701 2763 rura,
723 2684 877 2767 petebam,

161 2770 276 2851 Parva,
299 2771 351 2832 sed
376 2773 501 2833 assiduis
525 2771 608 2833 obvia
633 2790 751 2852 semper
774 2777 875 2853 aquis.

115 2858 248 2940 Hospitis
270 2862 385 2940 antiqui
408 2861 509 2922 solitas
531 2862 707 2922 intravimus
730 2861 837 2942 aedes3

160 2948 333 3028 Dempsorat
356 2951 488 3011 emeritis
510 2951 567 3011 iam
591 2952 659 3030 iuga
681 2949 820 3011 Phoebus
844 2951 946 3030 equis.

116 3034 145 3095 ls
168 3035 240 3096 mibi
263 3037 354 3099 multa
373 3039 515 3119 quidem,
539 3038 590 3099 sed
614 3048 645 3099 et
667 3037 740 3099 haec
761 3056 882 3099 narrare
906 3036 1034 3120 solebat,

40 3135 102 3186 690
160 3121 243 3184 Unde
267 3143 364 3185 meum
388 3145 529 3204 praesens
551 3130 753 3187 instrueretur
776 3145 869 3205 opus:

116 3206 211 3272 ‘lloo'
235 3214 276 3273 ait
298 3208 344 3273 ‘in
368 3211 487 3294 campo'
512 3249 545 3259 -
569 3232 764 3293 campumque
788 3214 919 3276 ostendit
942 3248 974 3257 -

664 3298 808 3363 ‘habebat

49 3427 53 3433 ·
159 3389 222 3451 Rus
245 3389 334 3450 breve
358 3408 425 3451 cum
448 3392 524 3453 duro
547 3410 635 3471 parca
659 3390 763 3451 colona
785 3393 865 3454 viro.
972 3392 975 3396 ’

114 3478 166 3540 llle
190 3496 273 3539 suam
296 3478 455 3558 peragebat
478 3481 623 3561 humum,
647 3481 708 3540 sive
732 3496 804 3540 usus
827 3482 932 3559 aratri,

159 3566 219 3629 Seu
242 3585 349 3628 curvae
372 3568 454 3630 lalcis
466 3614 476 3652 ,
499 3571 560 3630 sive
584 3568 713 3629 bidentis
736 3579 816 3631 erat.
