2467 4042
210 201 276 267 256
480 231 485 239 -
618 200 813 253 aasromnr

345 366 403 427 Sed
427 374 525 428 tamen
549 385 565 426 a
589 374 678 427 vento
691 413 701 446 ,
723 367 776 445 qni
798 365 875 444 tuit,
898 365 977 427 unda
1003 374 1127 448 tumet,

301 455 373 535 Sic,
397 457 529 534 quamvis
553 453 655 517 aberat
678 454 801 533 placitae
825 458 993 533 praesentia
1020 456 1158 535 formae,

345 543 440 615 Quem
463 543 585 604 dederat
607 561 749 625 praesens
772 542 865 603 forma
878 590 889 622 ,
911 541 1053 605 manebat
1080 564 1180 606 amor.

301 631 414 712 Ardet,
437 639 467 693 et
488 633 592 693 iniusti
615 631 742 693 stimulis
767 633 894 713 agitatur
917 633 1047 695 amoris.

235 733 287 782 ⁷80
346 719 502 800 Comparat
523 720 645 799 indigno
669 721 785 798 vimque
810 719 968 799 dolumque
993 729 1086 785 toro.

303 804 423 870 ‘Exitus
447 810 477 868 in
501 807 591 868 dubio
615 816 679 870 est:
711 805 885 869 audebimus
908 809 1012 871 ultima
1026 804 1052 870 l'
1080 809 1159 872 dixit

346 892 497 975 ‘Viderit,
521 895 664 957 audentes
687 896 787 957 lorsne
811 895 923 957 deusne
946 899 1046 957 iuvet.

303 985 442 1065 Cepimus
464 984 600 1045 audendo
624 983 731 1045 Gabios
755 980 907 1065 qnoque.’
950 985 1020 1047 talia
1045 986 1131 1049 latus

345 1073 425 1135 Ense
448 1072 524 1134 latus
548 1075 662 1151 cinxit,
686 1083 827 1151 tergaque
849 1074 960 1153 pressit
982 1076 1078 1153 equi.

237 1174 288 1223 785
303 1162 418 1240 Accipit
440 1172 537 1222 aerata
561 1163 699 1223 iuvenem
722 1160 842 1223 Collatia
865 1172 967 1241 porta,

347 1250 482 1311 Condere
505 1252 563 1311 iam
586 1250 683 1311 voltus
707 1250 768 1311 sole
790 1260 912 1331 parante
936 1268 1026 1313 suos,

303 1338 427 1419 Hostis,
449 1348 482 1401 ut
505 1339 636 1419 hospes,
659 1341 715 1399 init
738 1338 898 1418 penetralia
921 1337 1090 1407 Collatino:

348 1427 478 1497 Comiter
501 1430 670 1508 excipitur3
693 1429 836 1506 sanguine
860 1430 979 1491 iunctus
1004 1438 1093 1490 erat.

304 1514 454 1586 Quantum
477 1518 582 1577 animis
605 1518 717 1577 erroris
740 1514 839 1577 inest!
872 1524 955 1595 parat
976 1517 1079 1578 inscia
1103 1536 1197 1579 rerum

238 1617 289 1666 ’100
348 1604 450 1665 Infelix
476 1605 578 1687 epulas
601 1603 737 1666 hostibus
760 1604 809 1667 illa
831 1607 911 1665 suis.

305 1691 437 1757 Functus
461 1702 530 1755 erat
549 1692 697 1773 dapibus:
728 1701 856 1772 poscunt
879 1709 933 1753 sua
956 1700 1099 1772 tempora

853 1799 1008 1860 somnum3

347 1868 411 1930 Nox
435 1880 521 1950 erat,
544 1879 574 1931 et
596 1878 657 1931 tota
681 1868 792 1931 lumina
815 1869 894 1930 nulla
916 1868 1025 1931 domo.

305 1958 429 2039 Surgit,
452 1968 482 2020 et
505 1968 642 2021 auratum
665 1961 767 2038 vagina
790 1956 1040 2039 tiburnensem,

348 2046 387 2107 Et
409 2049 490 2109 veuit
511 2049 544 2109 in
565 2046 731 2125 thalamos,
755 2055 846 2125 nupta
867 2046 997 2126 pudica,
1020 2054 1112 2109 tuos.

239 2146 290 2197 aaa
306 2133 401 2215 thue
426 2143 525 2201 torum
547 2144 681 2215 pressit,
704 2129 856 2211 flatrum,
879 2134 1042 2213 Lucretia,
1068 2153 1187 2197 mecum

854 2220 918 2284 estl

349 2308 457 2373 Natns'
481 2315 522 2374 ait
545 2307 643 2391 ‘regis
664 2312 903 2392 Tarquiniusque
926 2305 1072 2391 loquor.'

304 2400 356 2462 llla
380 2401 474 2463 nibil:
507 2419 603 2485 neque
627 2403 707 2461 enim
731 2419 834 2461 rocem
855 2403 993 2479 viresque
1014 2398 1184 2482 loquendi,

350 2489 409 2551 llut
431 2489 541 2573 aliquid
564 2498 627 2551 toto
650 2500 772 2570 pectore
794 2491 903 2551 mentis
924 2487 1032 2553 habet:

305 2577 363 2640 Sed
389 2582 489 2641 tremit
500 2626 512 2659 ,
534 2587 570 2643 nt
591 2578 740 2657 quondam
763 2576 885 2639 stabulis
908 2577 1063 2655 deprensa
1083 2576 1197 2640 relicus

240 2679 291 2728 800
349 2666 442 2727 Parra
466 2667 522 2729 sub
546 2668 654 2731 inlesto
677 2685 745 2728 cum
769 2668 846 2728 iacet
868 2684 941 2745 agua
963 2663 1057 2745 lupo.

306 2753 382 2826 Quid
406 2752 524 2817 iaciat?
555 2751 699 2836 pugnet?
730 2757 865 2817 vincetur
888 2754 999 2815 semina
1018 2773 1185 2835 pugnam.

351 2840 494 2907 Clamet?
526 2853 555 2905 at
578 2846 608 2905 in
632 2844 757 2921 dextra,
781 2845 833 2923 qui
855 2852 957 2921 vetet,
979 2845 1065 2909 ensis
1089 2855 1178 2906 erat.

307 2928 466 3010 Elltrgiat?
497 2934 602 3012 positis
627 2942 793 3012 urguentur
816 2941 936 3011 pectora
958 2931 1086 3013 palatim

351 3020 436 3082 Tunc
459 3025 588 3101 primum
612 3030 735 3083 externa
758 3029 878 3100 pectora
902 3028 979 3083 lacta
1002 3037 1118 3083 manu.

241 3121 293 3173 800
307 3108 401 3170 instat
423 3128 524 3173 amans
547 3110 642 3171 bostis
665 3108 805 3189 precibus
829 3111 984 3188 pretioque
1008 3111 1187 3189 minisque:

352 3197 414 3263 Nec
437 3217 547 3280 prece,
571 3217 627 3261 nec
649 3200 770 3278 pretio,
794 3215 850 3261 nec
873 3205 970 3259 moret
992 3195 1045 3259 ille
1071 3202 1186 3260 aunis.

308 3281 372 3347 ‘Nn
395 3286 479 3365 agis!
512 3281 651 3366 eripiam’
676 3286 750 3351 dixit
772 3279 843 3365 ‘per
866 3287 989 3347 crimina
1012 3287 1132 3350 vitam:

354 3374 457 3435 Falsus
481 3376 619 3437 adulterii
642 3378 727 3436 testis
750 3373 866 3435 adulter
889 3392 959 3436 emt

309 3462 480 3523 interimam
503 3462 645 3525 larmrlum
658 3508 667 3543 ,
691 3482 760 3524 cum
783 3481 842 3541 quo
865 3462 1011 3542 deprensa
1036 3459 1188 3527 luteris)

245 3560 296 3610 810
356 3548 521 3611 Succubuit
544 3551 636 3611 lamae
660 3553 737 3612 victa
760 3550 857 3631 puella
880 3560 979 3613 metu.
