2467 4042
399 251 455 323 ΠΙ,
472 248 598 325 24-
614 247 664 311 79.

139 406 277 468 Sordide
293 405 333 463 de
348 403 440 463 niveo
457 417 589 477 corpore
604 403 707 478 pulvis
724 401 810 462 abit..

94 492 162 554 Sed
179 491 240 551 iam
256 503 374 564 pompa
386 487 480 547 venit.
509 485 621 561 linguis
638 486 810 562 animisque
825 487 941 549 lavetet

138 577 277 649 Tempus
292 573 384 633 adest
398 572 539 646 plausus.
568 587 661 631 aurea
676 586 791 647 pompa
805 573 897 633 venit

47 672 86 726 te
97 660 205 720 Prima
216 660 287 717 loeo
303 658 400 715 lertur
414 654 518 730 passis
531 654 670 715 Victoria
684 655 802 731 pinnis=

140 745 212 803 Huc
226 741 304 802 ades
320 747 350 799 et
364 754 451 799 meus
466 738 516 799 hio
531 739 594 813 lac,
618 739 691 811 dea,
716 740 818 799 vincat
831 756 926 801 amor.

93 826 239 888 Plaudite
253 825 411 900 Neptuno,
433 823 557 883 nimium
572 824 624 897 qui
642 824 765 884 creditis
781 824 883 885 undis.

140 910 192 970 Nil
205 909 278 969 mihi
295 925 365 970 cum
381 908 502 983 pelago.
532 923 581 966 me
596 923 665 968 mea
682 915 763 968 terra
778 909 869 984 capit.

93 994 217 1056 Plaude
230 1001 284 1055 tuo
298 990 404 1066 Marti,
426 990 526 1053 miles.
555 1007 613 1052 nos
630 992 751 1053 odimus
767 1009 865 1052 annas

48 1094 87 1144 50
143 1079 211 1138 Pax
224 1079 324 1150 iuvat,
348 1085 378 1137 et
395 1076 496 1136 media
511 1091 589 1151 paee
602 1083 742 1152 repertus
758 1093 853 1137 amor.

95 1162 278 1238 Auguribus
292 1160 453 1234 Phoebus,
473 1160 597 1220 Phoebe
611 1161 794 1221 venantibus
810 1160 899 1221 adsit.

139 1246 289 1307 Artifices
304 1245 335 1305 in
350 1252 380 1305 te
397 1252 495 1319 verte,
518 1244 672 1319 MInerva,
696 1261 814 1305 manus.

95 1330 265 1394 Ruricolae
282 1329 384 1390 cereri
401 1335 568 1403 teneroque
583 1329 740 1405 adsurgite
754 1329 888 1390 Baccho.

139 1415 299 1475 Pollucem
316 1414 452 1489 pugiles,
477 1412 603 1473 Castora
618 1414 719 1489 placet
733 1430 839 1489 eques.

49 1498 254 1571 callosum,
273 1497 388 1558 blanda
404 1499 526 1571 Venus,
552 1499 722 1573 puerisque
734 1499 910 1574 potentibus
929 1514 1000 1559 arcu

140 1582 331 1643 Plaudimus.
362 1581 492 1658 inceptis
512 1582 628 1656 adnue,
652 1582 739 1656 diva,
762 1583 854 1643 meist

96 1670 211 1744 Daque
225 1682 328 1727 novae
342 1672 474 1726 mentem
491 1665 649 1739 dominae,
675 1667 806 1742 patiatur
820 1668 923 1728 amari.

140 1751 274 1826 Annuit,
298 1757 329 1811 et
342 1757 428 1811 motu
443 1749 532 1825 signa
547 1750 686 1810 secunda
701 1752 798 1811 dedit!

97 1837 190 1912 Quod
206 1836 266 1896 dea
280 1834 435 1911 promisit,
460 1834 620 1910 promittas
635 1835 717 1910 ipsa,
739 1852 901 1911 rogamus·

50 1933 89 1986 fio
143 1920 226 1980 Pace
239 1922 353 1995 loquar
366 1918 515 1991 Veneris,
538 1924 571 1979 tu
585 1918 645 1978 dea
662 1920 760 1981 maior
775 1921 847 1982 eris.

95 2005 156 2065 Per
171 2003 227 2065 tibi
241 2010 288 2065 tot
301 2004 369 2064 iuro
384 2009 480 2064 testes
494 2019 705 2079 pompamque
721 2006 863 2079 deorum,

141 2089 187 2148 'l'e
202 2087 359 2149 dominam
374 2087 465 2147 nobis
479 2094 600 2163 tempus
615 2087 647 2147 in
663 2105 753 2150 omne
767 2090 862 2165 peti...

99 2172 164 2233 Sed
182 2172 318 2248 pendent
332 2171 387 2231 tibi
403 2187 500 2232 crura.
528 2178 633 2247 potes,
658 2172 684 2232 si
700 2174 778 2235 lorte
792 2172 920 2245 iuvabit,

143 2257 296 2317 Cancellis
311 2254 429 2332 primos
444 2256 613 2316 inseruisse
629 2257 759 2333 pedes...

53 2350 90 2405 65
101 2340 239 2401 Maxima
254 2340 315 2400 iam
331 2355 430 2400 vacuo
446 2347 570 2416 praetor
584 2343 763 2416 spectaculo
777 2341 863 2402 Circo

142 2424 352 2500 Quadriiugos
368 2440 467 2500 aequo
484 2440 608 2485 carcere
623 2425 705 2487 misit
719 2441 827 2501 equos.

99 2509 157 2571 cui
174 2508 316 2584 studeas,
337 2509 440 2569 video.
469 2509 586 2584 vincet,
611 2511 792 2586 cuicumque
807 2506 935 2570 favebis.

143 2592 223 2667 Qud
239 2594 363 2669 cupias,
386 2592 447 2668 ipsi
462 2593 543 2654 scire
558 2593 698 2655 videntur
712 2595 793 2670 equi.

97 2678 149 2738 lle
164 2678 328 2738 miserum!
350 2683 461 2737 metmu
477 2677 616 2753 spatioso
633 2678 739 2739 circuit
754 2677 837 2739 orbe.

53 2770 91 2825 lo
146 2761 228 2836 Quid
244 2760 364 2822 locist..
388 2762 513 2822 admoto
529 2777 700 2837 proxumus
716 2778 775 2822 axe
790 2761 880 2822 subit.

98 2846 181 2921 Quid
196 2845 290 2920 lacis,
313 2846 442 2907 inlelix'l
462 2845 568 2921 perdis
582 2845 665 2906 bona
678 2853 753 2907 vota
768 2846 903 2922 puellae:

142 2929 267 3006 Tende,
291 2945 417 3006 precor,
440 2929 544 2990 valida
558 2929 625 2991 lora
640 2931 764 2992 sinistra
777 2937 884 2990 manu!

96 3013 248 3075 Favimus
264 3015 387 3089 ignavo.
417 3012 479 3075 Sed
495 3014 575 3074 enim
590 3020 750 3086 revocate,
773 3013 920 3088 Quirites,

141 3098 182 3160 Et
196 3098 268 3158 date
282 3098 402 3159 iactatis
416 3097 553 3173 undique
567 3099 655 3173 signe
669 3098 760 3174 togis.

54 3188 89 3245 ⁷5
99 3182 168 3256 Eu,
189 3191 368 3245 revocant..
395 3184 452 3258 At,
470 3199 510 3243 ne
524 3183 625 3243 turbet
637 3191 711 3258 toga
724 3190 808 3243 mota
823 3184 966 3259 capillos,

141 3267 179 3327 ln
194 3275 320 3328 nostros
337 3267 435 3328 abdas
451 3274 481 3328 te
496 3267 567 3327 licet
579 3283 680 3343 usque
695 3267 813 3328 sinus...
852 3262 857 3269 “

98 3351 231 3427 lamque
245 3359 351 3427 patent
364 3352 474 3412 iterum
488 3358 627 3413 reserato
644 3367 768 3412 carcere
783 3359 907 3428 postes=

142 3435 258 3497 Evolat
272 3436 418 3497 admissis
434 3435 571 3496 discolor
585 3451 694 3511 agmen
710 3436 808 3511 equis.

97 3520 191 3581 Nunc
208 3520 317 3580 saltem
333 3537 460 3597 supera,
484 3520 648 3598 spatioque
662 3519 788 3595 insurge
803 3519 931 3596 patenti:
