2467 4042
490 219 572 289 xiii,
592 225 749 277 eto-888.
874 240 933 276 aers
1057 219 1124 313 219

199 383 256 445 Sol
277 384 357 446 videt
379 403 397 445 e
421 381 533 447 caelo?
556 385 618 447 Soli
641 394 739 448 tamen
762 388 870 449 unicus
892 385 990 448 orbis.

197 471 306 554 nude,
329 472 409 552 quod
431 475 463 534 in
486 480 584 534 vestro
608 476 725 554 genitor
747 493 833 537 meus
850 492 980 555 aequom
1002 482 1123 554 regnat.

98 556 289 623 85111111
311 559 367 623 tibi
389 561 427 621 ‹lo
451 579 610 625 socerum.
637 571 754 625 tantum
773 565 938 645 miserere,
959 579 1125 643 precesque

200 647 352 729 Supplicia
376 649 504 711 exaudi:
527 649 582 711 tibi
604 653 685 712 enim
707 651 929 714 succumbimus
952 652 1020 712 uni.

200 737 321 816 Qrtique
339 737 438 799 lovem
456 745 488 800 ot
501 738 616 801 caelum
629 756 739 820 sperno
754 747 784 801 et
796 738 980 820 penetrabile
994 738 1126 822 fulmen,

198 825 316 907 Nerei,
338 833 368 887 te
390 845 518 889 vereor.
546 836 597 889 tua
620 828 744 889 fulmine
767 831 882 890 saevior
904 831 950 889 ira
972 835 1036 890 est.

199 914 299 993 Atque
323 933 377 994 ego
400 923 588 995 contemptus
611 934 708 978 essem
731 919 890 996 patientior
912 916 1020 999 huius,

107 1012 184 1064 860
201 1002 236 1063 Si
259 1004 378 1082 lugeres
402 1021 527 1066 omues.
555 1002 608 1065 sed
632 1022 687 1066 cur
710 1004 836 1086 Cyclope
858 1004 979 1085 repulso

199 1091 277 1151 Acin
299 1109 402 1174 amas,
424 1093 618 1172 praefersque
642 1095 717 1154 meis
740 1093 923 1174 amplexibus
945 1088 1046 1154 Acin?

165 1244 169 1251 ,
200 1178 254 1239 llle
277 1188 376 1241 tamen
398 1179 571 1260 placeatque
594 1180 673 1263 sihi,
695 1181 868 1261 placeatque
891 1181 1008 1262 licebit,

202 1266 289 1337 Quod
312 1267 442 1350 nollem,
465 1269 604 1351 Galatea,
627 1268 704 1331 tibi:
731 1271 818 1331 modo
842 1272 926 1350 copia
949 1266 1054 1330 deturl

203 1354 320 1417 Sentiet
341 1374 408 1418 esse
431 1357 503 1418 mihi
526 1364 607 1419 tanto
630 1376 686 1437 pro
709 1376 834 1438 corpore
857 1361 953 1420 vires.

119 1453 185 1506 865
203 1441 323 1505 Viscera
345 1447 410 1506 1111
432 1444 570 1526 traham,
593 1445 766 1525 divulsaque
788 1446 921 1508 membra
943 1465 999 1526 per
1021 1462 1127 1526 agros,

202 1526 320 1611 Perque
343 1540 410 1594 tuas
433 1551 569 1614 spargam
592 1564 635 1577 -
658 1537 702 1596 sic
724 1553 756 1596 se
781 1534 835 1596 tibi
857 1533 1001 1596 misceatl
1025 1566 1067 1577 —-

1014 1622 1126 1684 undas.

203 1709 282 1771 Uror
305 1712 384 1772 enim
396 1759 406 1793 ,
428 1710 586 1792 laesusque
609 1721 763 1775 exaestuat
785 1714 884 1775 acrius
906 1715 1001 1793 ignisj

205 1798 337 1879 Cumque
361 1802 425 1862 suls
447 1801 549 1862 videor
571 1802 743 1864 translatam
764 1801 878 1863 viribus
900 1803 1024 1863 Aetnam

203 1887 329 1950 Pectore
352 1890 432 1951 serre
455 1906 544 1951 meo.
571 1908 629 1952 nec
652 1898 707 1973 tu,
730 1890 848 1952 Galatea
859 1937 870 1973 ‚
893 1891 1021 1951 moveris
1031 1882 1062 1950 .''

125 1986 191 2037 870
204 1974 285 2039 Talia
307 1981 488 2058 nequiquam
512 1987 636 2058 questus
651 2011 693 2022 -
707 1997 775 2040 nam
798 1987 906 2040 cuncta
928 1976 1063 2039 videbam
1082 2007 1125 2019 —

206 2066 330 2147 Surgit,
352 2074 383 2129 et
406 2073 440 2128 nt
462 2075 567 2128 11111111
590 2085 679 2130 vacca
702 2067 882 2129 furibundus
905 2067 1060 2148 adempta,

205 2154 290 2217 Stare
314 2158 439 2236 nequit,
462 2154 593 2234 silvaque
616 2165 648 2218 et
670 2160 748 2218 notis
770 2154 893 2217 saltibus
917 2163 1015 2216 errat:

205 2242 279 2306 Cum
302 2244 385 2306 ierus
407 2247 527 2323 ignaros
549 2262 606 2306 nec
629 2248 788 2324 quicquam
810 2243 868 2305 talc
891 2246 1030 2305 timentes

205 2331 251 2394 lle
273 2332 354 2394 videt
376 2341 465 2412 atque
487 2333 584 2415 Acin,
607 2328 728 2394 “video'
752 2351 810 2413 que
838 2332 982 2393 exclamat
1004 2326 1047 2392 ‘ct
1069 2331 1127 2392 ista

125 2428 190 2479 811
205 2420 312 2482 Ultima
335 2424 396 2504 sit,
419 2422 546 2501 faciam,
568 2420 693 2484 Veneris
710 2419 873 2484 concordia
897 2413 1053 2481 vestrae.'’

204 2509 357 2589 Tantaque
380 2528 458 2592 vox,
481 2518 621 2589 quantam
645 2510 769 2591 Cyclops
792 2512 886 2570 iratus
908 2508 1018 2569 babere

204 2597 335 2679 Debuit,
356 2598 406 2659 illa
429 2600 507 2660 luit.
535 2598 664 2661 clamore
686 2600 860 2680 perhorruit
881 2598 992 2660 Aetne.

203 2688 257 2748 Ast
279 2704 333 2766 ego
357 2689 453 2748 ricino
476 2688 628 2767 pavefacta
650 2687 706 2749 sub
730 2704 859 2766 aequore
882 2704 1019 2768 mergor,

203 2774 299 2856 Terga
322 2775 408 2854 iugae
432 2775 555 2837 dederat
577 2794 720 2839 conversa
743 2775 929 2856 Symaethius
951 2774 1060 2835 heros:

130 2871 189 2922 880
204 2859 308 2925 “Aller
322 2882 431 2945 opem,
449 2863 589 2947 Galatea,
606 2883 737 2948 precor,
755 2863 848 2926 mihil
868 2862 1096 2943 lerto'parcntes
1104 2852 1128 2940 ,’

203 2952 324 3014 Dixerat
346 2949 388 3013 ‘et
410 2954 518 3013 restris
540 2957 709 3032 periturum
732 2954 877 3014 admittite
900 2946 1041 3030 regnis.''

203 3042 376 3122 insequitur
398 3039 545 3122 Cyclops,
567 3050 744 3122 partemque
767 3060 784 3102 e
806 3048 906 3102 moute
929 3038 1077 3100 revulsam

203 3130 315 3211 Mittit,
338 3138 370 3191 et
387 3139 539 3191 extremus
562 3133 696 3208 qrramvis
719 3132 855 3210 pervenit
877 3128 914 3189 ad
937 3126 1037 3208 illum,

202 3218 336 3298 cingulus
358 3220 385 3279 is
408 3217 495 3280 molis
517 3224 613 3279 totum
636 3226 737 3280 tamen
761 3218 861 3279 obruit
883 3216 975 3276 Acin.

132 3308 240 3368 88511
263 3325 341 3389 nos,
363 3307 443 3387 quod
467 3305 564 3368 solum
586 3307 652 3367 fieri
674 3326 729 3387 per
752 3308 810 3367 1111
832 3302 957 3384 licebat,

201 3396 362 3476 Fecimus,
385 3404 421 3457 nt
441 3396 520 3456 vires
543 3403 709 3456 assumeret
731 3395 799 3456 licis
822 3395 931 3453 avitas.

201 3483 352 3546 Puniceus
375 3483 412 3546 de
436 3482 513 3545 mole
536 3502 627 3545 cruor
650 3482 807 3564 manabat,
831 3489 861 3543 et
882 3483 962 3542 intra

200 3571 358 3652 Temporis
381 3574 522 3654 exiguum
543 3572 639 3635 rubor
661 3589 838 3634 evanescere
862 3571 979 3652 coepit,
