2467 4042
225 8 274 29 Ψ

293 253 358 313 mr.
381 220 603 315 nutantia
624 253 780 319 aa-ea.
1010 256 1049 322 al

109 411 171 481 En,
196 425 256 485 ego
272 423 369 481 nunc,
393 423 432 467 ne
447 409 525 468 torte
540 423 647 484 parum
661 408 777 471 Minoia
791 412 908 486 credar,

156 495 189 553 ln
206 492 310 554 socias
328 493 413 566 leges
427 492 533 551 ultima
549 494 649 567 gentis
665 509 712 554 eo.

109 580 179 639 Hoc
195 591 321 653 quoque
337 576 428 635 letale
442 584 499 636 est.
521 576 636 651 placuit
651 578 761 638 domus
781 593 842 638 una
857 578 987 640 duabus.

154 662 204 722 Me
219 668 271 722 tua
286 661 385 721 forma
399 659 490 736 capit.
511 666 600 735 capta
615 668 742 736 parente
756 678 854 722 soror.

65 755 101 810 65
112 746 285 806 Theseides
299 744 502 819 Theseusque
518 744 595 804 duas
611 761 741 822 rapuere
757 761 891 808 sorores.

154 829 263 891 Ponite
277 828 318 888 de
332 835 438 888 nostra
451 827 523 887 bina
537 834 665 904 tropaea
679 830 782 889 domo.

108 913 265 990 Tempore
281 926 343 988 quo
358 911 449 972 nobis
463 911 537 973 inita
550 919 598 972 est
610 912 744 974 Cerealis
756 913 891 991 Eleusim

158 997 274 1058 Gnosia
290 1011 340 1056 me
353 996 463 1055 vellem
480 996 663 1057 detinuisset
676 997 796 1058 humus.

109 1083 197 1143 'lunc
212 1080 285 1141 mihi
301 1080 484 1162 praecipue,
507 1096 564 1140 nec
579 1097 641 1142 non
656 1088 756 1141 tamen
772 1090 841 1143 ante
857 1082 1019 1159 placebas·

67 1174 104 1230 70
158 1166 241 1226 Acer
256 1167 285 1225 ln
301 1165 446 1224 extremis
462 1163 587 1224 ossibus
602 1165 702 1225 haesit
718 1182 814 1227 amor.

112 1250 252 1311 Candida
268 1248 362 1310 vestis
378 1256 457 1323 erat,
481 1248 646 1324 praecincti
662 1247 739 1309 flora
754 1251 865 1326 capilli,

155 1334 250 1393 Flava
265 1333 460 1393 verecundus
475 1333 606 1393 tinxerat
620 1348 674 1393 ora
688 1333 797 1394 rubor:

112 1418 272 1494 Quemque
285 1422 398 1478 vocant
413 1416 490 1476 aliae
504 1417 619 1477 vultum
631 1416 825 1493 rigidumque
837 1424 1026 1495 trucemque,

155 1501 216 1561 Pro
230 1500 346 1576 rigido,
367 1499 507 1559 Phaedra
522 1500 639 1576 iudice,
660 1502 747 1561 fortis
762 1510 836 1564 erat.
981 1496 985 1502 ’

70 1594 104 1649 75
116 1585 183 1646 Sint
199 1586 305 1660 procul
323 1583 445 1645 anobis
459 1584 586 1645 iuvenes
601 1593 635 1646 ut
650 1585 763 1647 lamina
778 1587 906 1663 compti=

154 1668 229 1729 Fine
247 1667 308 1729 coli
324 1668 446 1729 modico
460 1669 557 1728 torma
570 1669 666 1730 virilis
682 1676 772 1730 amat.

112 1755 154 1814 Te
169 1761 242 1814 tuus
257 1752 315 1812 iste
329 1753 427 1829 rigor,
450 1752 605 1829 positique
622 1752 688 1814 sine
703 1762 768 1814 arte
783 1753 894 1831 capilli,

155 1837 195 1897 Et
209 1838 289 1897 levis
304 1837 429 1913 egregio
446 1837 547 1912 pulvis
563 1837 593 1896 in
610 1854 664 1898 ore
680 1838 777 1898 decet.

115 1920 188 1982 Sive
204 1920 318 1981 ferocis
333 1921 406 1994 equi
420 1921 564 1982 luctantia
578 1922 658 1983 eolla
672 1937 829 1998 recurvas,

73 2015 108 2069 eo
156 2005 280 2080 Exiguo
295 2004 398 2065 flexos
413 2005 507 2066 miror
523 2005 553 2064 in
571 2007 647 2067 orbe
663 2007 774 2083 pedes:

115 2089 177 2151 Seu
192 2091 308 2150 lentum
323 2088 427 2149 valido
443 2097 569 2164 torques
585 2088 696 2150 hastile
710 2091 835 2166 lacerto,

157 2173 218 2234 Ora
233 2173 322 2233 ferox
337 2173 368 2233 in
383 2188 418 2232 se
433 2189 525 2234 versa
538 2174 673 2236 lacertus
690 2174 795 2235 habet:

117 2257 189 2318 Sive
202 2262 291 2317 tenes
304 2259 367 2318 lato
380 2258 534 2319 venabula
549 2273 663 2319 cornea
680 2260 770 2335 terro,

156 2341 298 2417 Denique
313 2347 419 2401 nostra
437 2341 525 2402 iuvas
542 2342 668 2418 lumina,
693 2342 841 2420 quicquid
856 2358 940 2418 agas.

75 2426 159 2487 ablu
174 2425 269 2485 modo
286 2425 428 2486 duritiam
443 2425 529 2486 silvis
545 2426 668 2502 depone
686 2427 813 2502 rugosis.

155 2509 224 2569 Non
239 2527 309 2569 sum
323 2510 449 2569 materia
463 2509 556 2584 digna
569 2510 670 2586 perire
687 2516 749 2571 tun.
777 2550 781 2555 -

117 2593 196 2667 Quid
211 2593 295 2655 iuvat
309 2594 460 2653 incinctae
475 2594 577 2654 studia
592 2609 738 2655 exercere
751 2595 878 2669 Dianae,

156 2676 195 2736 ttt
209 2678 323 2738 Veneri
337 2692 484 2738 numeros
499 2677 653 2754 eripuisse
668 2685 766 2739 suos?

117 2760 205 2834 Quod
221 2768 306 2824 caret
319 2761 436 2821 alterna
450 2762 571 2837 requie,
595 2762 734 2823 durabile
748 2778 809 2822 non
825 2770 887 2823 este

78 2851 110 2907 90
161 2844 246 2904 Haeo
260 2852 385 2921 reparat
398 2844 482 2906 vires
497 2847 645 2921 fessaque
659 2845 795 2905 membra
808 2852 912 2907 novat.

116 2930 247 2988 Arcus...
263 2937 294 2992 et
307 2945 392 2989 arma
406 2935 476 2989 tuae
491 2929 544 2988 tibi
559 2937 630 2990 sunt
644 2930 790 2990 imitanda
805 2930 952 2990 Dianae...

159 3010 193 3072 Si
206 3029 374 3090 numquam
390 3027 498 3074 cesses
513 3011 655 3089 tendere,
675 3014 776 3076 mollis
792 3014 857 3074 erit.

118 3096 222 3157 Clarus
239 3103 305 3158 erat
318 3097 406 3158 silvis
422 3097 589 3173 Cephalus,
612 3099 787 3173 multaeque
802 3114 858 3174 per
875 3095 987 3158 herbas

159 3180 365 3242 Conciderant
378 3181 430 3241 illo
448 3182 634 3257 percutiente
651 3183 748 3243 lerae:

53 3282 58 3301 ⁸
80 3271 110 3325 aa
120 3264 182 3325 Nec
200 3273 301 3326 tamen
317 3267 457 3326 Aurorae
472 3267 550 3326 male
564 3283 600 3328 se
614 3266 783 3343 praebebat
798 3267 969 3327 amandum.

157 3348 224 3409 lbat
242 3350 282 3409 ad
298 3350 380 3412 hunc
399 3352 524 3426 sapiens
538 3367 558 3410 a
571 3366 647 3411 sene
662 3351 734 3411 diva
752 3350 828 3411 viro.

121 3431 220 3509 Saepe
237 3434 295 3494 sub
312 3434 431 3495 ilicibus
446 3436 598 3495 Venerem
614 3435 789 3514 Cinyraque
805 3445 941 3497 creatum

159 3515 310 3660 Slurstinuit
324 3520 443 3596 positos
458 3520 612 3595 quaelibet
624 3520 721 3580 herba
737 3521 826 3582 duos.
874 3606 892 3661 6

85 3613 157 3661 ono.
195 3647 202 3659 .
