2467 4042
182 303 263 372 ,tto
447 330 459 353 ι
576 304 848 399 uarsroulu.

325 457 392 516 Non
407 456 496 535 Idyia
511 472 625 531 parens
643 457 870 535 clalciopeque
886 476 986 520 soror.

283 542 356 602 Tale
372 539 448 600 nihil
459 541 560 601 timeo
599 539 662 601 Sed
677 556 734 601 nec
749 540 859 602 Medea
873 542 1007 604 timebat.

325 624 450 685 Fallitur
464 625 591 700 augurio
607 640 685 699 spes
697 626 780 685 bona
799 641 894 701 saepe
909 644 976 688 suo.

221 719 270 773 555
284 707 431 770 Omnibus
448 709 603 784 invenies,
627 724 707 783 quae
720 724 803 770 nuuc
818 711 966 772 lactantur
979 707 1010 772 in
1025 714 1099 787 alto,

325 792 460 852 Navibus
476 809 494 853 a
508 799 599 868 portu
611 794 681 854 lene
696 793 793 854 luisse
808 794 926 855 iratum.

282 876 347 936 Fax
363 893 488 952 quoque
504 893 554 937 me
568 884 673 948 terret,
699 893 790 953 quam
806 894 841 938 se
855 880 1016 954 peperisse
1031 888 1191 943 cruentam

326 961 407 1021 Ante
423 961 503 1020 diem
519 965 624 1036 partus
641 966 689 1020 est
703 966 755 1021 lua
771 961 840 1022 visa
855 978 986 1037 paiessst

280 1045 317 1105 llt
333 1052 434 1106 vatum
448 1045 541 1105 timeo
555 1045 704 1118 monitus,
728 1062 809 1121 quos
823 1049 893 1121 igne
907 1047 1038 1123 Pelasgo

218 1141 269 1192 ato
322 1128 397 1188 llion
414 1145 554 1190 arsurum
569 1130 803 1203 praemonuisse
818 1131 927 1192 lerunt.

281 1215 383 1288 thue
397 1213 479 1273 lavet
493 1212 645 1291 Cytherea
661 1212 729 1285 tibi,
753 1211 825 1288 quia
842 1214 929 1289 vicit,
947 1214 1107 1292 habetque

323 1296 412 1357 Parta
426 1312 483 1371 per
497 1296 654 1357 arbitrium
670 1296 743 1355 bina
758 1303 886 1372 tropaea
900 1304 992 1371 tuum,

282 1381 334 1441 Sic
348 1380 415 1440 illas
433 1396 557 1455 vereor,
581 1396 675 1457 quae,
699 1381 726 1440 si
744 1388 795 1441 tua
812 1379 910 1456 gloria
925 1398 999 1441 vera
1017 1390 1076 1457 est,

324 1464 428 1525 lodice
442 1470 471 1524 le
489 1480 613 1525 causam
628 1479 689 1524 non
706 1470 833 1525 tenuere
847 1466 936 1526 duae.

220 1558 267 1611 555
279 1548 342 1608 Nec
360 1548 509 1623 dubitem,
533 1549 621 1623 quin,
642 1554 673 1609 te
688 1548 715 1609 si
730 1562 917 1625 prosequar,
939 1566 1023 1611 arma
1038 1558 1197 1627 parentur.

322 1632 380 1692 Ibit
394 1647 449 1706 per
463 1631 600 1707 gladios,
620 1632 648 1693 ei
663 1632 751 1693 mihil
776 1638 882 1693 noster
895 1649 989 1695 amor.

279 1719 328 1776 An
348 1718 413 1776 lara
429 1715 587 1777 Centauris
606 1715 743 1777 indicere
757 1716 838 1776 bella
853 1719 954 1793 coegit
1034 1757 1037 1762 -

322 1799 444 1860 Atracis
458 1799 646 1861 Haemonios
664 1800 869 1876 Hippodamia
883 1803 977 1877 viros,

279 1885 324 1945 lu
340 1884 408 1945 lore
421 1890 482 1944 tam
498 1885 578 1945 iusta
593 1885 707 1945 lentum
721 1884 882 1946 Menelaon
898 1885 928 1945 in
945 1886 989 1945 ira

218 1978 269 2032 555
320 1968 358 2028 Et
372 1967 512 2043 geminos
528 1969 637 2030 iratres
652 1968 910 2048 Tyndareumque
923 1976 1036 2045 putast

281 2051 368 2127 Quod
382 2052 462 2113 berre
476 2060 506 2113 te
525 2050 621 2113 iactes
636 2062 666 2115 et
680 2052 770 2114 tortia
783 2053 864 2113 laem
881 2053 1028 2130 loquaris,

323 2138 352 2196 Α
367 2134 469 2197 verbis
486 2137 583 2197 iacies
598 2136 729 2198 dissidet
746 2137 804 2197 isla
819 2137 895 2197 suis.

236 2223 238 2227 ’
280 2222 360 2296 Apta
375 2220 473 2299 magis
487 2220 608 2295 veneri,
630 2237 721 2297 quam
736 2226 807 2281 sunt
820 2227 872 2282 lua
887 2235 1018 2296 corpora
1033 2225 1136 2285 marti.

321 2304 407 2365 Bella
422 2311 530 2380 gerant
545 2305 651 2366 fortes.
666 2313 719 2380 lu,
739 2304 822 2377 Pari,
846 2320 969 2379 semper
983 2321 1061 2365 ama.

219 2398 267 2450 555
278 2389 426 2462 Hectora,
449 2403 539 2465 quem
556 2389 681 2465 laudas,
707 2402 762 2464 pro
780 2395 811 2449 te
828 2404 966 2463 pugnare
983 2387 1098 2451 iubeto.
1208 2408 1211 2413 ·

321 2471 428 2532 Militia
442 2481 490 2534 est
506 2473 610 2549 operis
626 2475 721 2533 altera
736 2473 828 2548 digna
845 2474 916 2533 luis.

280 2557 335 2616 ills
349 2571 424 2632 ego,
444 2557 471 2616 si
487 2572 629 2632 saperem
643 2558 801 2633 pauloque
815 2555 963 2617 audacior
977 2572 1089 2633 essem,

322 2641 438 2701 Uterer.
461 2647 576 2716 utetur,
596 2642 689 2717 siqua
705 2642 806 2718 puella
825 2641 919 2717 sapit:

280 2728 341 2786 Aut
357 2741 415 2800 ego
432 2726 575 2801 deposito
589 2725 699 2786 faciam
714 2726 848 2786 iurasse
862 2725 991 2800 pudure,

216 2819 267 2872 too
318 2809 356 2869 Et
370 2809 451 2869 dabo
468 2815 594 2870 cunctas
608 2816 748 2885 tempore
763 2809 845 2870 victa
862 2825 981 2870 manus.

280 2892 368 2968 Quod
383 2891 480 2970 petis,
502 2900 534 2954 ut
548 2894 650 2955 lurtlm
664 2901 844 2969 praesentes
858 2894 917 2954 ista
931 2893 1103 2971 loquamur,

323 2976 443 3038 Scimus
459 2977 533 3054 quid
548 2983 654 3053 captes
671 2975 930 3054 conloquiumque
943 2991 1050 3038 voces.

280 3060 341 3122 Sed
355 3060 479 3122 nimium
493 3078 659 3139 properas,
676 3069 706 3123 et
717 3062 819 3123 adhuc
830 3069 882 3123 tua
892 3062 1003 3121 messis
1015 3062 1044 3122 in
1057 3063 1156 3124 herba
1165 3072 1217 3125 est

320 3147 405 3207 Haec
421 3163 507 3208 mora
522 3147 562 3207 sit
576 3154 648 3207 voto
665 3148 768 3207 lorsan
787 3146 885 3206 amica
899 3154 962 3207 tuo.

216 3238 265 3293 565
277 3230 440 3292 Hactenus.
467 3246 611 3292 arcanum
628 3230 758 3293 furtivae
774 3230 900 3291 conscia
913 3226 1024 3289 mentis

321 3314 433 3375 Littera
447 3313 507 3375 iarn
523 3316 606 3376 lasso
624 3315 737 3391 pollice
751 3314 838 3376 sistat
853 3329 943 3388 opus.

280 3399 386 3460 Cetera
401 3415 457 3475 per
471 3400 575 3461 socias
589 3399 754 3478 Clymenen
773 3398 980 3472 Aethramque
997 3397 1171 3473 loquamur,

322 3482 404 3556 Quae
418 3481 490 3543 mihi
508 3492 578 3545 sunl
596 3484 725 3545 comites
741 3481 965 3557 consiliumque
980 3481 1070 3542 duae.

611 3627 805 3638 -nan——n
