2467 4042
405 239 488 310 xm,
507 244 649 297 biti—Wl
659 280 666 296 .
774 261 877 299 neom
979 244 1042 309 271

114 405 298 488 Expilatque
320 406 405 487 genis
423 404 549 488 oculos,
567 438 610 452 -
624 405 696 469 facit
717 407 762 468 ica
784 407 930 470 valentem
943 430 986 454 ’-

114 495 324 574 Inmergitque
347 511 475 576 manus,
497 494 673 576 foedataque
695 497 838 575 sauguine
862 499 940 558 sonti

115 583 189 646 Non
212 582 334 666 lumen,
353 599 509 662 -neque
531 585 611 645 enim
634 591 827 664 superest-
841 584 906 646 loca

786 672 907 735 luminis
928 673 1045 736 haurit.
1112 730 1116 739 .

36 772 98 823 ooo
118 759 214 822 Clade
237 761 284 822 sui
306 759 456 822 Thracum
478 777 552 839 gens
574 761 690 822 irritata
712 752 830 840 tyranni

116 848 239 909 Troada
260 847 391 910 telorum
411 847 603 929 lapidumque
625 850 776 911 incessere
799 850 879 911 iactu

118 935 250 1016 Coepit.
277 943 307 999 at
329 936 402 998 haec
424 939 551 998 missum
572 954 664 998 rauco
683 954 753 999 cum
770 955 1046 1001 murmurosorum

116 1022 271 1086 Morsibus
284 1026 454 1104 insequitur
461 1071 471 1106 ,
484 1027 623 1104 rictuque
635 1027 669 1086 in
678 1024 768 1087 verba
776 1033 878 1106 parato
902 1040 924 1083 t.
937 1038 1045 1083 muti·

117 1110 275 1194 latram,
298 1121 404 1174 conata
425 1113 530 1192 loqui.
557 1112 642 1174 locus
665 1120 767 1195 extat,
790 1121 821 1176 et
843 1133 881 1175 ex
902 1133 936 1176 re

38 1212 101 1263 oto
118 1200 239 1262 Nomen
260 1199 371 1283 hobet3
393 1209 588 1281 veterumque
612 1199 665 1263 dlu
693 1218 807 1267 memor
829 1201 879 1264 illa
901 1202 1044 1265 malorum

119 1289 201 1350 Tum
224 1306 344 1368 quoque
367 1288 519 1352 Sithonios
541 1288 665 1351 ululavit
687 1297 798 1364 maesta
820 1307 875 1371 per
897 1308 1001 1370 agros.

119 1377 206 1439 Illius
229 1376 382 1456 Troasque
405 1395 476 1439 suos
497 1377 661 1457 hostesque
682 1377 840 1460 Pelasgos,

119 1465 205 1527 Illius
228 1465 347 1529 fortuna
370 1465 442 1528 deos
464 1483 584 1546 quoque
606 1475 740 1529 moverat
761 1484 883 1548 omnes3

120 1554 175 1615 Sic
197 1571 323 1634 omnes,
346 1561 380 1615 nt
402 1556 518 1634 etipsa
540 1553 618 1616 lovis
641 1557 829 1635 coniunxque
851 1573 997 1636 sororque

44 1652 103 1704 eae
118 1641 255 1703 Eventus
277 1640 430 1703 Hecubam
452 1643 598 1704 meruisse
621 1645 773 1722 negaverit
794 1642 877 1706 Illos.

167 1729 234 1790 Non
247 1737 330 1792 vacat
342 1729 474 1792 Aurorae
488 1777 497 1811 ,
515 1748 695 1810 qrramquam
708 1732 803 1794 Isdem
816 1731 928 1817 lauerat
941 1736 1046 1814 armis,

121 1816 264 1880 Cladibus
286 1825 317 1878 et
339 1835 410 1880 casu
433 1818 598 1899 Troiaeque
621 1818 820 1900 Hecubaeque
842 1823 972 1884 moveri.

121 1905 204 1968 Cura
226 1905 311 1967 deam
333 1908 455 1986 propior
478 1906 637 1987 luctusque
660 1907 841 1971 domostIcus
864 1912 945 1988 urgit

121 1993 289 2057 Memnonis
312 1995 413 2056 amissi
424 2041 434 2076 ,
457 1993 593 2075 Phrygiis
616 2013 706 2074 quem
728 1995 808 2058 lutea
830 2000 941 2078 campis

48 2091 107 2145 beo
121 2080 204 2143 vidit
225 2081 356 2143 Achillea
378 2091 555 2163 pereuntem
577 2084 700 2164 cuspide
723 2092 836 2167 mater3

122 2168 205 2231 vidit
217 2216 227 2251 ,
250 2168 352 2237 stille
375 2169 479 2252 color,
502 2189 561 2250 quo
584 2174 728 2234 matutina
750 2172 916 2236 rubescunt

122 2256 294 2339 Tempora,
316 2257 483 2341 palluerat,
506 2259 651 2340 latuitque
673 2263 706 2323 ln
723 2260 853 2323 nubibus
876 2261 978 2324 aether

121 2345 163 2407 At
184 2363 245 2408 non
266 2347 412 2427 inpositos
435 2349 582 2428 supremis
605 2347 724 2427 ignibus
747 2357 830 2412 artus

123 2433 276 2496 Sustinuit
298 2442 435 2515 spectare
457 2453 588 2519 parens,
611 2436 664 2501 sed
687 2438 769 2499 on‘ne
792 2438 908 2520 soluta,

53 2531 107 2585 ost
123 2521 211 2584 SIcut
233 2529 298 2585 erat
309 2570 319 2605 ,
341 2526 440 2604 magni
462 2523 588 2604 genibus
609 2524 808 2605 procumbere
831 2544 890 2587 non
914 2535 960 2588 est

123 2609 287 2691 Dedignata
309 2610 387 2673 lovis
399 2659 409 2694 ,
431 2610 621 2693 lacrimIsque
644 2612 698 2675 has
721 2614 830 2675 addere
853 2632 959 2676 voces:

124 2694 283 2761 ‘Omnibus
306 2700 453 2782 interior,
476 2718 549 2780 quas
572 2704 702 2764 sustinet
724 2719 833 2763 eureus
856 2702 981 2785 aether,
1005 2735 1046 2750 -

122 2785 200 2849 Nam
221 2787 295 2849 mihi
317 2795 388 2850 sunt
409 2795 506 2850 totum
524 2792 675 2852 rarissima
692 2788 802 2871 templa
819 2808 873 2870 per
887 2790 990 2853 orbem
1005 2823 1044 2836 -

124 2874 198 2937 Diva
219 2883 319 2938 umen
341 2877 450 2938 renio:
472 2895 534 2938 non
556 2885 591 2939 ut
612 2876 737 2940 delubra
759 2877 882 2958 diesque

56 2973 110 3027 eoo
124 2961 184 3025 Des
206 2963 279 3025 mibi
301 2964 451 3026 sacrificos
470 2965 668 3045 caliturasque
690 2966 810 3046 ignibus
832 2984 915 3028 aras.

125 3050 159 3112 st
181 3058 281 3114 temen
303 3053 450 3134 aspicias,
472 3054 615 3133 quesitum
638 3053 694 3116 tibi
716 3054 825 3116 femina
847 3062 995 3135 praestem

124 3137 202 3202 'lum
224 3157 294 3202 cum
317 3140 383 3203 luce
406 3159 481 3203 nora
503 3145 599 3204 noctis
622 3144 750 3205 confinia
772 3161 876 3225 servo,

125 3226 260 3290 Praemia
282 3228 378 3291 danda
395 3237 505 3310 putes.
533 3231 585 3292 sed
604 3248 665 3293 non
684 3249 719 3293 ea
737 3249 809 3293 cura
827 3248 925 3309 neque
938 3230 987 3292 hic
1002 3241 1047 3293 est

125 3314 213 3378 Nunc
235 3323 330 3380 status
352 3318 507 3400 Aurorae,
529 3321 652 3380 meritos
675 3328 710 3381 nt
731 3327 835 3400 poscat
856 3318 1003 3380 honores.

58 3414 110 3466 ose
125 3402 291 3467 Memnonis
314 3404 387 3468 orba
409 3408 468 3470 mei
490 3408 599 3489 venio,
623 3409 675 3486 qul
696 3407 786 3469 tortia
808 3408 920 3468 frustra

124 3489 184 3552 Pro
206 3501 313 3573 patruo
336 3494 405 3557 tulit
427 3512 508 3556 arma
530 3513 608 3577 suo,
630 3497 794 3576 primisque
817 3493 873 3556 sub
896 3497 981 3556 annis

124 3578 242 3643 Occidit
262 3600 280 3645 a
302 3581 374 3646 lorti
397 3614 439 3629 -
462 3585 506 3647 sic
528 3601 580 3646 ros
599 3583 733 3646 voluistis
756 3612 798 3628 -—
821 3582 951 3645 Achille.
