2467 4042
335 278 430 355 11,2,
449 278 664 353 33—4,2a.

27 464 28 467 ¹
137 435 260 495 Vulnera
275 449 353 509 quae
369 433 456 505 lecit,
474 432 580 493 debuit
592 432 661 508 ipse
676 433 749 508 pati.
762 498 766 506 ,

27 570 28 577 ,
82 520 188 582 eldullis
201 519 229 578 in
243 517 424 592 obsequium
438 515 600 591 facilisque
613 517 793 592 rogantibus
808 533 914 594 esses,

138 603 241 664 situas
256 602 286 661 in
303 602 415 677 quavis
430 601 656 677 praetepuisset
671 617 766 669 amor.

104 687 159 747 lton
171 695 200 747 tu
213 693 297 747 natus
313 702 411 761 equo,
433 701 496 755 nun
512 684 641 751 fortibus
656 685 738 757 utilis
753 689 862 761 armis,

27 794 28 797 ¹
138 771 237 831 Bellica
251 788 310 830 non
326 770 456 832 dextrae
470 770 616 833 convenit
630 769 719 831 hasta
733 779 813 831 tuae.

27 878 28 883 ¹
107 856 157 914 lsta
170 872 260 916 mares
274 862 412 915 tractent.
443 861 477 914 tu
491 870 566 930 spes
582 854 704 929 depone
719 854 839 921 viriles=

80 947 101 997 lt
143 938 208 1001 Sunt
219 939 269 999 tibi
283 955 351 1009 cum
366 939 492 1010 domina
508 938 596 1014 sigua
611 938 738 1001 serenda
751 947 813 999 tua.

107 1022 176 1083 lianc
188 1024 273 1099 imple
288 1023 415 1087 meritis.
444 1022 536 1085 huius
550 1021 603 1087 tibi
617 1023 715 1097 gratia
730 1025 837 1100 prosit.

27 1156 28 1169 ,
141 1105 167 1166 Si
180 1123 276 1168 cmeas
291 1107 358 1180 illa,
384 1107 453 1183 quis
468 1113 540 1179 tuus
553 1122 631 1179 usus
647 1106 723 1175 eritt

27 1186 28 1195 ’
108 1189 152 1250 llst
162 1192 241 1251 ctiam
253 1193 364 1267 facies,
389 1198 460 1261 sunt
474 1190 538 1266 apti
553 1189 672 1263 lusibus
687 1190 774 1259 annis

27 1278 28 1323 l
139 1274 250 1350 Indigna
265 1284 312 1336 est
326 1276 415 1351 pigro
431 1275 529 1337 forma
545 1275 646 1349 perire
662 1275 731 1337 situ.

27 1428 28 1437 ἵ
79 1365 102 1429 15
110 1356 205 1418 Fallere
218 1368 245 1421 te
258 1360 371 1437 potuit,
395 1359 537 1436 quamvis
552 1358 687 1431 habeare
699 1360 864 1431 molestus-2

27 1462 28 1469 ¹
139 1441 194 1503 llcn
211 1451 289 1515 caret
303 1442 430 1517 effectu,
455 1442 540 1519 quud
555 1443 681 1515 voluere
696 1444 767 1506 duo.

27 1538 29 1597 ζ
109 1523 196 1601 Aptius
208 1536 239 1589 ut
251 1528 340 1599 luerit
353 1527 500 1604 precibus
513 1532 698 1603 temptasse,
720 1543 879 1604 rogamus,
963 1560 967 1566 ·

27 1612 29 1661 l
140 1611 204 1670 Dum
216 1612 291 1672 bene
307 1611 445 1688 ponendi
459 1626 586 1683 munera
599 1616 721 1687 tempus
736 1612 844 1681 habes.

27 1814 28 1823 1
72 1737 90 1829 4
111 1736 168 1836 Nun
181 1794 233 1854 ego
247 1778 417 1855 mepdusps
433 1780 535 1851 ausim
548 1780 717 1853 defendere
731 1796 850 1855 mores,

140 1859 274 1937 Falsaque
288 1879 346 1939 pro
361 1863 446 1937 vitiis
459 1881 545 1937 arma
559 1879 685 1937 mouere
699 1865 786 1925 meis.

27 1954 29 2025 ᾖ
111 1943 244 2007 mutuor.
272 1946 378 2023 siquid
393 1948 524 2023 prodest
538 1947 649 2023 delicta
663 1948 765 2022 lateri,

140 2028 166 2088 ln
179 2046 240 2090 mea
253 2048 334 2099 nunc
350 2031 480 2101 demens
493 2032 635 2107 crimina,
659 2032 777 2107 lassus,
800 2048 848 2094 eo.

27 2042 29 2135 .
92 2109 165 2185 addi,
182 2130 234 2175 nec
245 2131 376 2190 pessum
391 2117 519 2191 cupiens
535 2133 597 2178 nun
613 2132 699 2192 esse,
722 2116 807 2191 quod
823 2116 884 2177 odi.

27 2207 28 2255 l
140 2196 194 2257 Heu
212 2216 311 2275 quam,
336 2216 416 2275 quae
431 2201 561 2272 studeas
573 2216 706 2275 ponere,
729 2201 812 2260 serre
825 2216 920 2275 grave
935 2206 996 2260 estt

110 2276 167 2338 Nam
178 2282 281 2345 desunt
297 2285 383 2345 vires
397 2283 438 2355 ad
453 2300 503 2355 me
517 2285 589 2355 mihi
604 2285 717 2358 iusque
729 2285 907 2358 regendum.

141 2365 253 2426 Auferor
269 2375 302 2435 ut
314 2367 425 2442 rapida
439 2369 559 2440 concita
573 2367 689 2444 puppis
705 2385 796 2442 aqua·

112 2443 160 2506 llcn
173 2457 213 2511 cst
228 2458 309 2515 certa
323 2467 413 2521 maes
428 2469 509 2528 quae
523 2454 622 2525 forma
638 2452 745 2521 invitet
758 2469 890 2513 amores.

87 2534 107 2584 tt
144 2531 250 2594 dentum
263 2544 335 2597 sunt
349 2551 477 2611 causae,
500 2553 556 2598 cur
570 2552 628 2611 ego
645 2551 768 2612 semper
782 2553 889 2597 amem.

112 2608 165 2674 Sive
177 2618 269 2694 aliqua
283 2627 332 2680 est
347 2621 454 2680 oculus
471 2621 500 2680 in
518 2638 553 2682 se
569 2620 688 2681 deiecta
703 2620 879 2695 modestes,

128 2698 219 2791 drus,
241 2711 270 2764 et
284 2703 416 2769 insidiae
430 2714 502 2766 sunt
517 2705 617 2781 pudor
632 2705 682 2764 ille
697 2720 794 2765 meae.

111 2777 165 2842 Stre
177 2803 284 2860 procax
298 2788 402 2864 aliqua
419 2796 480 2863 est,
503 2789 628 2865 capior„
648 2789 719 2865 qrria
733 2790 848 2860 rustica
862 2805 923 2849 non
939 2797 1000 2851 est.

141 2864 278 2947 Spemque
293 2873 346 2941 dat
361 2873 392 2932 in
407 2874 490 2934 molli
505 2874 630 2943 mobilis
646 2889 718 2934 esse
731 2881 810 2939 toro.

88 2952 107 3003 li
114 2947 208 3024 Aspera
221 2957 246 3016 si
259 2955 330 3029 visa
345 2963 393 3017 est
406 2958 586 3033 rigidasque
599 2958 715 3027 imitata
730 2957 877 3031 Sabinas,

129 3033 226 3127 lette,
245 3042 301 3105 sed
317 3057 355 3103 ex
372 3043 432 3103 alto
449 3042 643 3105 dissimulare
658 3050 740 3117 puto.

113 3112 165 3176 Sive
177 3136 207 3182 es
220 3125 323 3199 docta,
346 3126 456 3200 places
467 3142 554 3189 raras
571 3127 675 3187 dotata
689 3142 745 3202 per
759 3133 855 3186 artcs=

143 3199 202 3265 Sive
212 3208 311 3281 rudis,
335 3210 447 3284 placita
462 3226 497 3271 es
513 3210 709 3285 simplicitate
723 3217 785 3279 tua..

112 3278 161 3358 list,
180 3306 251 3364 quae
266 3292 440 3355 Callimachi
454 3309 530 3367 prae
543 3295 659 3357 nostris
674 3295 787 3355 rustica
803 3295 883 3355 dicat

88 3368 109 3420 tt
145 3367 272 3435 munina.
299 3378 348 3439 cui
363 3378 487 3451 placeo,
512 3379 652 3453 protinus
668 3378 738 3452 ipsa
752 3379 863 3453 placet.

113 3445 152 3511 ist
163 3458 253 3534 etium,
275 3477 356 3536 quae
371 3477 421 3521 me
434 3468 535 3525 vatem
550 3468 580 3521 et
594 3478 663 3531 mea
682 3464 817 3525 carmina
831 3463 946 3536 culpet:

144 3534 278 3615 Culpantis
297 3544 419 3620 cupiam
436 3545 621 3606 sustinuisse
638 3548 744 3607 lemur.
