2467 4042
423 260 507 331 xlv,
527 266 682 317 1ea-204.
753 280 923 317 senmurum
992 260 1057 327 287

33 442 98 494 170
116 429 162 492 Si
193 431 291 491 miuus
314 430 433 490 Aenean
455 445 583 490 veneror
605 431 762 508 genitore.
789 445 845 489 nec
868 445 1009 506 umquam

115 518 210 580 Esse
234 520 306 579 satis
328 525 457 598 potero,
478 521 629 597 praestem
650 516 722 577 licet
742 518 863 597 omnia,
886 524 1004 595 gratus.

117 607 223 679 Quod
245 606 353 685 loquor
375 614 406 667 et
428 606 508 685 spiro
532 605 707 684 caelumque
730 612 761 665 et
783 605 881 666 sidera
904 604 974 667 solis

116 696 297 775 Respicis,
319 696 472 775 possimne
494 695 629 773 ingratus
653 701 684 753 et
705 695 852 755 inmemor
873 689 972 755 esse?

115 779 1074 865 mmmmmmfflmm.

36 883 101 936 170
119 871 249 952 Venit3
272 878 325 953 et,
347 879 382 933 ut
403 873 463 931 iam
485 887 566 933 nunc
588 868 690 932 lumen
712 868 800 931 vitale
822 870 1006 952 relinquam,

117 960 174 1023 Ut
198 959 313 1022 tumulo
336 967 388 1021 aut
410 968 493 1020 certe
515 975 577 1020 non
598 957 783 1020 illucendo
804 960 836 1020 in
859 958 940 1021 alre.

122 1048 215 1121 Quid
233 1047 306 1109 mibi
323 1055 396 1110 tuno
416 1048 507 1108 animi
519 1080 564 1093 -
577 1049 637 1108 nisi
655 1049 681 1107 si
698 1049 788 1109 timor
807 1046 930 1109 abstulit
942 1065 1059 1108 omnem

122 1137 266 1199 Sensum
288 1138 479 1215 animumque
502 1167 545 1182 -
569 1135 626 1197 iuuit
638 1181 648 1217 ,
671 1152 740 1197 cum
762 1153 814 1196 vos
836 1143 940 1216 petere
963 1136 1020 1198 alta

938 1225 1059 1287 relictus
1083 1280 1087 1288 .

124 1315 273 1393 Aequora
296 1308 469 1394 conspexi?
490 1312 571 1375 volui
593 1312 777 1393 inclamare,
800 1313 852 1375 sed
875 1313 955 1375 hosti

40 1414 107 1468 180
126 1402 269 1465 Prodere
291 1419 340 1464 me
362 1402 471 1464 dmui.
498 1409 615 1463 vestrae
639 1419 759 1482 qnoque
782 1401 893 1463 clamor
916 1401 1009 1464 Ulixis

126 1491 235 1555 Paene
256 1492 315 1553 rati
337 1492 461 1552 nocuit.
488 1489 549 1552 vidi
560 1536 570 1570 ,
594 1508 663 1553 cum
686 1498 787 1552 moute
809 1490 927 1551 revulso

130 1579 290 1641 lumauem
313 1578 471 1658 scopulum
492 1577 605 1640 medias
627 1579 765 1659 permisit
785 1581 818 1641 in
840 1578 954 1660 undas;

128 1667 201 1728 Vidi
224 1669 335 1729 iterum
356 1666 450 1728 veluti
471 1668 615 1729 tormenti
636 1665 751 1729 viribus
774 1673 839 1730 aeta

129 1756 223 1817 Vasta
245 1755 389 1835 Giganteo
412 1754 591 1817 iaculantem
613 1772 683 1817 saxa
705 1753 834 1835 lacerto,

51 1857 115 1910 185
131 1844 176 1907 Et
188 1893 197 1926 ,
220 1862 258 1905 ne
281 1844 464 1924 deprimeret
484 1843 594 1905 fluetus
616 1846 749 1906 iactusre
772 1846 921 1925 carinam,

131 1934 305 2014 Pertimui,
327 1934 386 1993 iam
408 1950 457 1993 me
479 1949 540 1993 nou
563 1949 631 1993 esse
654 1931 765 1993 oblitus
788 1935 820 1994 in
842 1932 909 1994 illa.

132 2021 176 2083 Ut
197 2038 269 2082 vero
292 2020 362 2100 iuga
383 2038 436 2080 vos
460 2018 495 2081 ab
518 2019 627 2081 acerba
648 2027 745 2082 morte
768 2021 905 2102 reduxit,

132 2109 187 2171 lile
211 2108 332 2189 quidem
353 2114 446 2170 totam
468 2108 675 2188 gemebundus
697 2107 866 2170 obambulat
887 2111 1028 2190 Aetnam,

132 2198 397 2277 Praetemptatque
420 2213 510 2258 mauu
533 2196 621 2258 silvas
633 2243 643 2279 ,
665 2205 697 2259 et
717 2197 838 2259 luminis
860 2196 954 2259 orbus

58 2299 119 2353 100
134 2285 273 2367 Rupibus
295 2288 430 2347 incursat
441 2332 452 2366 ,
473 2284 649 2365 foedataque
671 2284 809 2347 bracchia
831 2285 900 2347 tabo

133 2374 170 2437 ln
193 2391 275 2436 mare
297 2373 480 2454 protendens
502 2380 623 2453 gentem
646 2381 818 2436 exsecratur
836 2373 993 2456 Achivam,

134 2463 233 2543 Atque
257 2463 298 2524 ait
320 2457 363 2523 “o
385 2465 412 2524 si
435 2463 503 2540 quis
526 2461 639 2524 referat
655 2462 729 2524 mibi
752 2479 838 2524 casus
860 2461 985 2545 Ulixen,

133 2551 196 2614 Aut
217 2550 347 2630 aliquem
369 2568 386 2612 e
409 2552 522 2632 sociis,
542 2552 575 2612 in
598 2567 689 2630 0000
710 2568 776 2612 mea
798 2554 909 2613 saeviat
931 2554 993 2633 ira,

133 2638 258 2701 Viscera
280 2641 366 2701 cuius
389 2638 498 2720 edam,
519 2640 606 2701 euius
629 2641 757 2701 urentia
778 2638 883 2701 dextra

63 2741 120 2795 100
134 2727 270 2790 blembra
291 2745 358 2789 mea
379 2726 511 2808 laniem,
533 2730 620 2790 ouius
643 2727 716 2789 mihi
738 2730 858 2808 sanquis
880 2728 1007 2790 inundet

136 2816 269 2896 Guttur,
291 2823 324 2877 et
344 2815 411 2878 elisi
433 2815 584 2894 trepident
606 2815 663 2877 sub
686 2816 825 2878 dentibus
847 2815 948 2879 artnsl

136 2904 234 2977 Quam
254 2903 370 2967 nudum
392 2914 445 2966 aut
466 2904 531 2965 leve
552 2907 593 2966 sit
614 2904 755 2966 damnum
777 2905 850 2967 mibi
872 2906 949 2967 lucis

642 3002 645 3007 ’
864 2987 1059 3073 ademptael’'

135 3079 217 3144 llaec
239 3085 271 3144 et
292 3081 378 3163 plura
401 3083 506 3145 lerox.
534 3101 581 3144 me
603 3082 719 3145 luridus
742 3091 869 3162 occupat
890 3082 997 3144 horror

136 3169 329 3250 Spectantem
352 3171 455 3233 vultus
475 3173 638 3233 etiamnum
660 3172 750 3233 caede
773 3171 926 3233 madentes

65 3271 121 3324 200
135 3258 339 3340 Crudelesque
362 3277 468 3321 manus
491 3268 522 3321 et
543 3261 663 3321 inanem
684 3260 805 3322 luminis
827 3258 948 3340 orbem,

133 3346 327 3428 Membraque
350 3356 382 3409 et
403 3347 531 3410 humano
557 3357 728 3411 concretam
751 3349 894 3427 sanguine
917 3344 1057 3408 barbam.

133 3435 216 3498 Mors
234 3444 299 3498 erat
315 3444 386 3499 ante
403 3436 528 3518 oeulm,
547 3439 702 3500 minimum
720 3445 820 3499 tamen
835 3435 884 3497 ilia
898 3434 1057 3497 malorum.

132 3524 173 3587 m
195 3527 254 3586 iam
275 3543 480 3608 prensurum,
501 3528 560 3588 iana
582 3543 663 3588 nune
686 3543 751 3587 mea
773 3528 887 3587 viscera
908 3523 995 3586 rebar

132 3612 169 3675 ln
191 3630 247 3676 sua
268 3630 461 3698 mersurum3
483 3617 637 3695 manuque
659 3614 800 3677 haerebat
821 3616 917 3693 imago
