2467 4042
510 255 532 308 l.
550 257 710 307 129-101.
1092 250 1113 315 3

143 428 176 479 55
190 413 291 494 Siquis
319 417 395 496 erit,
424 418 474 495 qni
501 422 549 494 te,
588 418 656 495 quia
676 418 717 477 sis
735 434 820 477 meus
832 462 842 497 ,
865 434 930 477 esse
954 415 1112 497 legendum

189 504 255 566 Non
278 512 387 585 putet,
409 522 426 564 e
449 503 563 582 gremio
586 506 749 583 reiciatque
773 522 851 585 suo,

190 587 328 672 ‘Inspice'
352 592 399 653 dic
423 587 577 655 ‘titulum
614 610 674 653 non
698 610 765 655 sum
787 601 964 674 praeceptor
986 595 1111 655 amoris.

189 679 269 752 Quas
292 682 402 742 meruit
414 727 423 761 ,
447 698 558 760 poenas
580 683 640 742 iam
662 681 744 742 dedit
766 680 839 742 iliud
863 700 938 762 opus
948 678 968 743 .'

188 769 326 831 Forsitan
349 777 512 849 expectes,
535 786 572 830 an
594 771 627 830 in
649 768 706 830 alta
729 768 834 848 palatia
857 772 983 832 missum

39 919 42 926 ,
141 871 174 919 το
191 858 339 919 Scandere
362 864 393 918 te
415 856 534 918 iubeam
558 856 790 936 Caesareamque
815 856 962 921 domum?

188 946 346 1025 ignoscant
369 954 495 1025 augusta
518 945 590 1006 mibi
612 945 678 1006 loca
700 945 790 1024 dique
813 945 965 1008 locorum!

187 1034 275 1096 Venit
297 1036 331 1101 in,
351 1034 408 1095 hoc
431 1033 481 1095 iila
504 1034 617 1095 tulmen
641 1032 677 1094 ab
701 1051 769 1095 arce
793 1042 898 1113 caput.

187 1123 260 1184 Esse
285 1123 405 1203 quidem
428 1125 550 1183 memini
569 1123 726 1183 mitissima
750 1120 871 1184 sedibus
893 1122 952 1184 illis

186 1211 314 1271 Numina
328 1216 357 1273 .'
377 1209 429 1271 sed
452 1213 566 1290 timeo,
589 1213 641 1290 qui
664 1227 816 1291 nocuere,
840 1210 920 1272 deos.

140 1312 173 1360 75
188 1299 333 1359 Terretur
355 1300 478 1359 minimo
501 1316 615 1378 pennae
640 1298 768 1359 stridore
792 1298 947 1379 columba,

187 1385 365 1466 Unguibus,
389 1389 553 1465 accipiter,
576 1388 676 1447 saucia
699 1387 774 1447 sacta
797 1389 874 1447 tuis.

187 1472 249 1535 Nec
271 1472 377 1553 procul
400 1491 416 1533 a
440 1473 563 1535 stabulis
586 1473 676 1535 audet
698 1473 874 1554 discedere,
896 1476 981 1555 siqua

187 1561 320 1623 Excussa
343 1569 389 1622 est
411 1561 489 1622 avidi
511 1561 650 1623 dentibus
676 1578 749 1640 agna
771 1561 851 1641 lupi.

187 1650 301 1712 vitaret
323 1649 437 1711 caelum
460 1648 635 1730 Phaethon,
659 1651 686 1710 si
707 1651 842 1732 viveret,
865 1657 896 1711 et
918 1668 994 1730 quos

139 1739 311 1818 adoptarat
334 1738 446 1818 stulte,
469 1744 591 1816 tangere
614 1736 707 1797 nollet
729 1755 840 1816 equos.

187 1826 234 1887 Me
259 1843 401 1906 quoque,
425 1844 501 1905 quae
524 1828 628 1905 sensi,
651 1825 745 1886 fateor
768 1826 846 1886 loris
868 1844 949 1887 arma
972 1828 1087 1889 timere.

186 1915 326 1976 Mereor
349 1915 481 1995 infesto,
507 1931 576 1975 cum
599 1921 703 1994 tonat,
726 1916 795 1993 igne
818 1917 897 1994 peti.

188 2001 375 2082 Quicumque
398 2001 535 2082 Argolica
558 2001 594 2062 de
618 2000 712 2062 classe
736 2001 888 2081 Capherea
910 2005 1003 2088 sugit,

187 2091 313 2171 Semper
335 2090 372 2152 ab
395 2090 537 2152 Euboicis
559 2090 624 2151 vela
646 2092 770 2151 retorsit
791 2094 894 2170 aquis.

139 2193 172 2241 85
188 2180 226 2240 Et
248 2198 315 2240 mea
337 2178 468 2261 cumba,
491 2177 584 2240 semel
605 2186 687 2239 vasta
710 2196 853 2257 percussa
876 2180 1005 2258 procella

185 2268 293 2347 litum,
317 2285 376 2347 quo
399 2266 479 2328 laesa
501 2273 570 2350 est,
592 2266 697 2328 horret
719 2267 801 2328 adire
824 2267 940 2329 locum.

185 2355 265 2436 Ergo
288 2372 381 2436 cave,
403 2353 501 2435 liber,
525 2362 556 2415 et
578 2353 681 2416 timida
703 2357 900 2434 circumspice
924 2365 1041 2419 mente:

186 2443 226 2506 Ut
248 2446 319 2505 satis
342 2462 359 2504 a
382 2442 479 2504 media
501 2444 541 2503 sit
563 2442 617 2504 tibi
640 2442 726 2522 plebe
749 2443 829 2522 legi.

186 2532 262 2593 bum
285 2532 362 2612 petit
383 2531 511 2592 infirmis
534 2533 659 2594 nimium
682 2531 819 2594 sublimia
841 2533 949 2611 pennis

138 2633 172 2682 90
186 2621 309 2703 Icarus,
332 2621 489 2700 aequoreis
512 2623 632 2681 nomina
655 2621 726 2682 fecit
748 2622 850 2699 aquis.
1035 2622 1038 2628 ’

185 2708 309 2773 Difficile
332 2715 379 2770 est
401 2717 523 2790 tamen,
544 2708 615 2770 binc
639 2711 730 2770 remis
752 2711 845 2770 utaris
868 2726 906 2769 an
929 2727 1000 2770 aura

184 2800 313 2862 Dicere.
348 2797 506 2860 consilium
528 2814 638 2876 resque
660 2797 803 2876 locusque
827 2796 955 2859 dabunt.

185 2888 217 2949 Si
240 2888 353 2967 poteris
376 2904 469 2948 vacuo
493 2885 594 2965 tradi,
619 2888 646 2946 si
668 2893 776 2947 cuncta
799 2884 913 2947 videbis

183 2976 287 3055 Mitia,
310 2976 337 3035 si
358 2976 438 3034 vires
461 2974 586 3052 fregerit
607 2975 652 3034 ira
675 2991 767 3053 suas,

136 3076 170 3126 95
186 3060 287 3140 Siquis
315 3062 388 3142 erit,
413 3063 466 3141 qut
491 3070 522 3122 te
545 3060 730 3122 dubitantem
771 3067 803 3120 et
825 3059 907 3121 adire
931 3062 1083 3122 timentem

184 3149 316 3228 Tradat,
339 3154 370 3208 et
393 3154 461 3207 ante
484 3156 584 3207 tamen
607 3165 701 3227 pauca
723 3145 863 3225 loqbatur
874 3194 884 3227 ,
907 3146 973 3209 adi.

66 3285 69 3292 .
184 3238 265 3299 Luce
288 3236 366 3298 bona
389 3234 569 3313 dominoque
592 3242 644 3295 tuo
669 3234 783 3296 felicior
806 3236 871 3313 ipso

183 3326 342 3389 Pervenias
364 3323 435 3385 idue
459 3331 490 3384 et
512 3322 587 3383 mala
609 3332 711 3385 nostra
734 3322 832 3383 leves.

183 3415 317 3494 Namque
341 3430 375 3473 ea
398 3411 445 3472 rel
468 3428 579 3494 nemo,
600 3411 648 3472 vel
671 3413 723 3491 qui
745 3409 818 3471 mibi
840 3409 963 3471 vulnera
986 3411 1055 3474 iecit

3 3525 7 3532 ’
118 3519 168 3567 100
184 3504 271 3566 Solus
294 3500 426 3563 Achilleo
449 3500 554 3562 tollere
577 3518 659 3561 more
682 3507 799 3581 potest.

183 3594 313 3655 Tantum
335 3609 373 3651 ne
397 3607 528 3671 noceas,
550 3590 622 3652 dnm
644 3592 689 3651 vis
707 3588 873 3670 prodesse,
895 3586 1010 3650 videtui

910 3695 923 3743 1
930 3687 945 3721 S
