2467 4042
621 235 823 296 AMORUM

340 386 455 464 ‘Quod’
472 402 532 461 que
546 389 670 460 ‘canas‚
694 395 797 463 vates,
821 386 940 461 accipe’
960 387 1037 448 dixit
1050 386 1178 464 ‘opust’
1226 432 1227 449 t

253 481 288 536 at
298 471 348 533 Me
364 474 523 532 miserum!
547 476 646 531 certas
661 471 768 532 habuit
782 487 859 549 puer
873 470 924 530 iiie
939 471 1084 546 sagittas:

338 557 432 627 Uror,
455 559 485 613 et
499 553 530 613 in
544 569 644 614 vacuo
659 560 785 631 pectore
798 560 906 630 regnat
919 554 1025 615 Amor.

296 640 358 701 Sex
374 639 447 699 mihi
462 643 567 714 surgat
581 654 661 714 opus
676 640 829 714 numeriS‚
850 639 880 697 in
899 637 1036 714 quinque
1052 639 1169 701 residat
1226 642 1227 695 t

336 724 448 784 Ferrea
463 737 533 787 cum
548 724 660 783 vestris
674 722 757 784 bella
771 723 874 783 valete
888 721 992 785 modis

297 808 425 884 Cingere
440 806 547 867 litorea
564 804 710 868 flaventia
724 814 864 882 tempora
878 813 995 882 myrm,

252 903 287 963 30
340 893 443 965 Musa,
468 907 523 967 per
539 891 679 952 undenos
695 891 900 951 emodulanda
917 890 1024 965 pedes.

241 1033 266 1120 2
295 1025 381 1120 Esse
397 1057 545 1135 quidhoc
562 1055 677 1130 dicam,
701 1057 784 1130 quod
800 1062 860 1116 tam
875 1057 946 1116 mihi
962 1058 1039 1117 dura
1054 1057 1192 1118 videntur

338 1143 455 1216 Strata,
476 1155 577 1216 neque
592 1141 622 1199 in
638 1141 717 1199 iecto
733 1140 825 1215 pallia
841 1148 948 1201 nostra
959 1142 1088 1216 sedent,

292 1229 330 1288 Et
345 1242 462 1288 uacuus
478 1241 586 1286 somno
602 1230 738 1297 noctem,
762 1240 853 1298 quarn
867 1227 975 1299 longa,
996 1225 1117 1301 peregi,

336 1312 497 1385 Lassaque
512 1309 626 1369 versati
642 1307 782 1384 corporis
798 1324 873 1369 ossa
888 1310 1015 1370 doieutt

267 1397 385 1469 5Nam‚
409 1401 501 1469 puto,
524 1391 684 1465 sentirem,
708 1392 799 1468 siquo
814 1399 979 1468 temptarer
994 1408 1109 1454 amore.

337 1480 386 1538 An
403 1478 484 1538 subit
499 1483 529 1537 et
542 1482 623 1537 tecta
637 1476 767 1536 callidus
782 1482 847 1537 arte
861 1483 973 1538 nocete

296 1565 347 1626 Sic
362 1562 427 1621 erit.
452 1561 620 1620 haeserunt
634 1567 742 1619 tenues
757 1560 787 1620 in
801 1562 895 1622 corde
911 1561 1056 1637 sagittae,

336 1647 374 1706 Et
390 1660 540 1722 possessa
555 1644 639 1704 ierus
654 1650 783 1719 pectora
796 1651 900 1705 versat
914 1646 1019 1706 Amor.

296 1731 450 1805 cedimus,
475 1745 513 1788 an
529 1727 661 1788 subitum
676 1728 819 1789 luctando
835 1729 1031 1789 accendimus
1046 1728 1168 1804 ignemt

255 1826 288 1878 10
343 1813 504 1875 Cedamus.
534 1814 602 1872 teve
616 1813 650 1872 fit
665 1812 747 1888 quod
763 1813 842 1872 bene
858 1813 966 1888 fertur,
990 1829 1078 1873 onus.

301 1898 373 1961 Vidi
389 1913 447 1973 ego
463 1897 589 1958 iactatas
604 1903 686 1956 mota
700 1896 768 1956 face
783 1912 923 1957 crescere
937 1895 1094 1971 flammas,

336 1984 374 2043 Et
389 1980 451 2042 vidi
466 1981 549 2042 nullo
566 1983 758 2041 concutiente
773 1982 859 2040 mori.

295 2067 432 2127 Verbera
447 2068 535 2142 plura
551 2067 668 2139 ierunt,
693 2080 782 2139 quam
799 2080 879 2141 quos
895 2066 979 2126 iuvat
998 2081 1073 2125 usus
1088 2064 1192 2139 aratri,

338 2152 513 2210 Detractant
528 2148 631 2226 pressi
646 2149 718 2208 dum
733 2148 804 2221 iuga
819 2149 917 2225 prima
928 2148 1036 2210 boves.

256 2247 286 2298 15
297 2237 400 2310 Asper
415 2250 513 2309 equus
529 2233 614 2293 duris
631 2233 826 2293 contunditur
841 2248 895 2293 ora
910 2233 1038 2309 lupatis:

338 2319 436 2378 Frena
452 2317 551 2379 minus
568 2317 674 2392 sentit,
697 2314 839 2392 quisquis
855 2318 894 2376 ad
910 2333 994 2377 arma
1009 2318 1090 2377 iacit.
1131 2358 1134 2361 ,

296 2404 407 2464 Acrius
422 2402 537 2462 invitos
551 2403 708 2476 multoque
725 2400 857 2461 ferocius
872 2409 975 2476 urget,

338 2487 434 2560 Quam
450 2485 501 2561 qui
517 2485 673 2546 servitium
688 2485 768 2544 icrre
784 2485 925 2558 fatentur,
946 2486 1052 2546 Amor.

294 2571 339 2631 En
355 2586 444 2646 ego...
462 2571 641 2631 confiteor...
656 2579 708 2631 tua
729 2585 794 2628 sum
810 2584 891 2629 nova
906 2570 1037 2644 praeda,
1060 2566 1194 2645 cupidos

255 2666 288 2716 20
340 2655 526 2730 Porrigimus
541 2656 641 2714 rictas
657 2655 696 2713 ad
711 2660 762 2713 tua
776 2653 843 2713 iura
857 2669 976 2717 manus,

295 2740 341 2800 Nil
358 2756 437 2816 opus
453 2747 500 2799 cst
514 2738 605 2799 bello.
634 2736 756 2797 veniam
772 2752 943 2813 pacemque
957 2753 1118 2812 rogamus:

338 2824 400 2883 Neo
415 2822 468 2883 tibi
483 2824 550 2884 laus
566 2822 658 2883 armis
674 2822 773 2881 victus
788 2822 912 2882 inermis
927 2837 990 2882 ero.

297 2907 390 2968 Necte
408 2923 526 2969 comam
542 2914 660 2986 myrto,
678 2913 831 2966 maternas
848 2905 940 2981 iunge
957 2904 1131 2965 columbas=

339 2993 395 3066 Qui
410 2992 531 3066 deceat,
556 3007 677 3052 currum
692 2990 817 3050 vitricus
834 2989 902 3065 ipse
920 2988 1018 3049 dahit=

255 3089 287 3141 25
299 3078 394 3152 inque
410 3077 482 3137 dato
500 3091 606 3148 curru,
631 3076 747 3152 populo
764 3075 913 3134 clamante
927 3071 1138 3149 Triumphum,

340 3160 455 3237 Stabis,
479 3167 509 3221 ct
526 3160 685 3222 adiunctas
702 3165 765 3219 arte
780 3157 922 3218 movebis
937 3173 1022 3217 aves,

297 3247 450 3305 Ducentur
464 3244 543 3322 capti
557 3243 685 3305 iuvenes
700 3250 871 3320 captaeque
885 3242 1021 3318 pueliam

338 3329 422 3390 Haec
438 3329 491 3390 tibi
507 3328 689 3405 magnificus
706 3344 821 3404 pompa
836 3326 1008 3403 triumphus
1025 3324 1088 3385 erit.

298 3415 369 3489 lpse
382 3430 456 3490 ego,
476 3414 592 3491 praeda
607 3429 726 3488 recens,
740 3414 850 3473 iactum
864 3410 957 3471 modo
972 3409 1086 3470 vuinus
1097 3406 1222 3469 habebo

256 3506 290 3560 30
342 3497 381 3558 Et
396 3505 478 3558 nova
494 3498 616 3575 captiva
631 3497 754 3558 vincula
772 3503 873 3556 mento
888 3495 991 3557 ieram.
