2467 4042
450 237 535 307 VIII,
554 242 696 293 oi-lsi.
804 255 900 291 serena
1014 233 1077 301 153

94 420 129 468 15
144 407 273 468 Munera
296 407 452 486 porrexit.
480 404 578 466 Minos
601 409 740 484 porrecta
762 403 891 483 refugiit

146 494 377 574 [Turbatusque
400 494 470 555 novi
491 492 648 574 respondit
669 492 795 569 imagine
818 489 921 568 iaetir]

147 580 198 644 ‘m
220 590 250 644 te
275 589 503 662 summoveant,
526 600 543 642 o
566 582 662 642 nostri
685 580 805 640 infamia
828 579 934 661 sasoli,

146 670 231 733 Orbe
254 690 334 752 suo;
356 670 504 750 tellusque
528 668 583 731 tibi
604 675 777 749 pontusque
800 676 944 749 negetur.

147 759 241 821 Certe
264 778 319 840 ego
342 776 403 820 non
426 760 522 839 patiar
543 757 622 818 loris
645 753 846 839 incunabula,
870 755 997 836 Creten,

75 861 131 912 101)
148 848 210 919 Qui
233 865 319 910 meus
343 854 390 909 est
412 846 516 927 orbis,
538 852 655 907 tantum
684 847 856 924 eontingere
879 853 1047 906 monstrum
1058 837 1077 903 .’

147 936 252 999 Dixit:
276 944 307 998 11
328 943 363 998 ut
385 935 467 1015 leges
491 936 585 1014 captis
607 935 790 995 iustissimus
813 941 917 995 auctor

147 1023 294 1086 Hostibus
317 1026 473 1105 inposuit,
496 1022 600 1084 elassis
623 1020 786 1084 retinacula
809 1021 883 1083 solvi

147 1113 242 1175 lussit
264 1120 296 1175 et
318 1119 432 1174 aeratas
455 1110 574 1191 impleri
596 1111 709 1189 remige
731 1127 865 1190 puppes.

149 1200 249 1281 Scylla
272 1202 349 1262 freto
371 1206 532 1280 postquam
554 1199 697 1260 deductas
720 1216 792 1259 nare
815 1200 949 1279 carinas,

76 1290 215 1353 1151111
237 1297 391 1370 praestare
414 1288 522 1350 ducem
546 1288 669 1349 sceleris
693 1286 750 1347 sihi
772 1290 903 1367 praemia
926 1286 1016 1369 vidit,

150 1379 347 1458 Consumptis
369 1376 509 1458 precibus
533 1375 691 1437 violentam
714 1376 822 1436 transit
843 1379 874 1436 in
897 1378 990 1456 iram,

149 1466 375 1546 Intendensque
397 1482 525 1546 manus,
548 1466 643 1545 passis
666 1461 827 1525 furibunda
850 1463 962 1544 capillis

151 1551 232 1627 ‘Quo
255 1555 334 1635 iugis
347 1549 368 1635 ,’
392 1553 537 1616 exclamat
559 1549 747 1614 ‘meritorum
770 1559 892 1613 auctore
916 1551 1038 1633 relicta,

151 1643 177 1705 0
201 1646 317 1724 patriae
338 1642 469 1723 praelate
492 1658 576 1703 meae
588 1689 598 1723 ,
621 1640 751 1721 praelate
773 1636 919 1720 parenti?

79 1745 136 1794 110
151 1733 221 1803 Quo
245 1732 346 1814 iugis,
368 1726 513 1792 inmitis?
535 1732 622 1791 errius
644 1730 768 1790 riotoria
791 1736 928 1814 nostrum

150 1820 191 1881 Et
206 1818 305 1881 scelus
318 1828 350 1880 et
367 1821 508 1880 meritum
531 1826 578 1879 est
591 1865 598 1879 .
627 1835 683 1879 nee
697 1825 727 1879 11
742 1817 809 1878 data
823 1834 965 1898 munera,
979 1834 1035 1879 nee
1050 1825 1078 1877 11

150 1909 263 1970 Noster
285 1925 368 1969 amor
390 1910 483 1969 morit
495 1954 505 1988 ,
527 1922 583 1968 nee
607 1906 688 1985 quod
709 1924 779 1987 spes
802 1908 899 1968 omnis
925 1908 957 1967 in
986 1924 1079 1967 unum

150 1996 197 2058 'ie
220 2013 286 2058 mea
309 2003 450 2077 congesta
472 1991 550 2057 est?
572 2012 641 2056 nam
664 2012 724 2074 quo
747 1980 866 2056 deserti
888 1991 1049 2056 revertar?

151 2085 187 2146 in
211 2081 369 2166 patriam?
391 2092 530 2165 superata
552 2085 651 2145 iacet.
680 2082 732 2144 sed
755 2083 833 2163 flnge
856 2100 995 2145 manere:

82 2187 136 2236 115
150 2172 326 2236 Proditione
349 2189 415 2235 mee
438 2172 538 2235 eiausa
560 2180 606 2233 est
629 2170 723 2233 milri.
750 2174 843 2252 patris
866 2171 903 2232 ad
927 2168 1005 2232 ora?

152 2263 251 2334 Quem
273 2261 329 2323 tibi
350 2257 488 2323 donari?
511 2262 591 2322 eires
614 2259 705 2321 odere
728 2267 911 2335 merentem:

92 2350 288 2412 -Finitimi
311 2349 480 2431 exemplum
502 2356 663 2410 metuunt.
691 2350 868 2428 exponimur
890 2346 963 2409 orbe

151 2438 339 2520 Terrarum,
361 2437 448 2500 nobis
471 2445 505 2499 ut
527 2436 615 2499 Crete
638 2436 700 2498 sola
721 2445 855 2516 pateret.

151 2527 238 2588 Hane
252 2544 370 2607 quoque
384 2529 411 2588 si
428 2525 591 2607 prohibes,
610 2533 642 2587 et
659 2543 737 2607 nos,
759 2528 896 2608 ingrate,
919 2524 1081 2605 relinquis,

85 2629 137 2680 reo
151 2615 221 2678 Non
244 2617 379 2696 genetrix
401 2614 521 2695 Europa
544 2614 599 2675 tibi
622 2622 690 2695 est,
713 2613 766 2675 seri
793 2613 942 2694 inhospita
965 2612 1080 2695 Syrtis,

153 2706 312 2766 Armeniae
336 2705 428 2784 tigres
451 2711 613 2782 austroque
637 2705 743 2782 agitata
768 2701 948 2782 Charybdis.

155 2792 219 2854 Nee
242 2792 311 2854 iore
334 2800 367 2854 tu
389 2800 501 2874 natus,
523 2809 579 2853 nee
602 2799 698 2852 mater
720 2793 847 2870 imagine
870 2793 948 2853 tauri

154 2881 250 2944 Duota
273 2890 325 2943 tua
347 2889 415 2962 est3
437 2883 557 2961 generis
580 2879 652 2941 salsa
675 2887 722 2941 est
744 2897 779 2940 ea
801 2879 917 2942 fabula:
941 2897 1046 2962 verus,

155 2969 210 3048 [Et
233 2971 317 3031 ierus
339 2978 371 3031 11
393 2978 497 3050 eaptus
520 2967 631 3031 nuliius
655 2985 755 3029 amore
778 2967 933 3046 iuvencae]

87 3058 216 3130 1110111
239 3067 269 3121 te
292 3061 475 3140 progenuit,
498 3064 603 3119 taurus
627 3057 705 3119 iuit.
734 3059 818 3136 exige
840 3075 970 3137 poenas,

155 3147 228 3208 Nise
250 3145 358 3228 poteri
381 3145 508 3228 gaudete
531 3145 638 3228 maiis,
661 3145 749 3207 modo
772 3146 911 3227 prodita,
934 3147 1045 3206 nostris

156 3235 294 3298 iioeniai
317 3253 386 3297 uam
408 3236 526 3318 ieteor,
549 3236 645 3296 merui
668 3242 700 3296 et
721 3253 788 3297 sum
811 3234 898 3314 digna
920 3234 1037 3312 perire.
1093 3237 1097 3245 '

156 3323 217 3387 Sed
240 3332 340 3386 tamen
363 3340 399 3385 ex
421 3323 481 3384 iliis
503 3323 633 3404 aliquis,
656 3341 731 3402 qnos
754 3326 843 3403 impia
866 3321 956 3403 laesi,

154 3412 202 3474 111
225 3416 375 3494 perimat.
403 3429 481 3494 our,
504 3415 556 3492 qui
579 3414 676 3473 vicisti
700 3413 826 3473 erimine
848 3417 971 3492 nostro,

90 3514 140 3565 rao
154 3501 327 3581 Insequeris
352 3496 497 3563 erimen?
519 3500 617 3562 seeius
644 3500 702 3562 hoo
730 3503 903 3580 patriaeque
924 3500 1080 3579 patrique,

154 3590 295 3652 Officium
318 3589 456 3653 11111111.
484 3598 608 3651 111111
632 3591 758 3668 coniuge
782 3589 869 3669 digna
893 3597 956 3668 est,
