2467 4042
178 197 244 264 304
354 215 473 252 nonnum
590 195 768 253 METAMM.

202 376 253 427 'tao
268 363 328 425 Ora
349 363 477 442 patentis
501 369 607 443 erant,
629 379 727 440 neque
750 365 808 423 iter
830 364 1033 442 praecluserat
1054 365 1167 430 unda.

265 449 377 512 Lurida
399 449 574 529 subponunt
595 450 723 510 fecundo
747 449 869 529 sulpura
891 452 983 533 lonti,

266 538 491 623 lncenduntque
515 556 599 599 cavas
623 538 754 601 fumante
777 537 922 600 bitumine
945 559 1053 602 venas.

265 627 384 689 Viribus
407 626 453 687 bis
476 626 600 705 aliisque
622 645 713 706 vapor
734 630 901 707 penetravit
923 629 960 688 ad
982 631 1042 690 ima

264 716 389 796 Fontis3
412 721 443 775 et
463 712 569 796 Alpino
591 715 679 776 modo
703 714 777 794 qu‘ae
801 723 917 777 certare
939 718 1034 796 rigori
1111 730 1197 773 0ωο.

200 816 251 868 '195
266 802 426 865 ludebatis
448 821 565 886 aquae,
587 822 647 865 non
671 803 776 865 ceditis
798 803 918 883 ignibus
936 807 1029 884 ipsis.

266 892 453 953 Flammifera
475 894 585 971 gemini
607 892 722 953 fumant
744 895 901 971 aspergine
923 902 1044 973 postes:

266 981 439 1062 Partaque,
461 982 643 1059 nequiquam
665 979 768 1060 rigidis
790 983 936 1060 promissa
960 981 1100 1063 Sabinis,

266 1069 359 1129 Fonte
383 1069 441 1129 luit
462 1076 649 1148 praestructa
670 1086 769 1150 novo,
791 1068 864 1130 dum
886 1068 1010 1131 Martius
1034 1088 1129 1133 arma.

265 1157 407 1218 indueret
429 1155 536 1218 miles.
564 1174 640 1237 quae
662 1164 820 1237 postquam
842 1156 988 1219 Romulus
1010 1157 1095 1220 ultro

200 1257 252 1309 800
267 1244 402 1326 Obtulit,
425 1252 457 1305 et
478 1251 571 1306 strata
594 1252 641 1306 est
663 1245 751 1307 tellus
774 1244 905 1307 Romana
929 1245 1049 1307 Sabinis

266 1332 468 1417 Corporibus,
491 1340 583 1394 strata
605 1340 710 1412 estque
733 1335 818 1414 suis,
841 1335 1004 1414 generique
1028 1353 1173 1396 cruorem

266 1421 414 1500 Sanguine
438 1438 507 1482 cum
530 1423 627 1482 soceri
648 1424 823 1500 permiscuit
845 1423 955 1500 impius
978 1425 1080 1505 ensis,

265 1509 342 1570 Pace
364 1517 463 1570 tamen
486 1511 552 1570 sisti
574 1508 685 1570 bellum
707 1527 763 1570 nec
785 1511 818 1569 in
840 1509 944 1571 ultima
967 1512 1050 1571 ferro

266 1597 424 1659 Decertare
447 1596 570 1678 placet,
592 1597 769 1676 Tatiumque
793 1597 936 1659 accedere
959 1617 1073 1678 regno.

121 1710 146 1757 ο
200 1698 252 1750 808
311 1684 467 1747 Occiderat
489 1685 592 1746 'latius
604 1732 614 1767 ,
636 1685 813 1765 populisque
836 1694 960 1765 aequata
983 1686 1120 1769 duobus,

267 1773 413 1855 Romule,
436 1776 501 1835 iura
522 1772 636 1834 dabas:
658 1776 755 1853 posita
778 1791 847 1835 cum
870 1775 984 1836 casside
1008 1775 1127 1836 Mavors

267 1862 387 1923 Talibus
410 1863 515 1923 affatur
533 1861 693 1939 divumque
716 1861 929 1940 bominumque
952 1872 1127 1942 parentem:

267 1947 409 2029 ‘Tempus
431 1949 535 2031 adest,
558 1952 697 2031 genitor,
720 1952 860 2028 quoniam
888 1951 1061 2012 fundamine
1085 1971 1186 2032 magno

266 2038 326 2099 lies
348 2038 478 2099 Romana
501 2036 577 2098 valet
588 2085 598 2120 ,
621 2055 678 2098 neo
699 2038 835 2116 praeside
858 2039 970 2116 pendet
991 2038 1029 2099 ab
1053 2058 1134 2121 uno,

202 2138 254 2190 810
268 2126 401 2188 Praemia
425 2144 499 2206 qnae
522 2127 668 2205 promissa
690 2126 763 2186 mibi
785 2126 934 2204 dignoque
957 2129 1080 2208 nepoti,

268 2214 411 2296 Solvere,
434 2221 466 2276 et
487 2213 616 2274 ablatum
639 2216 729 2275 terris
751 2215 895 2294 inponere
919 2213 1019 2275 caelo.

267 2303 312 2364 Tu
335 2302 407 2364 mihi
430 2300 554 2363 concilio
574 2301 722 2380 quondam
744 2310 901 2381 praesente
924 2301 1049 2363 deorum
1075 2337 1118 2349 —

248 2391 341 2451 -Nam
363 2409 495 2452 memoro
518 2392 702 2469 memorique
725 2392 822 2450 animo
844 2391 893 2468 pia
915 2390 1006 2451 rerba
1029 2397 1128 2454 notavi
1147 2426 1183 2436 -

268 2476 375 2541 “Unus
397 2483 482 2561 erit,
500 2496 589 2557 quem
611 2486 646 2539 tu
668 2477 754 2539 tolles
776 2480 807 2538 in
831 2478 947 2539 caerula
972 2476 1071 2539 caeli’'

203 2579 254 2631 818
269 2566 395 2628 Dixisti.
424 2574 487 2628 rata
510 2569 550 2628 sit
571 2566 732 2627 verborum
755 2584 869 2627 summa
892 2575 1015 2628 tuorum
1024 2563 1044 2628 .'

268 2656 379 2716 Annrrit
402 2657 612 2735 omnipotens,
636 2662 667 2716 et
685 2652 821 2716 nubibus
844 2660 912 2716 aera
935 2657 1033 2717 caecis

203 2756 206 2761 ’
269 2743 407 2805 Occuluit
419 2790 429 2823 ,
451 2746 625 2822 tonitruque
648 2750 679 2804 et
702 2743 819 2823 iulgme
843 2744 951 2806 terruit
974 2743 1095 2807 orbem.

270 2832 350 2904 Quae
374 2831 431 2893 sibi
452 2833 615 2912 promissae
639 2833 733 2892 sensit
754 2840 818 2892 rata
841 2834 923 2910 signa
946 2835 1086 2913 rapinae,

269 2921 450 3000 innixusque
473 2920 574 2981 hastae
597 2937 720 2999 pressos
736 2928 855 2981 temone
879 2929 1005 2981 cruento

204 3020 257 3072 880
271 3008 425 3087 Inpavidos
449 3008 623 3069 conscendit
646 3025 738 3087 equos
761 3007 928 3088 Gradiurs,
951 3016 982 3069 et
1003 3009 1067 3070 ictu

270 3096 408 3157 Verberis
431 3099 601 3177 increpuit,
625 3113 797 3175 pronusque
819 3114 875 3175 per
898 3102 966 3158 aera
989 3095 1090 3177 lapsus

271 3184 410 3247 Constitit
432 3187 463 3244 in
486 3202 602 3245 summo
625 3187 775 3245 nemorosi
798 3184 871 3245 oolle
894 3184 1006 3246 Palati:

270 3273 513 3351 lieddentemque
537 3290 592 3333 suo
614 3275 674 3333 iam
697 3274 778 3352 regia
800 3275 866 3333 iura
889 3273 999 3344 Quiriti

271 3361 400 3423 Abstulit
421 3360 554 3422 lliaden.
582 3379 692 3442 corpus
714 3361 838 3422 mortale
860 3379 916 3441 per
938 3379 1026 3422 auras
1095 3372 1173 3418 ceu

206 3461 257 3512 825
273 3449 424 3528 [illapsum
447 3457 575 3530 tenues,
598 3457 633 3511 ut
655 3449 713 3510 lata
734 3447 872 3529 plumbea
895 3450 985 3512 lunda

270 3536 359 3596 Missa
383 3536 458 3599 solet
480 3536 577 3598 medio
601 3537 684 3618 glans
706 3536 891 3600 intabescere
915 3538 1011 3600 caelo.
