2467 4042
194 253 256 321 178
368 273 494 310 neurim
558 204 784 313 'murnum

281 421 405 483 Indulsit
427 421 522 500 primo
545 419 697 502 lacrimiS,
720 420 877 500 flendoque
902 421 1036 485 dolorem

280 509 401 570 Dilludit
424 507 590 570 miseranda
613 527 722 570 suum.
751 528 818 570 mox
841 509 949 571 deinde
973 506 1057 591 ‘quid
1080 518 1184 574 autem

280 591 440 658 Flemus?
463 599 505 657 ait
527 592 643 678 ‘paelex
665 597 794 658 lacrimis
817 597 975 660 laetabitur
998 602 1083 662 istis.

216 686 361 757 ittonae
385 687 525 764 quoniam
548 684 706 767 adveniet,
727 686 948 766 properandum
972 687 1146 768 aliquidque

948 776 1121 839 novandum
1144 784 1207 857 est,

280 862 356 924 burn
379 861 449 925 lieet
460 909 470 946 ,
493 869 524 924 et
546 862 678 925 nondum
699 861 843 924 thalamos
863 871 947 925 tenet
961 864 1053 927 altera
1067 872 1205 926 nostros.

280 950 475 1033 Conquerar,
498 967 534 1011 an
549 947 682 1013 sileam?
704 960 836 1031 repetam
851 951 1020 1036 Calydona,
1039 947 1208 1015 morernel

280 1039 428 1101 Excedam
451 1035 568 1100 tectis?
590 1058 651 1120 au,
674 1040 700 1100 si
722 1039 795 1100 nibil
817 1039 966 1123 amplius,
989 1038 1134 1103 obstem?
1231 1039 1232 1066 l

282 1128 359 1199 Quid
383 1131 501 1210 sime,
524 1127 692 1209 bleleagre,
715 1135 796 1189 tuam
819 1146 933 1189 memor
957 1147 1024 1191 esse
1048 1146 1186 1191 sororem

216 1226 267 1279 100
280 1216 369 1278 Forte
392 1233 464 1297 paro
488 1216 625 1299 lacinus,
649 1225 850 1296 quantumque
873 1218 983 1278 iniuria
1006 1221 1104 1297 possit
1231 1215 1233 1253 l

280 1305 498 1383 Femineusque
522 1304 605 1365 dolor
617 1353 627 1386 ,
650 1304 780 1384 iugulata
801 1304 913 1385 paelice
937 1302 1071 1368 testord'

279 1392 422 1454 lncursus
446 1394 561 1453 animus
584 1394 681 1453 varios
704 1392 814 1454 hahet.
838 1392 976 1454 omnibus
999 1393 1058 1455 illis

280 1481 425 1543 Praetulit
447 1480 590 1542 imbutam
612 1480 726 1542 Nesseo
750 1483 893 1560 sanguine
916 1489 1032 1543 vestem
1214 1478 1223 1539 a'

280 1570 421 1652 Mittere,
444 1587 519 1650 quae
543 1572 621 1630 vires
644 1569 760 1631 delecto
783 1568 888 1631 reddat
910 1572 1022 1631 amori.
1227 1574 1232 1579 '

217 1670 266 1720 111
281 1658 445 1738 lgnaroque
468 1656 598 1739 Lichae,
623 1658 693 1738 quid
716 1658 834 1740 tradat,
855 1660 978 1741 nescia,
1001 1657 1104 1722 luctus

280 1747 441 1828 Ipsa-suos
463 1745 574 1807 tradit.
603 1745 777 1826 blandisque
800 1747 967 1807 miserrima
989 1746 1111 1829 serbis,
1222 1754 1229 1790 -’

281 1834 363 1896 ltona
386 1834 436 1896 det
457 1834 507 1895 illa
528 1835 614 1917 viro,
637 1834 776 1896 mandat.
805 1837 884 1915 capit
905 1836 1018 1896 inscius
1042 1836 1153 1918 beros,

280 1923 476 2003 lndniturque
499 1925 611 1984 umeris
635 1921 782 1985 Lernaeae
806 1924 887 1984 virus
911 1921 1070 1986 echidnae.
1210 1918 1226 1953 ’l

283 2013 362 2073 'lura
386 2011 473 2073 dabat
490 2013 594 2092 primis
618 2019 649 2072 et
671 2010 761 2072 verba
782 2013 934 2092 precantia
956 2009 1103 2096 dammis,

218 2112 267 2163 100
283 2100 412 2180 Vinaque
436 2118 616 2161 marmoreas
639 2108 741 2179 patera
763 2099 906 2160 fundebat
927 2099 958 2159 ln
981 2117 1067 2164 aras:

281 2189 406 2250 lncaluit
428 2191 472 2250 vis
494 2187 543 2249 illa
565 2187 656 2270 mali,
680 2186 868 2268 resolutaque
892 2187 1017 2249 llamnris

281 2277 445 2339 Herculeos
469 2276 540 2337 abiit
562 2276 621 2337 late
644 2276 750 2337 diffusa
772 2294 827 2357 per
850 2285 950 2337 artus.

281 2366 358 2428 Dum
380 2366 477 2447 potuit
489 2413 499 2447 ,
522 2364 607 2425 solita
630 2366 773 2444 gemitum
796 2365 905 2426 virtute
929 2366 1092 2445 repressit.
1211 2390 1222 2421 a

281 2453 363 2516 Victa
386 2453 471 2515 malis
493 2460 650 2534 postquam
674 2461 720 2513 est
742 2454 905 2535 patientia,
928 2453 1061 2534 reppulit
1083 2442 1169 2535 abas,

216 2554 266 2604 100
282 2543 474 2623 lmplevitque
498 2544 560 2604 11111
583 2558 775 2603 nemorosum
797 2540 920 2603 vocibus
943 2539 1058 2604 Oeten.
1220 2558 1224 2602 5

282 2631 345 2693 Nec
368 2648 451 2692 mora
463 2678 473 2713 ‚
495 2628 643 2692 letiferam
666 2637 791 2690 conatur
813 2629 949 2691 scindere
972 2637 1104 2692 vestem:
1225 2667 1234 2697 t

282 2718 518 2802 enarrabitur,
541 2719 633 2780 trahit
659 2717 708 2779 illa
734 2726 856 2801 cutem,
879 2716 1062 2797 foedumque
1090 2720 1199 2799 relatu,
1215 2726 1232 2787 a

282 2810 340 2870 dut
361 2807 465 2870 haeret
487 2807 629 2869 membris
653 2806 764 2868 trustra
786 2814 928 2887 temptata
949 2806 1073 2890 revelli,

282 2898 340 2960 dut
362 2897 477 2958 laceros
500 2905 582 2958 artus
606 2903 637 2956 et
658 2894 780 2975 grandia
803 2895 915 2975 detegit
937 2912 1023 2957 ossa.

217 2997 269 3049 110
282 2986 348 3066 lpse
373 3003 463 3047 cruor
475 3033 485 3066 ,
507 2983 603 3065 gelido
627 3001 683 3044 ceu
706 2983 855 3063 quondam
876 2983 1016 3045 lammina
1039 2984 1168 3047 candens
1208 3004 1232 3065 tq

283 3075 389 3136 Tincta
411 3074 501 3156 lacu,
524 3073 623 3135 stridit
646 3074 844 3152 coquiturque
867 3072 989 3134 ardente
1013 3090 1147 3134 veneno.
1209 3093 1230 3155 q*

282 3163 343 3225 Nec
366 3162 472 3224 modus
495 3171 541 3223 est
553 3210 563 3243 ‚
586 3160 709 3222 sorbent
732 3159 832 3221 aridae
854 3161 1029 3241 praecordia
1052 3160 1218 3241 flammam

283 3250 504 3331 Caeruleusque
527 3250 592 3312 lluit
614 3256 678 3310 toto
701 3249 738 3310 de
761 3266 887 3329 corpore
910 3249 1022 3331 sudor,

282 3340 476 3420 Ambustique
500 3346 606 3401 sonant
628 3338 713 3399 nervi
724 3384 734 3419 ‚
757 3354 903 3417 caecaque
926 3336 1065 3399 medullis
1225 3385 1228 3414 1

217 3441 267 3492 tto
282 3428 361 3490 'labe
385 3428 551 3508 liquefactis
574 3425 700 3488 tendens
723 3423 759 3486 ad
783 3425 880 3488 sidera
901 3425 1013 3506 palmas
1209 3446 1232 3515 q

284 3513 435 3579 ‘Cladibus
446 3512 468 3599 ,’
491 3515 635 3578 exclamat
657 3510 807 3576 ‘Saturnia
819 3563 829 3598 ‚
851 3530 974 3596 pascere
997 3516 1130 3578 nostrist
1208 3538 1222 3599 q

282 3604 432 3687 Pascere,
455 3611 486 3667 et
507 3603 584 3666 hanc
604 3612 723 3685 pestem
745 3612 846 3684 specta
858 3651 869 3689 ,
892 3601 1045 3687 crudelis,
1069 3603 1106 3666 ab
1128 3594 1229 3714 ultast!¹

1182 3942 1209 3993 ι1
