2467 4042
447 205 492 274 11,
510 211 666 260 ssa-cao.
783 224 908 260 amsa-0
1020 204 1064 269 33
1183 135 1231 186 X*

125 367 217 433 Talia
241 372 392 433 dicentem
415 374 608 433 circumstant
631 373 728 430 omnia
752 369 852 431 Solem

45 473 109 522 ³95
126 460 267 521 Numina
279 509 289 541 ,
311 478 387 522 neve
410 460 481 521 velit
501 459 642 520 tenebras
664 458 806 519 inducere
830 458 939 539 rebus,

129 549 280 628 Suppliee
298 566 371 610 voce
393 557 521 628 rogant.
549 550 657 608 missos
680 564 799 626 quoque
822 545 955 627 luppiter
978 549 1063 627 ignes

130 636 292 718 Excusat,
312 637 513 717 precibusque
536 638 632 696 minas
654 629 793 714 regaliter
816 636 913 697 addit.

132 724 258 804 Colligit
281 735 415 787 amentes
437 734 469 786 et
490 723 587 785 adbuc
609 732 726 785 terrore
749 734 890 803 paventes

131 813 279 875 Phoebus
302 831 418 895 equos,
441 812 621 891 stimuloque
644 811 748 872 dolens
762 820 793 873 et
810 811 934 873 verbere
953 814 1063 893 saevit,

49 912 117 964 400
136 901 262 985 Saevit,
286 920 372 963 erum
394 910 556 980 natumque
578 900 708 961 obiectat
730 907 761 961 et
782 902 899 979 inputet
920 901 996 963 illis.

179 992 221 1050 nt
242 999 328 1071 pater
350 993 538 1070 omnipotens
559 989 690 1068 ingentia
714 991 830 1049 moenia
853 988 926 1049 caeli
997 1019 1001 1026 ·

137 1078 276 1161 Circuit,
299 1089 330 1139 et
352 1078 484 1158 nequid
507 1076 686 1139 labefactum
704 1076 817 1137 viribus
839 1079 916 1156 ignis

136 1166 267 1227 Gorrnat
279 1215 289 1249 ,
311 1166 466 1247 explorat.
494 1184 571 1245 quae
593 1174 751 1245 postquam
773 1165 857 1225 tirum
880 1167 987 1244 suique

134 1254 266 1316 Roboris
289 1274 356 1316 esse
379 1255 459 1316 videt
471 1302 480 1336 ,
502 1263 600 1316 terras
623 1254 834 1332 hominumque
857 1251 974 1315 labores

54 1356 120 1405 405
135 1343 308 1423 Perspicit.
335 1344 476 1405 Arcadiae
499 1352 599 1404 tamen
623 1352 670 1404 est
691 1344 844 1421 inpensior
865 1341 909 1403 illi

136 1430 217 1493 Cura
240 1450 336 1493 suae.
363 1433 461 1494 tontes
484 1439 515 1492 et
536 1431 670 1492 nondum
692 1430 832 1491 audentia
853 1429 912 1490 labi

134 1520 274 1581 Flumina
296 1522 429 1582 restituit
440 1567 450 1600 ,
473 1519 524 1580 dat
545 1528 645 1581 terrae
668 1521 823 1600 gramina,
845 1518 966 1579 frondes

135 1608 327 1689 Arboribus,
348 1608 502 1687 laesasque
524 1606 608 1669 iubet
629 1609 813 1668 revirescere
836 1606 941 1667 silvas.

136 1696 216 1757 Dum
238 1696 320 1758 redit
340 1699 424 1775 itque
446 1697 611 1777 frequens,
634 1698 666 1756 in
688 1697 802 1774 virgine
825 1694 992 1755 Nonacrina

61 1795 123 1844 410
136 1783 265 1865 Haesit,
287 1793 319 1845 et
341 1787 456 1864 accepti
478 1784 596 1844 caluere
621 1781 677 1844 sub
699 1783 818 1844 ossibus
841 1785 942 1862 ignes.

135 1872 205 1934 Non
228 1881 295 1934 erat
316 1872 406 1933 huius
428 1891 504 1952 opus
526 1858 623 1933 lana‘m
641 1871 757 1932 mollire
776 1870 919 1933 trahendo

136 1961 202 2022 Nec
224 1963 325 2040 positu
348 1963 461 2021 variare
484 1978 605 2022 comas.
633 1960 685 2032 ubi
708 1958 797 2021 libula
820 1968 950 2042 vestem,

136 2048 217 2110 Vitta
241 2055 416 2110 coercuerat
433 2048 586 2128 neglectos
608 2048 674 2108 alba
697 2048 836 2129 capillos,

136 2137 178 2199 Et
191 2136 279 2198 modo
298 2136 362 2197 leve
377 2154 467 2198 manu
484 2135 613 2198 iaculum
626 2184 636 2217 ,
659 2137 746 2197 modo
761 2147 929 2215 sumpserat
942 2154 1063 2219 arcum,

66 2234 123 2284 41⁶
137 2226 224 2287 lliles
247 2235 312 2286 erat
333 2224 491 2286 Phoebes.
518 2243 574 2286 nec
596 2225 750 2286 Maenalon
774 2227 871 2303 attigit
893 2224 952 2285 ulla

138 2314 259 2374 Gratim
281 2313 337 2374 bae
359 2313 498 2375 Triviae.
525 2312 578 2373 sed
600 2312 681 2374 nulla
702 2316 836 2393 potentia
857 2312 945 2392 longa
967 2323 1030 2376 est.

137 2401 272 2463 Ulterius
295 2402 392 2463 medin
415 2403 543 2480 spatium
566 2401 610 2461 sol
633 2402 710 2463 altus
728 2400 872 2481 habebat,

137 2490 216 2551 Cum
239 2490 322 2551 subit
342 2489 392 2550 illa
414 2507 542 2572 nemus,
565 2490 645 2568 quod
668 2489 749 2550 nulla
770 2489 921 2550 ceciderat
941 2498 1039 2553 aetas.

136 2578 231 2639 Exuit
252 2578 302 2638 hic
325 2596 429 2639 umero
451 2577 621 2657 pharetram
643 2577 799 2657 lentosque
822 2578 953 2639 retendit

69 2676 123 2726 420
137 2670 259 2749 Aram,
276 2670 368 2746 inque
390 2665 476 2747 solo,
499 2666 579 2745 quod
601 2673 717 2727 texerat
740 2665 854 2747 herba,
876 2666 990 2728 iacebat

137 2755 311 2835 lit-pictam
333 2757 430 2834 positu
451 2754 621 2834 pharetram
644 2757 760 2815 cervice
783 2754 954 2835 premebat.

139 2844 276 2924 luppiter
297 2851 332 2904 ut
353 2842 427 2904 vidit
449 2843 559 2903 lessam
581 2852 612 2903 et
634 2844 758 2905 custode
781 2852 952 2924 vacantem,

139 2929 217 2993 ‘Hoc
238 2942 320 2993 certe
344 2928 458 2993 initum
480 2933 611 3017 coniunx
633 2949 699 2992 mea
722 2935 836 2993 nesciet
848 2926 869 3013 ,'
892 2934 990 3010 inquit

41 3083 48 3092 ,
139 3017 211 3082 ‘hut
232 3023 260 3081 si
281 3022 440 3101 rescierit,
462 3052 505 3064 -
529 3028 600 3080 sunt
621 3039 639 3080 o
663 3029 734 3083 sunt
756 3023 851 3099 iurgia
873 3014 977 3082 tanti?

71 3118 124 3166 sas
138 3109 282 3170 Protinus
304 3108 439 3169 induitur
462 3108 567 3170 faciem
590 3108 763 3189 cultumque
786 3107 896 3170 Dianae

138 3199 236 3277 Atque
259 3200 301 3259 ait
324 3192 354 3257 ‘o
377 3199 542 3279 comitum,
564 3200 670 3278 virgo,
691 3216 761 3278 pars
783 3216 844 3258 una
866 3215 1018 3281 mearum,

137 3286 172 3349 ln
196 3284 306 3365 quihus
329 3304 362 3347 es
384 3294 489 3347 renata
510 3286 588 3364 iugis
602 3281 631 3347 i'
654 3287 691 3347 de
714 3289 845 3366 caespite
868 3288 950 3365 virgo

138 3374 177 3436 Se
201 3374 279 3436 levat
301 3383 333 3436 et
355 3368 444 3435 ‘salve
467 3392 602 3456 numen,
625 3393 673 3435 me
696 3375 793 3436 iudice
806 3370 828 3456 ,'
851 3375 925 3435 dixit

137 3459 259 3525 ‘Audiat
279 3464 344 3542 ipse
367 3463 437 3524 licet
449 3510 459 3545 ,
481 3465 576 3524 maius
599 3462 667 3525 love
682 3459 701 3524 .’
724 3464 808 3524 ridet
829 3472 860 3525 et
883 3464 982 3546 audit,

71 3565 122 3615 aso
134 3551 175 3613 Et
198 3552 257 3613 sibi
278 3552 424 3630 praeferri
447 3569 480 3614 se
503 3551 612 3631 gaudet
635 3561 666 3613 ct
688 3552 789 3614 oscula
811 3554 907 3632 iungit

101 3662 245 3706 omn.
832 3658 849 3706 s
