2467 4042
453 201 536 270 xrn,
554 205 714 257 saa-aco.
822 217 916 255 usust
1019 197 1087 264 263

161 370 334 432 Detractare
356 385 456 429 meum
480 374 548 428 est.
576 365 629 427 sed
652 382 690 426 ne
713 366 880 426 communia
903 364 984 426 solus

161 457 314 539 Occupet,
332 464 420 535 atque
435 455 563 534 aliquem
577 452 661 515 vobis
675 471 793 533 quoque
808 452 912 514 realdat
924 452 1083 515 honorem.

161 545 304 626 Reppulit
326 543 480 606 Actorides
504 540 560 604 sub
582 544 709 621 imagine
731 550 814 603 tutus
836 539 957 603 temlts

160 634 258 695 l'roas
280 632 318 694 ab
339 634 452 694 arsuris
476 649 544 693 cum
567 631 724 691 ‹leiensorc
748 631 873 691 carinis.

93 733 147 786 275
161 724 279 784 Ausum
301 722 390 783 otiam
412 718 570 781 Hectoreis
591 716 687 780 solum
710 734 891 779 concurrere
914 717 980 780 telis

162 811 202 872 So
226 818 313 890 putat
324 856 334 890 ,
357 807 466 869 oblitus
490 809 629 886 regisque
652 805 822 885 ducumque
844 808 981 888 meique,

161 899 267 961 Nonus
290 899 322 958 in
345 896 465 977 alticio,
488 904 519 956 et
540 894 690 974 praelatus
712 911 837 955 munere
860 897 967 956 sortis.

162 985 224 1049 Sed
248 992 347 1047 tamen
371 991 494 1046 eventus
516 991 659 1065 vestrae,
678 982 861 1063 fortissime,
882 999 999 1062 pugnae

162 1075 239 1147 Quis
262 1069 350 1136 luit?
373 1079 419 1133 est
441 1070 552 1133 Hector
575 1070 699 1132 violatus
722 1069 845 1132 vulnere
868 1070 967 1132 nullo.

89 1174 147 1226 280
161 1163 210 1225 lle
233 1164 399 1242 miserum,
422 1168 532 1239 quanto
556 1176 647 1239 cogor
669 1159 838 1220 meminisse
862 1158 964 1220 dolore

161 1251 321 1330 Temporis
343 1248 446 1330 illius,
469 1266 528 1327 quo
552 1247 673 1308 Graium
696 1264 824 1328 marus,
845 1245 973 1309 AchiHes

162 1335 349 1401 Procubuit!
373 1354 429 1398 nec
451 1354 499 1397 me
522 1335 660 1397 lacrimae
682 1334 816 1397 luotusve
839 1337 964 1398 timorve

162 1427 355 1507 Tardarunt,
378 1426 451 1505 quin
474 1441 583 1504 corpus
605 1423 697 1485 humo
720 1421 846 1484 sublime
868 1424 1030 1485 referrem.

163 1514 220 1577 His
234 1516 369 1595 amris,
387 1512 455 1594 lris,
473 1515 594 1592 inquam
602 1559 612 1594 ,
630 1512 743 1573 umens
758 1529 812 1591 ego
827 1510 1088 1594 corpusculum,

90 1613 149 1666 285
163 1603 205 1664 Et
227 1602 314 1664 simul
333 1618 414 1662 mma
432 1600 508 1662 tuli.
540 1618 615 1680 quae
635 1618 715 1661 nnnc
734 1616 852 1678 quoque
871 1599 951 1661 ferre
969 1598 1084 1661 laboro.

167 1691 246 1753 Sunt
268 1689 362 1771 mihi,
385 1706 462 1768 quae
483 1687 598 1750 valeant
620 1690 652 1749 in
674 1687 742 1750 talia
764 1688 896 1767 pondera
908 1734 918 1769 ,
940 1689 1034 1750 vires.

164 1779 221 1840 Est
243 1780 358 1840 animus
382 1784 463 1839 certe
486 1785 602 1839 vestros
625 1794 769 1839 sensurus
792 1775 938 1838 honoras.

167 1865 288 1929 Scilicet
310 1867 423 1939 idcirco
443 1883 498 1946 pro
521 1872 609 1945 gnato
634 1863 751 1926 caerula
773 1871 868 1926 mater

166 1954 329 2017 Ambitiosa
352 1971 406 2017 suo
430 1954 487 2015 mia
499 2000 508 2035 ,
531 1962 566 2014 ut
587 1953 726 2015 caelestia
748 1952 842 2034 dona,
881 2014 884 2019 ,

93 2056 152 2108 800
166 2043 249 2107 Artis
271 2059 346 2123 opus
368 2048 490 2124 tantae,
513 2041 596 2102 molis
620 2049 652 2102 et
673 2043 737 2103 sine
759 2049 881 2121 pectore
904 2039 989 2103 miles

167 2126 339 2193 lnduereti
361 2147 459 2209 aeque
482 2131 562 2190 enim
585 2129 674 2209 clipei
696 2128 856 2190 caelamina
878 2131 975 2211 norit,

168 2218 321 2281 Oceanum
344 2225 375 2279 ct
396 2225 492 2279 terras
515 2234 644 2296 cumque
668 2215 726 2278 alto
750 2216 847 2278 sidera
870 2216 974 2299 caelo,

166 2304 383 2387 Pleiadasque,
404 2304 607 2387 Hyadesque,
625 2307 838 2384 inmunemque
860 2306 998 2384 aequoris
1035 2328 1041 2339 ·

961 2392 1072 2456 Arcton

167 2482 364 2563 Diversaeque
386 2481 477 2544 uoles
489 2530 499 2564 ,
522 2480 709 2562 nitidumque
733 2480 851 2543 Orionis
874 2498 993 2543 ensem.
1081 2439 1091 2475 '

94 2583 153 2636 808
167 2571 325 2653 Postulat,
348 2579 382 2634 nt
405 2572 502 2651 capiat
513 2618 523 2652 ,
546 2587 621 2649 quac
645 2588 705 2632 non
728 2568 894 2649 intellegit,
917 2586 1014 2631 arma.

167 2659 247 2733 omn
271 2658 350 2740 quad
373 2676 423 2721 me
445 2658 513 2721 duri
535 2660 699 2738 lugientem
721 2674 845 2720 munera
868 2655 937 2719 mlii

167 2749 274 2829 Argult
295 2750 422 2829 incepto
438 2765 538 2809 serum
561 2748 724 2809 accessisse
743 2745 855 2827 labori,

168 2836 231 2901 Nec
255 2853 287 2897 se
310 2837 497 2918 magnanimo
519 2834 697 2897 maledicere
720 2837 812 2897 sentit
833 2830 965 2896 lehun?

169 2924 202 2986 Si
225 2924 379 2987 simulasse
401 2941 489 2985 vocas
512 2926 648 3005 crimen,
671 2921 873 2985 simulavimus
896 2921 999 2985 ambo.

97 3024 155 3078 800
170 3012 203 3075 Si
225 3030 309 3074 mora
331 3030 387 3093 pro
409 3012 496 3093 eulpa
518 3020 565 3074 est
577 3060 586 3094 ,
609 3029 666 3092 ego
689 3029 755 3072 sum
778 3012 923 3073 maturior
945 3010 1012 3072 illo.

167 3101 217 3163 lle
238 3102 286 3181 pla
309 3100 437 3163 detinuit
459 3102 589 3161 coniunx
601 3147 611 3181 ,
633 3101 681 3180 pia
703 3106 799 3162 mater
822 3098 983 3180 Achillem3

168 3188 327 3268 Primaque
352 3196 423 3251 sunt
444 3186 502 3250 illis
525 3187 592 3250 data
614 3195 772 3269 tempora,
795 3195 894 3250 cetera
917 3185 1017 3249 robis.

169 3276 254 3340 Haud
277 3278 390 3361 timeo,
413 3278 440 3338 sl
461 3279 519 3339 iam
542 3293 660 3355 nequeo
684 3274 868 3357 defendere,
890 3276 1005 3345 crimen

169 3363 245 3429 Graan
267 3372 349 3428 tanto
373 3382 531 3428 commune
552 3365 638 3426 viro.
667 3363 834 3445 deprensus
856 3361 951 3424 Ulixis

98 3464 155 3518 800
169 3452 292 3533 Ingenio
316 3462 415 3515 mmen
438 3453 510 3515 ille:
533 3461 563 3515 at
585 3470 647 3514 non
669 3453 768 3513 Aiacis
790 3450 907 3513 Ulixes.

168 3540 249 3605 Nero
272 3543 304 3604 ln
326 3559 374 3604 me
397 3541 520 3605 stolidae
544 3543 677 3604 convicia
699 3538 825 3603 lundam
847 3539 964 3620 linguae
