2467 4042
202 224 268 292 208
611 226 797 279 nxnoaro

335 390 374 453 Et
397 390 516 470 longum
540 389 644 451 GetIco
667 408 803 453 murmur
825 392 856 452 in
881 410 931 454 ore
950 393 1026 454 init.

291 479 387 559 Atque
412 479 517 559 aliquis
541 475 669 541 ‘scribas
691 478 765 541 haec
787 497 855 540 oum
880 479 917 541 de
940 478 1109 563 Caesare',

840 566 914 629 dixit
1171 587 1218 637 (aaa)

336 652 486 717 ‘Caesaris
509 657 635 735 imperio
657 654 861 717 restituendus
884 674 949 716 eras
960 652 979 716 .'

292 744 344 805 lile
367 744 486 823 quidem
510 743 605 804 dixit.
647 744 698 804 sed
723 761 769 803 mc
793 745 873 824 iam,
896 744 992 824 Care,
1016 747 1120 809 nivali

243 845 278 894 40
336 832 424 893 Sexta
448 832 610 910 relegatum
633 830 740 893 bruma
762 830 817 892 suh
841 849 894 892 axe
918 832 1015 894 videt.

292 920 428 981 Carmina
450 919 492 980 nil
515 928 662 999 prosunt.
701 927 868 981 nocuerunt
891 923 1023 981 carmina
1050 925 1215 1003 quondan,

336 1009 494 1087 Primaque
517 1015 577 1068 tam
599 1010 726 1069 miserae
749 1025 837 1069 eausa
861 1008 945 1069 fuere
969 1008 1080 1088 fugae.

292 1096 330 1158 it
351 1106 407 1177 tu,
430 1114 483 1176 per
506 1096 598 1157 studii
621 1098 788 1157 communia
811 1096 930 1157 foedera
952 1098 1055 1180 sacri,

336 1184 394 1247 Per
417 1202 476 1245 non
498 1184 554 1244 viie
576 1183 633 1246 tibi
655 1202 763 1246 nomen
786 1185 949 1264 amIcitiae3

245 1284 278 1335 45
294 1274 344 1334 Sir
367 1282 452 1352 capto
475 1271 566 1333 Latiis
589 1272 783 1333 Germanicus
805 1273 890 1333 hoste
914 1274 1028 1334 catenis

336 1360 489 1421 Materiam
512 1362 619 1421 vestris
642 1360 756 1421 adserat
778 1361 922 1438 ingenim:

294 1448 343 1511 Sic
365 1447 480 1509 valeant
502 1450 610 1529 pueri,
633 1456 734 1509 votum
757 1466 913 1509 commune
936 1448 1086 1531 deorum,

338 1537 419 1608 Quos
441 1537 505 1597 iaus
527 1537 697 1598 iormaudos
721 1545 766 1597 est
789 1535 844 1597 tibi
867 1554 970 1615 magna
993 1537 1108 1601 datosa

294 1625 409 1698 Quanta
432 1633 538 1704 potes,
561 1623 671 1703 praebe
694 1632 812 1685 nostrae
836 1631 984 1684 momenta
1006 1625 1129 1704 saluti,

246 1726 279 1777 co
338 1713 419 1784 Quae
441 1715 500 1775 nisi
522 1720 635 1774 mutato
659 1711 739 1773 nulla
761 1713 862 1774 iutura
884 1710 949 1772 loco
973 1719 1041 1776 est.

646 1904 761 1977 XIIII.

294 2066 373 2128 Haec
396 2066 451 2127 tibi
473 2066 655 2145 mittuntur,
679 2082 768 2143 quem
791 2081 857 2125 sum
881 2064 969 2124 modo
992 2068 1139 2131 carmine

842 2159 964 2231 questus
1229 2155 1230 2162 ’

338 2241 402 2303 Non
426 2249 527 2320 aptum
549 2242 683 2303 numeris
705 2258 814 2301 nomen
836 2239 945 2301 habere
968 2242 1065 2303 meis:

293 2330 328 2392 In
351 2330 481 2410 quihus,
505 2336 628 2410 excepto
652 2328 731 2408 quod
754 2328 851 2389 adhue
878 2335 1044 2407 utcumque
1069 2331 1217 2408 varamus,

339 2418 387 2479 Nii
399 2465 408 2499 ,
431 2436 478 2480 me
502 2426 656 2498 praeterea
680 2416 758 2496 quod
782 2419 884 2496 iuret,
906 2418 1061 2480 invenies.

264 2507 361 2588 oIpsa
384 2524 501 2586 quoque
525 2513 572 2566 est
600 2506 695 2566 invisa
717 2504 818 2586 salus,
846 2512 974 2584 suntque
1002 2504 1120 2570 ultima
1145 2519 1217 2586 voa,

340 2595 479 2666 Quolibet
502 2612 537 2655 ax
560 2594 627 2654 istis
650 2592 764 2655 scilieet
786 2595 830 2653 ire
854 2592 943 2653 iocis.

294 2682 380 2744 Nulla
403 2682 475 2743 mihi
498 2700 570 2743 cura
593 2688 660 2762 est,
683 2689 763 2744 terra
787 2698 845 2759 quo
869 2688 966 2741 muter
990 2679 1028 2740 ab
1054 2683 1142 2768 ista,

339 2769 400 2831 Hac
423 2771 513 2850 quia,
537 2788 625 2849 quam
648 2769 755 2849 video,
778 2769 889 2848 gratior
912 2770 1008 2829 omnis
1033 2772 1121 2834 erit.

295 2858 328 2919 in
352 2858 463 2919 medias
487 2857 611 2937 Syrtes,
634 2856 760 2919 mediam
784 2874 847 2918 mea
871 2856 934 2917 vela
957 2855 1142 2937 Charybdin
1175 2873 1228 2934 uu

248 2959 282 3010 10
340 2945 469 3027 Mittite,
491 2948 642 3026 praesenti
664 2946 734 3007 dum
758 2962 911 3006 careamus
932 2943 1044 3005 humo

296 3035 367 3116 Styx
391 3052 531 3116 quoque,
555 3032 653 3114 siquid
677 3051 711 3095 ea
734 3040 802 3114 est,
824 3032 900 3094 bene
924 3032 1176 3100 commutabitur

843 3120 962 3202 Histr03

341 3211 445 3291 Siquid
469 3218 499 3272 ct
521 3211 669 3293 iuferius,
692 3227 780 3290 quam
804 3208 915 3290 Styga,
938 3207 1073 3271 mundus
1101 3213 1210 3276 habet

296 3299 433 3361 Gramina
457 3298 555 3360 cuitus
579 3317 670 3379 ager,
694 3299 788 3377 frigus
812 3298 911 3359 minus
934 3295 998 3357 odit
1020 3297 1188 3384 hirundo,

339 3387 477 3448 Proxima
499 3385 660 3448 Marticolis
684 3404 772 3466 quam
794 3385 859 3447 loca
881 3385 959 3446 Naso
983 3383 1092 3450 Getis.

250 3483 282 3532 15
297 3471 377 3533 Talia
401 3484 579 3535 succensent
595 3480 725 3554 oropter
746 3472 820 3534 mihi
842 3473 932 3535 verba
954 3471 1122 3559 Tomitae,

340 3558 462 3638 Iraque
469 3559 650 3622 carminibus
672 3559 791 3639 publica
810 3569 888 3622 mota
912 3556 1003 3622 meis.
