2467 4042
144 203 212 270 200
305 220 471 273 maurannus
560 200 739 259 imam,

169 369 275 434 siniit
296 370 368 433 eatis
390 366 522 449 inpulsas
544 370 700 448 temptavit
720 368 828 450 pollice
850 371 970 435 chorda

234 458 274 521 Et
296 459 390 520 sensit
412 458 509 521 varios
520 503 530 539 ,
553 458 687 537 quamde
709 457 826 520 diversa
848 470 1002 543 sonarent,

236 546 423 609 Concordare
444 543 571 626 modos,
593 545 651 608 hoe
673 563 778 609 rocem
799 551 929 611 carmine
950 551 1084 613 morit·

235 632 290 697 ab
313 633 404 715 love,
426 632 511 696 Musa
532 650 728 714 parens-
653 680 663 716 ,
685 635 863 698 -cedunt
884 636 959 699 loris
981 640 1113 700 omnia

996 745 1123 806 regno
1156 761 1208 774 -

234 811 371 876 cunina
394 819 497 874 nostra
518 830 625 874 more
652 811 729 875 loris
751 821 799 875 est
819 813 893 876 mihi
914 831 1004 895 saepe
1026 824 1207 895 potestas

170 915 221 965 loo
234 901 319 965 Dicta
340 902 448 982 prins.
471 902 568 963 cecini
589 900 705 981 plectro
728 903 863 981 graviore
885 901 1027 1008 Gigantas

235 990 403 1072 Sparsaque
425 988 595 1070 Phlegraeis
618 991 752 1051 victricia
773 989 897 1052 fltlmim
920 994 1057 1071 campis.

234 1079 321 1142 Nunc
344 1095 419 1159 opus
441 1086 488 1143 est
509 1077 620 1139 leviore
642 1077 727 1161 lyra„
749 1097 920 1159 puerosque
942 1097 1105 1142 canamus

235 1167 364 1230 Dilectus
387 1167 527 1248 superis,
548 1168 792 1247 inconcessisque
814 1167 928 1247 puellas

234 1255 356 1341 Ignibus
379 1256 518 1318 attonitas
540 1256 688 1316 meretisse
709 1255 832 1317 libidine
854 1268 1003 1336 poenam.

170 1356 220 1408 iod
279 1343 343 1405 Rex
370 1360 513 1424 superum
534 1342 656 1423 Phrygii
682 1344 831 1423 quondam
853 1343 1035 1425 Ganymedis
1064 1364 1197 1412 amore

234 1433 337 1515 Arsit,
359 1440 391 1494 et
412 1433 565 1493 inventum
588 1438 635 1494 est
661 1431 794 1513 aliquid,
816 1431 896 1512 quod
919 1432 1060 1513 luppiter
1087 1455 1198 1521 esse,

235 1523 330 1595 Quam
344 1519 424 1600 quod
438 1527 519 1602 erat,
532 1518 649 1582 mallet.
668 1520 749 1582 uuila
761 1528 861 1582 tamen
875 1520 943 1582 alite
958 1526 1040 1585 serti
1058 1537 1081 1580 ι.
1094 1486 1198 1584 naas?

234 1610 401 1690 Dignatur,
423 1610 482 1670 nisi
504 1625 580 1688 qnae
602 1616 706 1690 posset
727 1626 782 1671 sna
803 1608 928 1671 fulmina
949 1609 1054 1674 ferre.

234 1699 296 1761 Nee
319 1715 402 1759 mora
414 1746 424 1779 ,
446 1715 589 1777 percusso
612 1696 804 1759 mendacibus
827 1702 896 1759 aere
918 1700 1028 1778 pennis

170 1801 222 1851 loo
236 1786 353 1866 Abripit
374 1785 507 1868 Iliaden,
530 1786 581 1864 qni
603 1804 684 1847 nune
707 1803 826 1866 quoque
848 1785 955 1866 poeula
977 1790 1115 1873 miscet,

235 1875 388 1955 Inritaque
411 1873 473 1936 Iovi
495 1881 599 1937 nectar
621 1873 734 1935 lunone
758 1875 922 1936 ministrat.

279 1962 322 2025 'ie
346 1980 487 2045 quoque,
509 1960 700 2044 Amyciaide,
722 1964 873 2043 posuisset
893 1964 926 2023 in
948 1963 1079 2028 aethere

1000 2052 1165 2120 Phoebus

235 2142 344 2205 Tristia
367 2143 394 2203 si
416 2140 544 2220 spatium
567 2138 698 2218 ponendi
719 2139 779 2201 iata
802 2139 969 2202 dedissent.
1172 2108 1185 2143 ⁹

236 2231 302 2303 Qua
323 2230 415 2309 licet,
438 2235 578 2289 aeternus
601 2234 702 2289 tamen
724 2245 780 2290 es:
803 2230 999 2309 quotiensque
1022 2233 1163 2311 repolire

173 2318 295 2383 lonver
317 2317 469 2397 hiemem,
490 2314 630 2395 Pisoique
652 2315 738 2376 Aries
761 2316 896 2378 succedit
916 2334 1028 2396 aquoso
1039 2367 1051 2401 ,

235 2406 281 2469 Tu
304 2407 414 2468 totiens
438 2406 556 2486 oreris,
577 2402 725 2482 viridique
746 2405 779 2466 in
802 2407 931 2485 caespite
952 2405 1066 2470 flores.

235 2494 278 2557 Te
301 2511 386 2556 meus
409 2500 477 2556 ante
501 2509 605 2554 omnes
627 2494 744 2571 genitor
766 2492 890 2575 dilexit,
912 2501 944 2555 et
964 2493 1040 2555 orbe

235 2583 270 2645 ln
293 2582 392 2644 medio
413 2582 504 2662 positi
526 2589 690 2643 caruerunt
710 2582 847 2660 praeside
869 2580 992 2664 Delphi,

235 2671 313 2734 Dum
334 2670 409 2733 deus
431 2668 566 2732 Eurotan
588 2670 824 2748 inmunitamque
846 2669 1018 2749 frequentat

170 2772 222 2823 iro
236 2760 386 2840 Sparten.
413 2776 469 2820 nec
492 2756 623 2819 citharae
645 2775 702 2819 nec
725 2765 796 2819 sunt
821 2759 853 2818 in
880 2757 993 2820 honore
1017 2763 1176 2842 sagittae:

235 2848 385 2910 Inmemor
406 2848 472 2926 ipse
495 2848 543 2908 sui
565 2863 625 2909 non
649 2847 724 2906 retia
746 2845 827 2907 ferre
850 2854 986 2929 recusat,

235 2935 302 2998 Non
325 2937 457 2997 tenuisse
481 2951 591 3017 canes,
614 2951 675 2995 non
692 2951 748 3013 per
769 2936 838 3014 iuga
860 2937 970 2996 montis
992 2937 1094 3017 iniqui

235 3024 298 3086 lese
321 3022 611 3105 comes310ngaque
635 3021 687 3083 alit
708 3023 899 3085 assuetudine
921 3022 1075 3087 flammas.

235 3112 356 3193 lamque
379 3111 443 3173 fere
466 3109 583 3175 medius
606 3109 694 3199 Titan
717 3112 863 3172 venientis
886 3118 917 3172 et
939 3121 1022 3174 actae

173 3213 223 3263 iro
237 3201 340 3263 Noctis
364 3207 428 3261 erat
439 3201 628 3281 ,spatioque
651 3189 717 3278 pari
739 3198 867 3261 distabat
888 3192 1106 3280 utrimquet'

237 3289 370 3370 Corpora
392 3296 475 3350 veste
497 3286 618 3369 levant,
641 3294 672 3348 et
694 3304 767 3348 suco
788 3290 908 3367 pinguis
930 3288 1000 3350 olivi

237 3376 456 3456 Splendescunt
467 3423 478 3458 ,
499 3374 610 3454 latique
634 3376 740 3437 ineunt
762 3378 924 3438 certamina
944 3376 1039 3441 disci.

238 3464 334 3536 Quem
356 3466 440 3543 prius
464 3466 558 3525 aerias
581 3461 723 3525 libratum
744 3463 884 3527 Phoebus
905 3466 937 3526 in
960 3482 1049 3528 auras

163 3553 167 3561 '
237 3551 338 3632 Misitq
361 3559 392 3612 et
414 3554 564 3632 oppositas
587 3550 706 3614 disiecit
727 3552 858 3632 pondere
880 3551 995 3616 nubes.
