2467 4042
473 224 487 279 1
497 263 507 293 ,
527 229 665 281 tta-251
677 265 683 280 .
822 243 924 281 cronon
1066 226 1084 288 ‘l

76 407 137 459 215
155 394 372 456 Enumerare.
399 393 497 453 minor
520 391 580 452 tuit
600 392 665 470 ipsa
686 390 806 451 Mancia
824 407 912 451 vero.

155 481 293 544 blaenala
316 481 492 541 transieram
515 478 637 540 latebris
657 478 805 540 horrenda
828 479 959 541 feroran

157 571 199 633 Et
222 587 293 631 cnm
317 567 436 647 Cyllene
457 567 549 647 gelidi
570 568 672 647 pineta
693 566 817 646 Lycaei:

159 658 287 720 Arcadis
310 656 381 717 binc
404 655 490 717 sedas
513 664 545 717 et
565 655 716 735 inhospita
737 664 816 717 tecta
838 657 956 735 tyranni

160 745 321 827 Ingredior
332 792 342 825 ,
365 744 521 806 traherent
540 762 610 806 cnm
633 761 700 804 sera
718 743 894 823 crepuscula
916 752 1052 807 noctem.

82 849 145 899 220
164 836 257 915 Signa
279 832 372 913 dedi,
395 834 511 894 vonisse
533 831 625 893 mum
637 878 647 913 ,
669 831 834 911 vulgusque
856 834 973 912 precari

162 924 332 1002 Coeperat.
359 919 466 982 irridet
487 922 584 1000 prino
606 922 655 1000 pia
677 928 745 981 vota
767 918 902 1001 Lycaon,

161 1012 231 1073 Mox
254 1012 296 1071 ait
320 1005 503 1090 “experiar,
525 1008 607 1071 deus·
622 1008 693 1090 bic,
715 1007 887 1069 discrimine
910 1016 1031 1090 aperto,

163 1100 209 1161 Aa
233 1100 274 1160 slt
296 1097 451 1158 mortalis.
478 1114 536 1158 nec
558 1099 616 1159 erit
638 1095 801 1158 dubitabile
822 1092 968 1158 verum?

163 1188 261 1248 Nocte
282 1202 403 1265 gramm
424 1203 529 1247 somam
552 1187 698 1265 necopina
719 1184 846 1263 perdere
869 1193 966 1246 morte

88 1288 147 1338 aad
163 1276 212 1336 Me
235 1282 342 1354 parat:
364 1273 437 1335 baec
458 1273 502 1334 illi
523 1273 621 1353 placet
643 1274 824 1353 experientia
846 1274 926 1335 teri.

163 1363 229 1424 Nec
252 1370 412 1424 contentus
435 1379 493 1444 eo,
516 1364 600 1423 missi
622 1361 659 1422 de
682 1368 770 1440 gente
792 1360 919 1422 blolossa

163 1450 285 1513 Obsidis
307 1452 398 1512 nnius
419 1449 555 1529 iugulum
576 1467 720 1510 mucrone
738 1448 877 1530 resolvit,

162 1541 262 1618 Atque
283 1540 329 1599 its
350 1540 515 1599 semineces
537 1539 647 1617 partim
668 1535 853 1598 serventibus
875 1545 958 1599 artus

162 1626 260 1687 llollit
282 1627 391 1708 aquis,
413 1627 522 1706 partim
543 1625 680 1687 subiecto
702 1627 813 1687 torruit
834 1626 913 1705 igni.

90 1728 149 1779 aaa
164 1715 250 1786 Quos
268 1713 359 1776 simul
380 1716 513 1794 inposuit
534 1716 670 1796 mensis,
692 1732 746 1794 ego
769 1712 885 1774 vindice
907 1713 1023 1775 bamma

164 1802 199 1864 ln
225 1801 379 1863 dominnm
402 1801 567 1881 dignosque
590 1803 685 1864 everti
706 1809 787 1863 tecta
808 1801 953 1865 Penates.

50 1883 58 1898 '
163 1891 306 1952 Territus
327 1893 393 1970 ipse
416 1890 514 1972 fugit,
537 1898 703 1968 nactusque
725 1890 843 1951 silentia
864 1893 945 1951 ruris

162 1977 307 2039 Exnlulat
319 2025 328 2058 ‚
351 1979 522 2057 frustraque
545 1978 628 2057 loqui
650 1986 797 2059 conatur3
820 1977 857 2039 ab
879 1981 945 2058 ipso

164 2066 287 2145 Colligit
309 2084 343 2126 os
366 2065 501 2148 rabiem,
524 2065 688 2145 solitaeque
712 2066 851 2146 cupidine
874 2066 973 2128 caedis

95 2166 151 2219 285
164 2154 301 2216 Vertitur
314 2156 346 2214 in
359 2154 492 2233 pecudes
503 2202 513 2236 ‚
531 2164 562 2216 et
575 2172 657 2217 nunc
670 2171 789 2234 quoque
804 2157 948 2234 sangmm
965 2155 1091 2237 gaudet3

164 2244 201 2304 ln
223 2241 309 2303 villos
332 2240 443 2303 meunt
465 2250 585 2323 vestes,
607 2244 640 2304 ia
662 2260 751 2305 crura
772 2241 893 2305 lacerti:

165 2331 217 2391 Fit
237 2330 350 2411 lupus,
373 2338 404 2391 et
425 2333 534 2393 veteris
557 2339 656 2392 servat
677 2331 801 2410 vestigia
823 2331 953 2394 formae.
1012 2344 1035 2386 s.
1051 2345 1086 2387 vr.

166 2418 300 2480 Canities
321 2418 425 2479 eadem
448 2427 494 2480 est
506 2467 516 2500 ,
538 2419 641 2481 eadem
665 2420 802 2481 violentia
824 2419 942 2501 vultus,

166 2505 251 2567 ldem
274 2506 354 2568 oculi
375 2505 477 2568 lucent
489 2554 499 2588 ,
522 2507 625 2568 eadem
648 2508 775 2570 tenutis
795 2509 910 2586 inrogo.
1017 2509 1025 2520 “

100 2607 157 2657 ato
171 2593 290 2656 Occidit
310 2612 370 2655 una
392 2594 521 2657 domus:
544 2595 596 2657 sed
620 2613 679 2658 non
703 2595 808 2657 domus
831 2614 890 2657 nna
912 2597 1012 2676 perire

168 2682 263 2761 Digna
285 2683 364 2744 tuit:
387 2700 446 2763 qua
466 2692 547 2744 terra
569 2692 652 2764 patet
664 2730 674 2765 ,
696 2683 759 2745 iera
781 2692 887 2763 regnat
908 2682 1034 2764 Erinys3

168 2770 203 2832 ln
225 2771 342 2832 facinus
353 2773 469 2832 iurasse
491 2781 601 2851 putes.
629 2771 702 2834 dent
724 2774 807 2833 ocius
830 2789 934 2833 omnes

169 2858 251 2929 Quas
273 2876 411 2920 manere
433 2861 517 2942 pati,
540 2861 585 2921 sic
606 2868 666 2922 stat
687 2862 856 2942 sententia,
878 2854 1021 2940 poenas?

169 2945 256 3008 Dicta
277 2945 355 3007 loris
376 2965 445 3027 pars
468 2966 539 3010 soce
562 2946 691 3029 probant
712 2949 909 3028 stimulosque
931 2949 1072 3011 trementi

103 3046 155 3098 alb
169 3033 332 3117 Adiciunt,
353 3035 404 3097 alii
424 3043 525 3115 partes
547 3034 720 3098 assensibus
741 3036 883 3117 implent.

171 3121 227 3184 Est
248 3131 348 3184 tamen
371 3123 493 3186 humani
515 3127 634 3205 generis
656 3128 769 3187 iactura
793 3125 889 3186 dolori

170 3210 339 3293 Omnibus,
359 3220 413 3294 et,
436 3229 511 3292 quae
534 3215 574 3276 sit
595 3222 693 3275 terrae
716 3212 891 3275 mortalibus
914 3211 1003 3275 orbae

168 3298 274 3360 Forma
299 3300 421 3381 lutura,
444 3310 572 3381 rogant:
594 3305 662 3382 quis
685 3303 725 3363 sit
746 3302 862 3363 laturus
884 3304 916 3362 in
938 3320 1004 3363 aras

169 3383 280 3449 Tura?
302 3389 415 3450 ferisne
437 3399 523 3469 paret
543 3390 728 3471 populandas
750 3389 869 3452 tradere
891 3386 1014 3451 terras?

104 3486 156 3538 abo
169 3474 251 3537 Talia
273 3484 474 3560 quaerentes,
497 3477 554 3539 sibi
577 3482 657 3540 enim
674 3479 739 3540 lore
763 3488 862 3540 cetera
885 3496 992 3560 curae,

168 3562 233 3625 Rex
256 3582 398 3645 superum
420 3567 570 3647 trepidare
592 3574 673 3629 vetat
685 3615 694 3648 ‚
717 3566 910 3647 subolemque
933 3567 1028 3647 priori
