2467 4042
450 232 496 304 Π,
516 238 672 289 toa-tao.
799 253 900 290 sarnus
1022 236 1064 298 41

57 415 121 465 oso
135 401 353 480 Nobilinmque
375 418 481 481 greges
505 408 606 462 custos
630 399 765 461 servabat
788 418 948 480 equarum.

136 490 229 554 llunc
252 492 353 551 timuit
365 537 375 571 ,
396 488 562 568 blandaque
585 507 675 550 manu
699 489 838 570 seduxit,
862 497 892 550 et
913 488 955 549 llli

139 575 299 657 ‘Quisquis
322 596 378 659 es,
399 576 508 656 hospes
517 572 538 658 ‚’
561 579 602 637 ait
625 572 663 637 ‘si
681 578 758 638 forte
778 587 911 642 armenta
933 579 1067 656 requiret

137 666 224 728 Haec
247 666 377 747 aliquus,
398 666 507 726 vidisse
529 682 628 744 nega:
650 683 709 727 neu
732 667 826 744 gratia
849 667 927 727 facto

139 754 229 815 Nulla
252 753 457 834 rependatur,
479 753 603 814 nitidam
627 771 699 834 cape
721 756 852 833 praemia
874 749 1022 836 vaccam,’

64 855 125 907 est
137 841 183 904 Et
204 842 309 904 dedit.
335 850 456 921 accepta
478 859 566 903 voces
589 841 643 902 has
666 841 817 923 reddidit,
841 837 979 923 ‘hospes,

138 931 240 993 Tutus
262 948 335 991 eas.
361 929 436 1009 lapis
459 932 516 991 iste
538 931 624 1010 prius
646 938 697 991 tua
719 931 799 992 furta
821 926 971 1009 loquetur'

139 1018 183 1081 Et
203 1018 331 1098 lapidem
354 1019 505 1079 ostendit.
532 1017 652 1079 simulat
673 1018 741 1080 lore
764 1026 852 1080 natus
874 1017 974 1098 abire,

140 1107 211 1167 lior
234 1107 314 1168 redit
337 1114 367 1167 et
385 1124 470 1167 versa
491 1109 604 1186 pariter
628 1124 696 1168 curu
714 1115 786 1168 vo'ce
809 1107 904 1185 ligura

141 1191 302 1277 ‘Rustice,
323 1193 424 1255 vidisti
446 1196 546 1273 siquas
568 1195 627 1255 hoc
648 1190 754 1257 limite'
777 1195 869 1256 dixit'

69 1296 125 1346 too
145 1279 208 1344 ‘lre
230 1283 345 1364 hores,
367 1283 413 1343 fer
431 1300 541 1364 opem,
564 1284 705 1363 furtoque
728 1283 844 1344 silentia
866 1282 969 1344 deme:

140 1372 247 1434 Iuncta
271 1389 326 1432 suo
349 1373 461 1451 paritor
482 1370 602 1433 dabitur
625 1370 679 1432 tibi
701 1372 809 1433 femina
831 1379 917 1432 tauro
928 1366 947 1431 .'

139 1461 187 1522 at·
203 1461 327 1541 senior,
349 1467 507 1538 postquam
529 1468 576 1520 est
597 1477 713 1521 merces
736 1462 904 1540 geminata,
928 1455 995 1522 ‘sub
1009 1458 1067 1522 illis

140 1542 307 1610 Montibusf
329 1550 428 1626 inquit
441 1543 543 1609 ‘erum
555 1543 575 1628 ς’
599 1555 630 1608 et
653 1556 738 1609 erant
751 1546 808 1609 sul)
822 1547 974 1609 montibus
992 1547 1067 1610 illis.

142 1636 222 1698 Risit
244 1635 426 1697 Atlantiades
448 1643 480 1697 et
503 1631 562 1697 ‘me
585 1636 658 1697 mihi
670 1682 680 1718 ,
702 1635 837 1717 perfide,
860 1633 988 1716 prodis?

74 1737 128 1787 ros
141 1724 191 1785 lle
213 1724 287 1785 nu'hi
308 1724 411 1805 prodis
423 1719 452 1783 i'
474 1725 517 1785 ait
538 1726 718 1804 periuraque
740 1732 863 1803 pectora
880 1727 970 1786 vertit
1004 1771 1007 1776 .

141 1813 177 1874 ln
199 1812 309 1874 dmum
332 1812 468 1894 silicem,
490 1814 542 1891 qui
565 1830 646 1873 nunc
669 1830 787 1892 quoqne
810 1813 920 1874 dicitur
942 1812 1049 1876 index:

142 1902 238 1980 loque
261 1899 336 1961 nlhil
357 1903 464 1961 merito
487 1909 573 1962 vetus
595 1910 643 1961 est
664 1901 784 1962 infamia
807 1918 894 1962 saxo.

186 1988 265 2050 Hinc
288 2006 320 2050 sc
344 1987 505 2050 sustulerat
526 1987 649 2069 paribus
672 1988 828 2050 Caducifer
850 1988 921 2050 alis:

142 2077 380 2157 Munychiosque
402 2076 503 2138 rolens
526 2095 613 2156 agros
635 2084 808 2157 'gratamque
831 2076 978 2137 llinerrae

77 2178 128 2228 rto
142 2164 341 2246 Despectabat
362 2164 485 2227 humum
508 2165 640 2244 emtique
664 2164 785 2228 arbusta
806 2165 912 2244 Lycei.

142 2253 195 2315 llla
218 2255 296 2316 forte
318 2254 367 2315 die
390 2261 487 2315 castae
510 2253 548 2314 de
570 2271 653 2315 more
676 2253 791 2333 puellae

142 2341 263 2404 vertice
286 2340 439 2422 subposito
462 2342 554 2402 festas
576 2344 608 2402 ln
630 2341 757 2403 Palladis
780 2359 864 2403 arces

142 2429 224 2492 Pura
247 2432 397 2491 coronatis
418 2429 577 2509 portabant
599 2448 684 2491 sacra
707 2432 863 2491 canistris.

143 2517 218 2580 lnde
241 2525 427 2579 revertentes
449 2517 524 2579 deus
547 2519 654 2597 aspicit
676 2517 759 2600 ales,
782 2522 900 2598 iterque

78 2619 128 2669 tls
143 2606 210 2668 Non
233 2608 295 2686 agit
311 2608 342 2667 in
366 2615 504 2688 rectum,
526 2606 634 2668 sedin
661 2605 765 2668 orbem
792 2614 895 2669 currat
921 2604 1067 2671 eundem.

143 2694 183 2757 Ut
206 2695 337 2756 volueris
358 2696 429 2757 risis
452 2695 638 2775 rapidissima
660 2696 770 2757 miluus
793 2697 886 2777 extis,

142 2783 220 2846 llum
243 2785 331 2845 timet
352 2791 383 2845 et
404 2782 490 2850 densi
511 2787 708 2845 cncumsmnt
730 2802 813 2846 sacra
835 2785 983 2866 ministri,

141 2871 290 2934 Flectitur
311 2873 343 2932 in
366 2889 497 2953 gyrum,
520 2890 576 2933 nec
599 2872 716 2952 longius
739 2873 827 2934 audet
850 2871 950 2952 altre,

143 2960 295 3041 Spemque
318 2976 402 3021 suam
424 2962 512 3021 motis
535 2961 638 3022 avidus
661 2961 853 3022 circumvolat
874 2959 943 3020 alis:

80 3060 129 3110 tto
143 3049 196 3111 Sic
218 3066 311 3129 super
332 3048 455 3109 Actaeas
477 3047 561 3128 agilis
585 3048 734 3128 Cyllenius
757 3067 841 3110 arces

142 3137 272 3198 inclinat
294 3154 402 3198 cursus
424 3146 455 3197 et
477 3137 596 3198 easdem
620 3137 745 3199 circinat
768 3154 872 3199 auras.

142 3224 263 3297 Quanto
286 3222 468 3304 splendldlor
490 3242 578 3304 quam
597 3233 698 3286 cetera
721 3225 818 3287 sidera
840 3224 935 3303 fulget

141 3312 288 3395 Lucifer,
310 3322 342 3374 et
364 3321 474 3392 quanto
496 3323 549 3394 te,
572 3313 715 3395 Lucifer,
738 3331 828 3375 aurea
849 3312 987 3374 Phoebe:

141 3401 238 3464 Tanto
261 3401 426 3481 virginibus
447 3404 647 3482 praestantior
669 3402 807 3464 omnihus
829 3400 924 3463 Herse
1005 3411 1010 3422 ’

80 3501 126 3552 tlt
141 3489 207 3552 lbat
229 3497 355 3569 eratque
378 3490 469 3552 decus
490 3508 616 3570 pompae
640 3493 841 3569 comitumque
863 3506 1005 3552 suarum.

141 3577 296 3658 Obstipult
319 3579 414 3639 forma
436 3578 503 3640 love
527 3589 636 3661 natus,
660 3589 691 3640 et
713 3579 833 3642 aethere
856 3578 992 3657 pendens
