2467 4042
416 223 463 276 IV.
482 234 504 275 x
519 223 638 275 tte-V.
654 226 723 276 154.
1034 219 1076 285 81

156 383 282 466 Aptior,
305 386 457 465 ingenium
481 386 573 467 mite,
596 384 732 447 Tibullus
756 387 829 447 erit.
871 390 874 397 '

158 472 255 551 Atque
278 474 391 534 utinam
415 491 540 535 numero
563 491 624 533 non
647 491 702 535 nos
726 491 858 535 essemus
881 474 912 533 iu
935 471 1010 534 istol

109 569 143 619 20
157 558 194 620 Ei
216 559 311 641 mihi,
334 578 388 621 cur
411 579 551 640 umquam
574 561 658 623 Musa
680 563 776 623 iocata
798 578 862 622 mea
886 557 948 626 estl

159 647 217 708 Sed
239 647 375 709 dedimus
399 667 532 731 poenas,
556 649 746 728 Scythicique
769 650 800 709 in
823 647 933 709 finibus
955 647 1049 710 Histri

157 733 210 795 llle
232 736 396 814 pharetrati
418 737 501 798 lusor
523 737 640 798 Amoris
664 736 765 799 abest.

159 822 244 894 Quod
269 832 429 906 superest,
452 842 593 886 numeros
617 824 653 886 ad
675 824 794 904 publica
817 825 948 886 carmina
970 824 1056 905 flexi,

158 909 197 970 Et
220 929 367 974 memores
390 915 465 974 iussi
487 915 615 974 nominis
639 930 705 974 esse
729 914 792 974 sui.

110 1009 144 1057 eo
160 998 192 1058 Si
215 1007 314 1060 tamon
337 1018 354 1061 1
377 998 461 1062 robis
485 999 614 1081 aliquis,
637 1009 696 1062 tam
720 999 834 1082 multa,
858 1003 1009 1082 requiret,

158 1085 242 1147 Unde
265 1086 391 1150 dolenda
414 1106 539 1151 canam:
570 1088 664 1150 multa
686 1087 811 1150 dolenda
832 1087 904 1149 tuli.

157 1174 222 1235 Non
246 1176 319 1236 haec
341 1178 482 1256 ingenio,
505 1195 565 1238 non
588 1177 662 1238 haec
685 1177 889 1256 componimus
912 1185 994 1238 arte:

158 1261 281 1323 Materia
304 1271 350 1325 est
372 1267 502 1344 propriis
525 1267 679 1344 ingeniosa
701 1264 803 1329 malis.

158 1348 198 1411 Et
220 1357 310 1430 quota
333 1352 468 1414 fortunae
491 1370 561 1432 pars
584 1360 630 1414 est
652 1355 684 1414 in
707 1354 837 1414 carmine
861 1349 1008 1414 nostrae?

111 1436 265 1519 soreth,
289 1442 340 1518 qui
362 1443 474 1519 patitur
497 1459 572 1520 quac
596 1458 754 1502 numerare
777 1438 892 1520 potest!

161 1524 240 1595 Quot
263 1526 386 1589 frutices
410 1528 499 1590 silvae
511 1575 521 1610 ,
545 1536 618 1608 quot
640 1528 729 1589 flavas
752 1527 879 1608 Thybris
901 1527 1046 1610 harenas,

159 1611 256 1674 llollia
279 1623 353 1694 quot
374 1615 477 1678 Martis
499 1619 632 1696 gramina
656 1634 777 1695 campus
800 1615 907 1695 habet,

160 1701 218 1763 l'ot
240 1703 315 1764 mala
337 1704 537 1786 pertulimus,
560 1723 688 1785 quorum
711 1704 856 1765 medicina
881 1705 1026 1783 quiesque

159 1788 246 1851 Nulla
268 1793 327 1853 nisi
349 1794 380 1853 in
405 1792 502 1854 studio
527 1801 573 1854 est
594 1793 806 1872 Pieridumque
829 1809 928 1853 mora.

111 1888 146 1937 35
162 1873 248 1947 ‘Quis
267 1879 339 1960 tibi,
357 1878 453 1962 Naso,
476 1881 581 1943 modus
600 1881 748 1943 lacrimosi
768 1881 906 1942 carminis
916 1875 944 1941 i’
963 1881 1078 1958 inquis:

160 1965 263 2049 idem,
287 1968 422 2030 fortunae
446 1971 497 2048 qui
520 1970 626 2031 modus
650 1969 739 2031 huius
762 1971 835 2031 erit.

160 2052 245 2124 Quod
270 2074 401 2138 querar,
428 2057 476 2119 illa
499 2057 572 2119 mihi
593 2057 682 2138 pleno
706 2058 743 2118 de
766 2058 847 2119 fonte
869 2057 1035 2138 ministrat,

160 2141 222 2205 Nec
245 2161 310 2205 mea
333 2153 404 2206 sunt
416 2192 425 2226 ,
448 2146 501 2207 fati
523 2144 612 2208 verba
635 2146 687 2207 sed
709 2148 767 2207 ista
790 2147 867 2207 moi.

160 2230 198 2290 ht
220 2231 292 2293 mihi
315 2235 341 2293 si
363 2251 432 2294 cara
454 2235 579 2313 patriam
603 2252 671 2296 cum
695 2236 820 2312 coniuge
844 2232 969 2314 reddas,

111 2327 147 2378 40
162 2317 228 2381 Sint
251 2319 350 2381 vultus
373 2320 500 2403 hilares,
523 2324 639 2402 simque
663 2321 742 2403 quod
765 2330 834 2383 anto
856 2322 915 2382 fui.

162 2405 271 2469 Lenior
294 2411 396 2471 invicti
419 2413 446 2471 si
468 2413 509 2472 sit
529 2411 602 2471 mihi
625 2411 759 2472 Caesaris
781 2412 845 2485 ira,

162 2493 298 2558 Carmina
320 2497 448 2560 laetitiae
471 2501 529 2559 iam
552 2498 607 2560 tihi
629 2498 716 2579 plena
739 2496 831 2560 dabo.

163 2584 225 2645 Nec
248 2594 345 2646 tamen
368 2596 404 2648 ut
426 2586 519 2667 lusit,
542 2604 649 2648 rursus
672 2604 738 2649 moa
761 2585 859 2647 littera
882 2585 982 2647 ludet:

162 2672 207 2734 Sit
230 2673 322 2734 semel
343 2674 393 2736 illa
415 2677 480 2736 ioco
503 2675 651 2737 luxuriata
674 2673 761 2736 meol

112 2760 246 2832 4101111
265 2760 372 2841 probet
394 2765 481 2844 ipso,
504 2782 625 2846 canam,
646 2781 759 2844 poenae
778 2762 865 2823 modo
883 2770 968 2843 parte
987 2763 1081 2824 lerata

160 2849 330 2912 Barbariam
353 2852 465 2930 rigidos
488 2853 685 2932 edrrgiamque
709 2852 816 2914 Getas.

160 2936 278 2999 Interea
300 2941 397 2999 nostri
420 2939 490 3018 quid
514 2949 601 3019 agant
613 2987 623 3021 ,
646 2943 704 3002 nisi
726 2942 834 3019 triste,
857 2935 975 3000 libelli?

160 3023 245 3086 'libia
268 3025 424 3087 funeribus
447 3031 585 3088 convenit
607 3031 665 3089 ista
687 3031 779 3089 meis.

161 3107 211 3173 ‘at
232 3108 364 3191 poteras'
386 3115 487 3192 inquis
510 3110 628 3176 ‘melius
651 3114 726 3175 mala
750 3115 829 3175 ferre
853 3112 983 3193 silendo,

113 3208 147 3258 oo
161 3198 199 3261 Et
221 3202 330 3262 tacitus
354 3218 441 3262 casus
464 3201 650 3263 dissimulare
673 3197 761 3263 tuos?

159 3287 284 3369 Exigis,
307 3297 341 3350 ut
364 3287 437 3350 nulli
459 3291 587 3368 gemitus
610 3297 759 3350 tormenta
782 3294 961 3369 sequantur,

160 3377 349 3456 Acceptoque
373 3378 454 3457 gravi
478 3377 599 3439 vulnere
622 3377 695 3439 llere
717 3374 825 3440 vetas?

159 3464 226 3544 lpse
249 3464 376 3527 Perilleo
399 3464 533 3528 Phalaris
555 3468 693 3547 permisit
714 3469 746 3528 in
768 3483 837 3528 aere

158 3553 257 3616 Edere
280 3556 412 3635 mugitus
435 3563 465 3618 et
487 3554 572 3617 bovis
594 3573 647 3617 ore
671 3557 773 3635 queri.

124 3663 273 3708 11111111
905 3657 921 3708 6
