2467 4042
453 240 476 291 1.
494 250 517 292 x
531 242 636 292 19-x1
650 241 693 292 35.

542 435 604 510 XI.

157 579 271 641 Littera
294 596 499 659 quaecumque
523 586 569 639 ost
592 585 655 639 toto
678 577 733 640 tibi
755 577 831 639 lecta
853 577 972 661 libello,

158 667 213 730 Est
234 667 308 730 mibi
331 667 457 729 sollicito
480 675 615 746 tempore
639 666 716 727 facta
738 669 811 730 viae.

158 757 217 816 dut
234 757 308 818 baec
326 775 392 837 me,
410 755 507 835 gelido
526 764 687 824 tremerem
706 772 774 817 eum
789 771 891 817 mense
910 753 1081 836 Decembri,

159 843 347 905 scribentem
370 844 476 905 mediis
498 841 608 904 Hadria
630 843 704 904 vidit
727 846 830 921 aquis:

126 933 238 1013 esur,
257 942 414 1012 postquam
432 932 576 993 bimarem
595 939 686 992 eursu
705 933 911 1010 superavimus
929 930 1082 1014 Isthmon,
1167 984 1170 990 .

159 1020 319 1100 Alteraque
343 1029 390 1082 est
412 1026 532 1082 nostrae
556 1026 673 1099 sumpta
697 1022 796 1081 carina
819 1020 923 1102 fugae,

160 1107 245 1179 Quod
269 1107 399 1170 iacerem
421 1126 527 1170 versus
549 1110 629 1168 inter
651 1109 716 1169 iera
737 1125 891 1170 murmura
912 1111 1016 1191 ponti,

158 1195 299 1276 Cycladas
321 1196 454 1276 Aegaeos
477 1196 656 1275 obstipuisse
679 1204 771 1276 puto.

157 1282 224 1362 lpse
248 1303 302 1364 ego
325 1302 406 1347 nuno
429 1286 521 1345 miror
544 1286 635 1345 tantis
658 1285 807 1363 animique
830 1286 980 1364 marisque

115 1382 148 1432 10
163 1371 318 1433 Fluctibus
340 1375 493 1451 ingenium
515 1389 576 1433 non
599 1372 743 1433 cecidisse
767 1391 883 1434 meum.

161 1458 221 1520 Seu
245 1468 350 1539 stupor
372 1458 442 1521 bnio
466 1459 587 1542 studio,
610 1462 673 1521 sire
697 1468 744 1522 est
765 1463 879 1521 insania
901 1478 1028 1542 nomen,

161 1547 264 1608 Omnis
287 1548 323 1608 ab
347 1547 402 1609 hac
426 1566 498 1609 cura
520 1566 606 1609 mens
628 1548 757 1609 relevata
779 1566 845 1610 mea
868 1556 932 1610 est.

160 1635 254 1716 Saepe
278 1654 333 1715 ego
356 1636 500 1697 nimbosis
522 1636 632 1698 dubius
654 1636 784 1697 iactabar
807 1636 843 1697 ab
866 1635 993 1718 Haedis,

160 1724 255 1804 Saepe
278 1727 377 1785 minax
400 1724 543 1804 Steropes
565 1724 664 1785 sidere
687 1734 797 1804 pontus
820 1733 902 1806 eret,

113 1823 146 1871 15
161 1811 367 1892 Fuscabatqne
390 1814 469 1875 diem
492 1820 594 1874 eustos
617 1811 846 1894 Erymanthidos
870 1831 976 1894 ursae,

162 1900 221 1961 Aut
242 1899 359 1980 Hyadas
382 1903 458 1962 seris
481 1901 622 1962 hauserat
644 1909 746 1962 auster
768 1903 871 1981 aquis,

161 1986 254 2067 Saepe
278 1992 368 2050 maris
390 2007 460 2069 pars
482 1991 564 2050 intus
587 1997 673 2050 erat.
702 1996 801 2050 tamen
823 1992 888 2070 ipse
913 1990 1051 2051 trementi

161 2075 298 2138 Carmina
320 2077 465 2139 ducebam
488 2077 714 2157 qualiacumque
738 2096 844 2139 manu.

159 2163 245 2226 Nune
269 2184 388 2245 qnoque
411 2168 544 2227 contenti
567 2165 698 2226 stridunt
720 2165 857 2245 aquilone
880 2165 1043 2248 rudentes,

68 2289 71 2300 ‚
111 2263 146 2313 20
159 2252 254 2333 Inque
276 2255 397 2315 modum
420 2253 528 2316 tumuli
550 2271 678 2325 concava
701 2257 797 2332 surgit
820 2271 904 2333 aque.

163 2341 230 2421 lpse
253 2342 435 2421 gubernator
457 2341 565 2403 tollens
587 2342 623 2402 ad
647 2342 745 2402 sidera
768 2342 879 2420 palmas

160 2428 304 2508 Exposcit
325 2433 402 2491 votis
414 2479 425 2512 ,
447 2432 593 2492 inmemor
615 2433 711 2512 artis,
734 2448 838 2509 opem.

163 2516 358 2597 Quocumque
381 2520 483 2598 aspexi
494 2566 504 2601 ,
527 2519 601 2580 nibil
625 2526 672 2580 est
693 2520 752 2578 nisi
775 2518 880 2579 mortis
902 2519 1016 2600 imago,

163 2605 258 2677 Quam
281 2606 371 2668 dubia
393 2609 484 2668 timeo
507 2615 630 2689 mento,
652 2609 820 2685 timensque
843 2623 967 2685 precor.

113 2703 148 2755 26
162 2695 296 2775 bttigoro
319 2704 463 2776 portum,
485 2706 575 2776 portu
598 2696 737 2757 terrebor
759 2695 902 2775 abipso:

161 2782 233 2844 Pius
256 2783 347 2846 babet
368 2786 477 2847 infesta
499 2793 579 2846 terra
601 2786 719 2845 timoris
742 2799 835 2863 aqua.
963 2781 967 2788 ’

160 2870 234 2933 Nam
256 2873 345 2934 simul
366 2874 483 2935 insidiis
506 2872 660 2934 bominum
683 2872 839 2952 pelagique
862 2870 981 2953 laboro,

160 2958 200 3019 Et
222 2958 334 3021 iaciunt
356 2963 490 3039 geminos
512 2962 594 3021 ensis
617 2968 649 3021 et
670 2960 750 3020 unda
774 2968 888 3020 motus.

160 3045 213 3106 lile
235 3064 302 3108 meo
325 3065 432 3109 vereor
452 3066 491 3107 ne
514 3054 616 3126 speret
638 3048 783 3125 sanguiue
804 3046 963 3126 praedam,

112 3144 147 3194 ao
161 3132 241 3196 Haeo
264 3133 382 3196 titulum
405 3142 525 3196 nostrae
547 3136 653 3195 mortis
676 3132 787 3195 babere
811 3134 896 3195 velit.

160 3220 290 3283 Bnrbara
312 3240 382 3302 pars
403 3222 485 3283 laeva
508 3231 554 3283 ost
576 3220 737 3302 aridaeque
760 3221 882 3283 adsueta
904 3221 1042 3304 rapinae,

162 3309 257 3381 Quam
279 3329 370 3373 cruor
392 3320 423 3372 et
446 3310 551 3371 caedes
573 3307 709 3389 bellaque
733 3326 851 3389 sempor
873 3307 1000 3370 babent.

162 3398 296 3479 Cumque
320 3403 361 3462 sit
381 3397 515 3461 bibernis
538 3399 682 3478 agitatum
703 3397 845 3460 ductibus
867 3415 997 3479 aequor,

161 3486 288 3549 Pectora
311 3496 382 3551 sunt
404 3491 469 3569 ipso
493 3487 660 3549 turbidiora
682 3488 773 3549 mari.

113 3588 147 3638 ao
162 3576 228 3648 Quo
251 3580 345 3657 magis
366 3578 414 3640 bis
436 3575 529 3639 debes
550 3578 729 3658 ignoscere,
752 3573 876 3637 candide
898 3572 1009 3652 lector,
