2467 4042
168 207 233 272 168
575 208 626 259 EX
643 208 762 260 ΡΟΝΤΟ

256 371 376 433 Aemula
400 370 564 450 Penelopes
587 371 676 432 lieres
688 416 698 451 ‚
721 374 747 432 si
770 371 874 433 fraude
896 373 1006 451 pudica

299 459 440 521 Instantis
462 458 553 519 velles
577 458 679 519 fallere
702 468 794 538 nupta
817 478 941 538 procos.

257 546 303 625 [Si
327 565 426 608 comes
449 549 572 607 extincti
595 564 697 608 manes
719 564 880 626 sequerere
902 551 1021 632 mariti,

191 647 241 697 110
299 635 387 696 Esset
409 634 470 695 dux
493 635 563 696 laeti
585 633 741 695 Laodamia
763 638 825 696 tui.

256 723 353 803 lphias
377 731 443 784 ante
467 721 570 784 oculos
593 722 648 784 tibi
672 731 736 783 erat
757 723 916 804 ponenda,
938 724 1054 787 volenti

299 810 415 890 Corpus
436 813 468 872 in
490 828 632 871 accensos
655 814 773 872 mittere
796 812 874 872 lorle
897 811 1017 891 rogos]

255 898 350 960 Morte
374 898 446 959 nihil
470 917 545 977 opus
569 906 637 980 est,
659 898 732 959 nihil
755 898 912 960 Icariotide
934 900 1011 961 tela.

300 986 433 1048 Caesaris
457 996 502 1047 est
525 989 655 1047 coniunx
678 1004 729 1047 ore
751 986 901 1067 precanda
923 995 993 1067 tuo,

191 1086 241 1136 111
257 1073 351 1152 [Quae
375 1081 505 1154 praestat
528 1077 637 1136 virlttte
661 1092 737 1155 sua,
759 1093 797 1135 ne
820 1077 919 1154 prisea
941 1083 1083 1138 vetustas

289 1161 398 1224 'Laude
421 1162 580 1242 pudicitiae
604 1163 720 1224 saecula
743 1170 845 1224 nostra
868 1172 1001 1243 premat.

256 1250 336 1321 Quae
360 1250 483 1312 Veneris
507 1251 654 1331 iormam,
676 1269 775 1311 mores
797 1251 920 1312 lunonis
941 1250 1088 1314 habendo

301 1339 368 1400 Sola
391 1347 438 1400 est
460 1338 581 1399 caelesti
604 1338 691 1417 digna
714 1347 834 1418 reperta
857 1338 956 1415 toro.]

256 1426 333 1497 Quid
357 1427 488 1506 trepidas
511 1434 541 1487 et
560 1426 641 1486 adire
664 1424 783 1488 times?
805 1445 866 1487 non
888 1429 979 1505 impia
997 1426 1128 1491 Proone
1146 1445 1189 1496 (aa)

192 1527 242 1576 120
300 1515 409 1576 Filiave
432 1515 539 1576 Aeetae
562 1532 634 1575 vooe
657 1516 801 1595 movenda
825 1523 876 1576 tua
898 1522 962 1595 est3

256 1602 318 1663 Neo
342 1621 436 1663 nurus
459 1603 605 1684 Aegypti,
634 1620 690 1663 neo
718 1620 804 1663 saeva
826 1602 1058 1681 Agamemnonis
1091 1625 1190 1691 uxor,

302 1690 479 1771 Scyllaque,
503 1708 579 1769 quae
602 1689 717 1751 Siculas
740 1693 861 1768 inguine
884 1699 978 1752 terret
1000 1710 1123 1777 aquas3

257 1778 433 1857 Telegonive
456 1797 565 1857 parens
588 1778 738 1839 vertendis
761 1787 829 1840 nata
850 1780 971 1858 figuris,

300 1866 440 1946 Nesaque
463 1866 591 1927 nodosas
613 1884 708 1945 angue
732 1866 852 1927 Medusa
876 1885 992 1928 eomas:

193 1966 242 2016 115
257 1953 381 2015 Femina
404 1954 456 2015 sed
479 1957 619 2034 prinoeps
632 2001 641 2034 ,
664 1958 695 2015 in
719 1974 777 2033 qua
800 1955 919 2016 fortuna
939 1955 1044 2016 videre

302 2042 340 2104 Se
363 2043 470 2123 probat
493 2052 524 2103 et
546 2061 650 2104 caecae
674 2045 797 2103 crimina
820 2043 892 2104 laisa
913 2043 986 2104 luit:

257 2131 321 2202 Qua
344 2131 417 2192 nihil
439 2134 471 2191 in
492 2134 583 2192 terris
607 2130 644 2191 ad
666 2131 756 2192 linem
780 2130 850 2192 solis
873 2130 1002 2202 abortu

300 2219 437 2300 Clarius,
460 2228 584 2299 excepto
607 2219 756 2299 Caesare,
778 2218 907 2279 mundus
930 2217 1037 2280 habet.

257 2306 365 2384 Eligito
388 2315 506 2387 tempus
530 2316 678 2388 captatum
701 2325 789 2386 saepe
812 2306 952 2386 rogandi,

192 2409 242 2458 130
300 2395 393 2456 Exeat
416 2395 537 2457 adversa
560 2414 598 2457 ne
621 2405 671 2456 tua
695 2397 778 2455 navis
800 2412 893 2473 aqua.
945 2396 951 2405 '

256 2483 321 2545 Non
345 2501 463 2563 semper
487 2501 586 2545 sacras
608 2482 738 2544 reddunt
761 2483 880 2543 oracula
903 2484 1011 2564 sortis,

300 2572 425 2652 ipsaque
449 2591 509 2634 non
532 2574 612 2633 omni
636 2582 770 2650 tempore
793 2571 860 2631 iana
882 2577 1001 2650 patent.

257 2660 332 2722 Cum
355 2670 449 2722 status
471 2660 561 2721 Urbis
585 2663 643 2721 erit
655 2707 664 2740 ,
694 2658 811 2738 qualem
833 2677 915 2720 nuno
937 2676 1075 2737 auguror
1103 2681 1190 2746 essa,

301 2747 339 2810 Et
362 2749 461 2810 nullus
483 2748 585 2829 populi
608 2748 764 2810 contrahet
786 2764 839 2808 ora
861 2747 962 2809 dolor:

193 2848 243 2899 135
258 2838 332 2898 Cum
356 2837 461 2899 domus
485 2837 633 2918 Augusti,
655 2835 780 2916 Capitoli
802 2854 886 2897 more
909 2834 1050 2917 colenda,

302 2924 413 3006 Laeta,
436 2926 515 3005 quod
538 2934 585 2986 est
607 2933 638 2986 et
661 2927 721 3003 sit,
743 2925 888 3003 plenaque
911 2926 992 3004 panis
1015 2926 1102 2989 erit:

257 3013 334 3076 Tum
356 3013 412 3075 tihi
424 3061 434 3094 ,
456 3012 487 3074 di
510 3014 618 3075 iaciant
630 3061 641 3094 ,
662 3011 790 3074 adeundi
813 3014 897 3092 eopia
919 3013 987 3093 fiat,

302 3102 475 3163 Proiectum
499 3100 609 3182 aliquid
633 3109 697 3162 tum
720 3110 770 3161 tua
793 3100 882 3161 verba
904 3109 1010 3179 putes.

258 3189 362 3269 Siquid
386 3198 453 3270 aget
474 3193 592 3269 maius,
615 3189 701 3251 diller
723 3198 775 3249 tua
797 3197 923 3268 ooepta.
964 3205 1105 3268 caveque

193 3290 244 3340 140
303 3278 393 3358 Spem
416 3279 582 3340 festinando
605 3279 801 3358 praecipitare
823 3294 936 3338 meam.

257 3366 319 3428 Neo
343 3385 448 3428 rarrsus
471 3367 584 3448 iubeo,
603 3367 674 3428 dum
697 3368 736 3427 sit
753 3367 952 3444 vacuissima,
972 3382 1128 3444 quaeras:
1148 3383 1190 3437 (tet
1219 3411 1220 3436 1

303 3453 444 3535 Corporis
467 3456 503 3516 ad
527 3474 630 3516 ouram
653 3458 701 3516 vix
722 3461 806 3515 uacat
828 3452 878 3513 illa
900 3456 964 3513 sui.

259 3539 362 3619 [Curia
384 3561 452 3605 oum
475 3543 610 3623 patribus
634 3544 724 3605 luerit
746 3544 852 3621 stipata
875 3541 1032 3623 verendis,
