2467 4042
421 258 477 335 111,
498 257 540 322 57
552 294 591 304 -
605 258 676 322 132.
1000 260 1062 328 211

69 407 159 473 etEt
171 413 272 470 lamen
286 410 350 470 ulla
364 410 431 471 viro
447 411 556 473 mulier
570 415 647 473 ‘uon
663 410 800 486 expedit’
815 411 933 488 inquitt

161 492 255 568 Quid,
276 493 336 552 uisi
353 510 445 570 quam
459 510 579 569 sumes,
602 496 653 557 dic
667 495 756 569 mihi,
777 495 883 572 perdis
897 507 1030 574 aquamt

116 576 182 637 Nec
198 591 256 637 vos
271 577 428 652 prostituit
440 594 510 639 mea
522 594 596 639 vox.
620 580 677 641 sed
691 595 772 639 vana
784 580 892 641 timere

160 660 280 721 Damna
294 666 388 721 vetat.
420 662 546 722 Damuis
560 679 688 725 munera
701 669 807 724 vestra
821 671 934 726 carent

117 743 185 805 Sed
200 759 250 805 me
267 742 444 806 flaminibus
459 746 541 806 venti
556 747 682 807 maioris
697 746 818 820 iturum,

49 838 106 891 loo
156 827 237 888 Dum
252 844 362 889 sumus
376 827 409 888 iu
425 835 531 904 portu,
552 830 705 905 provehat
718 846 793 891 aura
806 831 896 893 levis.

117 911 229 972 Ordior
243 927 263 971 a
277 913 372 973 cultu.
395 913 484 973 cultis
499 913 578 974 bene
592 914 685 974 Liber
697 913 737 975 ab
752 915 823 975 uvis

158 995 315 1065 Proveuit,
340 1000 372 1056 et
387 998 467 1058 culto
482 1002 543 1057 stat
556 1012 648 1073 seges
664 1000 725 1058 alta
739 1000 818 1059 solo.

114 1079 227 1139 Forma
241 1079 291 1139 dei
305 1095 429 1140 munus.
450 1081 549 1141 louua
564 1079 659 1155 quota
674 1096 816 1157 quaeque
831 1082 989 1158 superbitt

157 1162 233 1223 Pars
247 1170 386 1224 vestrum
399 1164 451 1224 tali
467 1180 593 1225 munere
606 1181 719 1240 magua
733 1173 825 1226 caret

51 1258 102 1310 loe
114 1248 196 1307 Cura
211 1245 297 1307 dabit
311 1247 432 1308 taciem.
454 1248 552 1308 facies
566 1250 704 1309 neclecta
721 1248 840 1323 peribit,

156 1330 273 1391 Idaliae
287 1331 397 1391 similis
412 1331 452 1390 sit
464 1332 536 1392 licet
549 1332 601 1392 illa
615 1333 702 1393 deae.

114 1415 256 1488 corpora
269 1415 296 1474 si
310 1422 434 1475 veteres
448 1430 510 1474 nou
525 1416 571 1475 sic
586 1416 710 1476 coluere
724 1418 854 1492 puellae,

155 1498 221 1557 Nec
237 1504 358 1559 veteres
374 1500 474 1559 cultos
489 1500 535 1559 sic
549 1498 686 1560 habuere
699 1500 794 1560 viros.

112 1579 147 1642 Si
162 1580 220 1641 luit
232 1580 450 1642 Andromache
464 1582 583 1643 tunicas
597 1582 704 1644 induta
718 1585 865 1658 valentes,

50 1674 101 1727 110
154 1665 234 1739 Quid
249 1665 380 1726 mirumt
399 1665 467 1726 duri
482 1666 585 1726 militis
599 1681 680 1726 uxor
695 1673 769 1727 erat.

113 1748 241 1809 Scilicet
253 1748 344 1809 Aiaci
357 1747 494 1808 coniunx
511 1755 619 1810 ornata
633 1751 766 1823 venires,
841 1788 847 1802 ·

157 1832 212 1893 cui
226 1839 370 1908 tegumen
387 1840 505 1909 septem
519 1840 605 1909 terga
620 1834 705 1895 luere
719 1832 835 1895 boumt

113 1915 301 1992 Simplicitas
316 1916 403 1977 rudis
418 1924 489 1976 aute
503 1916 567 1978 luit.
590 1934 672 1978 nunc
686 1934 779 1978 aurea
792 1918 891 1980 Roma
906 1927 962 1995 est,

154 2000 194 2061 Et
209 1999 316 2060 domiti
331 2016 459 2076 magnas
474 2002 615 2076 possidet
632 2001 716 2063 orbis
735 2018 823 2077 opes.

51 2095 100 2149 115
110 2084 229 2160 Aspice
243 2099 325 2160 quae
338 2099 420 2144 nuno
435 2091 507 2145 sunt
520 2085 684 2161 capitolia,
705 2101 849 2160 quaeque
862 2087 996 2148 lueruutr

154 2168 290 2229 Alterius
306 2167 393 2228 dices
407 2168 459 2228 illa
472 2168 570 2229 luisse
583 2170 679 2230 Iovis.

111 2253 202 2314 curia
220 2251 351 2313 concilio
366 2267 447 2312 nunc
462 2259 511 2313 est
524 2252 705 2328 dignissimo
718 2261 817 2316 tantos

153 2337 198 2397 Ite
213 2335 328 2411 stipula
341 2335 427 2396 Tatio
441 2351 537 2411 regua
551 2344 673 2399 tenente
688 2339 754 2398 luit.

112 2421 196 2494 Quae
212 2435 296 2480 nunc
311 2418 369 2480 sub
384 2418 510 2481 Phoebo
526 2420 719 2497 ducibusque
732 2421 848 2483 Palatia
862 2423 984 2498 fulgent,

52 2511 99 2565 m
151 2502 231 2578 Quid
247 2503 309 2563 uisi
325 2503 454 2564 araturis
471 2520 588 2579 pascua
603 2504 706 2567 bubus
723 2514 829 2568 erantt

109 2586 216 2649 Prisce
230 2586 337 2647 iuvent
350 2587 439 2648 ulios.
462 2604 520 2663 ego
535 2604 585 2648 tue
601 2605 682 2650 nunc
698 2589 832 2666 denique
847 2596 949 2651 natum

153 2670 306 2731 Gratulor.
327 2670 404 2732 haec
419 2678 504 2732 aetas
518 2674 656 2734 moribus
671 2681 743 2751 apta
758 2674 846 2735 meis.

109 2754 174 2816 lion
191 2754 267 2828 quia
280 2768 361 2815 nunc
375 2762 475 2817 terrae
490 2757 604 2816 lentum
618 2758 797 2821 subducitur
810 2775 925 2831 aurum,

149 2838 309 2912 Lectaque
323 2838 447 2900 diverso
463 2838 565 2901 littore
579 2842 698 2902 concha
713 2842 809 2904 veuit:

50 2920 168 2983 rather
184 2922 260 2997 quia
276 2922 458 2983 decrescunt
472 2922 590 2985 effosso
606 2941 757 2988 marmore
771 2933 900 3000 montes,

149 3006 216 3065 Nec
231 3006 306 3080 quia
320 3008 480 3067 caeruleae
493 3009 575 3069 mole
587 3010 730 3084 fugantur
746 3025 861 3086 aquaet

109 3089 171 3150 Sed
189 3088 263 3165 quia
277 3090 377 3151 cultus
390 3091 494 3163 adest,
515 3108 573 3153 neo
587 3100 710 3154 nostros
725 3095 838 3156 mansit
851 3094 881 3154 iu
896 3110 993 3155 anuos

149 3172 334 3246 Rusticitas,
356 3174 467 3249 priscis
482 3175 534 3235 illa
550 3185 710 3252 superstes
726 3180 804 3239 avis.

108 3258 176 3318 Vos
192 3271 320 3332 quoquc
333 3272 395 3318 non
411 3258 490 3320 caris
509 3275 598 3321 aures
613 3269 739 3324 onerate
752 3261 874 3339 lapillis,

51 3347 99 3403 lto
149 3340 235 3415 Quos
250 3341 325 3416 legit
338 3339 370 3401 iu
384 3342 472 3403 viridi
488 3343 615 3406 decolor
629 3346 723 3406 Indus
738 3363 829 3422 aqua,

109 3424 171 3487 Nec
184 3424 308 3501 prodite
322 3441 434 3501 graves
448 3427 549 3488 insuto
565 3428 705 3490 vestibus
722 3446 807 3491 auro.

148 3507 209 3570 Per
223 3525 304 3586 quus
318 3525 378 3571 uos
393 3509 509 3586 petitis,
533 3527 629 3588 saepe
643 3514 769 3589 fugatis,
793 3531 880 3591 opes.

829 3602 883 3661 14*
