<?xml version="1.0" encoding="UTF-8"?>
<!DOCTYPE html PUBLIC "-//W3C//DTD XHTML 1.0 Transitional//EN"
    "http://www.w3.org/TR/xhtml1/DTD/xhtml1-transitional.dtd">
<html xmlns="http://www.w3.org/1999/xhtml" xml:lang="en" lang="en">
 <head>
  <title>
</title>
<meta http-equiv="Content-Type" content="text/html;charset=utf-8" />
  <meta name='ocr-system' content='tesseract 3.04.00' />
  <meta name='ocr-capabilities' content='ocr_page ocr_carea ocr_par ocr_line ocrx_word'/>
</head>
<body>
  <div class='ocr_page' id='page_1' title='image "./povidiusnaso00ehwagoog_1177.png"; bbox 0 0 2467 4042; ppageno 0'>
   <div class='ocr_carea' id='block_1_1' title="bbox 440 277 1045 364">
    <p class='ocr_par' dir='ltr' id='par_1_1' title="bbox 440 277 1045 364">
     <span class='ocr_line' id='line_1_1' title="bbox 440 277 1045 364; baseline 0 -33"><span class='ocrx_word' id='word_1_1' title='bbox 440 282 486 331; x_wconf 90' lang='lat' dir='ltr'>IV.</span> <span class='ocrx_word' id='word_1_2' title='bbox 507 283 654 333; x_wconf 79' lang='grc'>837-905.</span> <span class='ocrx_word' id='word_1_3' title='bbox 829 360 831 364; x_wconf 28' lang='grc' dir='ltr'>Ι</span> <span class='ocrx_word' id='word_1_4' title='bbox 980 277 1045 342; x_wconf 81' lang='grc'>309</span> 
     </span>
    </p>
   </div>
   <div class='ocr_carea' id='block_1_2' title="bbox 18 442 1033 3079">
    <p class='ocr_par' dir='ltr' id='par_1_2' title="bbox 18 442 1033 2090">
     <span class='ocr_line' id='line_1_2' title="bbox 172 442 933 523; baseline 0.001 -18"><span class='ocrx_word' id='word_1_5' title='bbox 172 442 258 505; x_wconf 89' lang='lat' dir='ltr'>Nunc</span> <span class='ocrx_word' id='word_1_6' title='bbox 281 444 389 523; x_wconf 80' lang='lat' dir='ltr'>decet3</span> <span class='ocrx_word' id='word_1_7' title='bbox 411 462 429 504; x_wconf 93' lang='lat' dir='ltr'>a</span> <span class='ocrx_word' id='word_1_8' title='bbox 452 443 551 504; x_wconf 88' lang='lat' dir='ltr'>Siculo</span> <span class='ocrx_word' id='word_1_9' title='bbox 574 445 694 504; x_wconf 88' lang='lat' dir='ltr'>nomina</span> <span class='ocrx_word' id='word_1_10' title='bbox 717 443 791 505; x_wconf 90' lang='lat' dir='ltr'>colle</span> <span class='ocrx_word' id='word_1_11' title='bbox 814 451 933 507; x_wconf 91' lang='lat' dir='ltr'>tenent:</span> 
     </span>
     <span class='ocr_line' id='line_1_3' title="bbox 129 530 884 611; baseline 0.001 -20"><span class='ocrx_word' id='word_1_12' title='bbox 129 530 225 610; x_wconf 87' lang='lat' dir='ltr'>thue</span> <span class='ocrx_word' id='word_1_13' title='bbox 250 531 410 611; x_wconf 80' lang='lat' dir='ltr'>Syracusas</span> <span class='ocrx_word' id='word_1_14' title='bbox 432 531 627 593; x_wconf 73' lang='lat' dir='ltr'><strong>Arethusidas</strong></span> <span class='ocrx_word' id='word_1_15' title='bbox 650 531 772 593; x_wconf 89' lang='lat' dir='ltr'>abstulit</span> <span class='ocrx_word' id='word_1_16' title='bbox 794 534 884 593; x_wconf 88' lang='lat' dir='ltr'>armis</span> 
     </span>
     <span class='ocr_line' id='line_1_4' title="bbox 173 619 928 700; baseline -0.001 -20"><span class='ocrx_word' id='word_1_17' title='bbox 173 619 313 681; x_wconf 82' lang='lat' dir='ltr'>Claudius</span> <span class='ocrx_word' id='word_1_18' title='bbox 325 667 335 698; x_wconf 94' lang='lat'>,</span> <span class='ocrx_word' id='word_1_19' title='bbox 359 627 389 681; x_wconf 90' lang='lat' dir='ltr'>et</span> <span class='ocrx_word' id='word_1_20' title='bbox 411 620 488 681; x_wconf 85' lang='lat' dir='ltr'>lrello</span> <span class='ocrx_word' id='word_1_21' title='bbox 512 630 541 681; x_wconf 90' lang='lat' dir='ltr'>te</span> <span class='ocrx_word' id='word_1_22' title='bbox 565 638 684 700; x_wconf 89' lang='lat' dir='ltr'>qnoque</span> <span class='ocrx_word' id='word_1_23' title='bbox 708 622 809 700; x_wconf 89' lang='lat' dir='ltr'>cepit,</span> <span class='ocrx_word' id='word_1_24' title='bbox 831 620 928 700; x_wconf 81' lang='lat' dir='ltr'>Eryx,</span> 
     </span>
     <span class='ocr_line' id='line_1_5' title="bbox 62 707 920 789; baseline -0.001 -20"><span class='ocrx_word' id='word_1_25' title='bbox 62 719 114 770; x_wconf 81' lang='grc'>888</span> <span class='ocrx_word' id='word_1_26' title='bbox 130 707 266 770; x_wconf 81' lang='lat' dir='ltr'>Carmine</span> <span class='ocrx_word' id='word_1_27' title='bbox 290 710 397 770; x_wconf 86' lang='lat' dir='ltr'>vivacis</span> <span class='ocrx_word' id='word_1_28' title='bbox 421 707 520 770; x_wconf 88' lang='lat' dir='ltr'>Venus</span> <span class='ocrx_word' id='word_1_29' title='bbox 543 718 590 769; x_wconf 89' lang='lat' dir='ltr'>est</span> <span class='ocrx_word' id='word_1_30' title='bbox 613 708 753 770; x_wconf 87' lang='lat' dir='ltr'>translata</span> <span class='ocrx_word' id='word_1_31' title='bbox 777 708 920 789; x_wconf 77' lang='lat' dir='ltr'>Sibyllae,</span> 
     </span>
     <span class='ocr_line' id='line_1_6' title="bbox 173 795 811 876; baseline -0.002 -17"><span class='ocrx_word' id='word_1_32' title='bbox 173 796 266 876; x_wconf 90' lang='lat' dir='ltr'>Inque</span> <span class='ocrx_word' id='word_1_33' title='bbox 290 814 361 858; x_wconf 89' lang='lat' dir='ltr'>suae</span> <span class='ocrx_word' id='word_1_34' title='bbox 384 799 486 875; x_wconf 90' lang='lat' dir='ltr'>stirpis</span> <span class='ocrx_word' id='word_1_35' title='bbox 509 796 611 857; x_wconf 89' lang='lat' dir='ltr'>maluit</span> <span class='ocrx_word' id='word_1_36' title='bbox 636 795 714 858; x_wconf 89' lang='lat' dir='ltr'>Urbe</span> <span class='ocrx_word' id='word_1_37' title='bbox 738 795 811 858; x_wconf 90' lang='lat' dir='ltr'>ccli.</span> 
     </span>
     <span class='ocr_line' id='line_1_7' title="bbox 129 883 855 965; baseline 0.001 -20"><span class='ocrx_word' id='word_1_38' title='bbox 129 883 189 945; x_wconf 81' lang='lat' dir='ltr'>Cur</span> <span class='ocrx_word' id='word_1_39' title='bbox 211 887 302 964; x_wconf 89' lang='lat' dir='ltr'>igitur</span> <span class='ocrx_word' id='word_1_40' title='bbox 326 883 448 946; x_wconf 87' lang='lat' dir='ltr'>Veneris</span> <span class='ocrx_word' id='word_1_41' title='bbox 472 886 581 946; x_wconf 83' lang='lat' dir='ltr'>festum</span> <span class='ocrx_word' id='word_1_42' title='bbox 604 883 715 946; x_wconf 92' lang='lat' dir='ltr'>Vinalia</span> <span class='ocrx_word' id='word_1_43' title='bbox 738 886 855 965; x_wconf 88' lang='lat' dir='ltr'>dicant,</span> 
     </span>
     <span class='ocr_line' id='line_1_8' title="bbox 174 969 867 1054; baseline 0 -22"><span class='ocrx_word' id='word_1_44' title='bbox 174 972 345 1054; x_wconf 82' lang='lat' dir='ltr'>Quaeritis,</span> <span class='ocrx_word' id='word_1_45' title='bbox 369 981 399 1034; x_wconf 91' lang='lat' dir='ltr'>et</span> <span class='ocrx_word' id='word_1_46' title='bbox 421 991 512 1052; x_wconf 87' lang='lat' dir='ltr'>quare</span> <span class='ocrx_word' id='word_1_47' title='bbox 537 975 576 1033; x_wconf 92' lang='lat' dir='ltr'>sit</span> <span class='ocrx_word' id='word_1_48' title='bbox 598 972 675 1033; x_wconf 90' lang='grc'>10818</span> <span class='ocrx_word' id='word_1_49' title='bbox 697 976 754 1034; x_wconf 89' lang='grc'>1888</span> <span class='ocrx_word' id='word_1_50' title='bbox 776 969 867 1034; x_wconf 80' lang='lat' dir='ltr'>dies?</span> 
     </span>
     <span class='ocr_line' id='line_1_9' title="bbox 18 1060 968 1140; baseline -0.001 -19"><span class='ocrx_word' id='word_1_51' title='bbox 18 1104 19 1127; x_wconf 41' lang='lat' dir='ltr'>r</span> <span class='ocrx_word' id='word_1_52' title='bbox 129 1060 271 1140; x_wconf 85' lang='lat' dir='ltr'>Turnus,</span> <span class='ocrx_word' id='word_1_53' title='bbox 294 1079 331 1122; x_wconf 92' lang='lat' dir='ltr'>an</span> <span class='ocrx_word' id='word_1_54' title='bbox 354 1061 469 1123; x_wconf 80' lang='lat' dir='ltr'>Aeneas</span> <span class='ocrx_word' id='word_1_55' title='bbox 491 1060 590 1122; x_wconf 82' lang='lat' dir='ltr'>Latiae</span> <span class='ocrx_word' id='word_1_56' title='bbox 613 1079 706 1140; x_wconf 84' lang='lat' dir='ltr'>gener</span> <span class='ocrx_word' id='word_1_57' title='bbox 729 1073 809 1123; x_wconf 89' lang='lat' dir='ltr'>esset</span> <span class='ocrx_word' id='word_1_58' title='bbox 832 1064 968 1139; x_wconf 85' lang='lat' dir='ltr'>Amatae,</span> 
     </span>
     <span class='ocr_line' id='line_1_10' title="bbox 61 1142 968 1230; baseline -0.001 -20"><span class='ocrx_word' id='word_1_59' title='bbox 61 1159 114 1211; x_wconf 91' lang='grc'>880</span> <span class='ocrx_word' id='word_1_60' title='bbox 173 1148 287 1210; x_wconf 88' lang='lat' dir='ltr'>Bellum</span> <span class='ocrx_word' id='word_1_61' title='bbox 311 1158 396 1211; x_wconf 89' lang='lat' dir='ltr'>erat:</span> <span class='ocrx_word' id='word_1_62' title='bbox 428 1149 572 1213; x_wconf 82' lang='lat' dir='ltr'>Etruscas</span> <span class='ocrx_word' id='word_1_63' title='bbox 594 1149 715 1211; x_wconf 82' lang='lat' dir='ltr'>Turnus</span> <span class='ocrx_word' id='word_1_64' title='bbox 738 1142 857 1230; x_wconf 87' lang='lat' dir='ltr'>adoptat</span> <span class='ocrx_word' id='word_1_65' title='bbox 879 1167 968 1228; x_wconf 89' lang='lat' dir='ltr'>opes.</span> 
     </span>
     <span class='ocr_line' id='line_1_11' title="bbox 18 1236 954 1318; baseline -0.001 -21"><span class='ocrx_word' id='word_1_66' title='bbox 18 1272 19 1307; x_wconf 65' lang='lat'>,</span> <span class='ocrx_word' id='word_1_67' title='bbox 129 1236 233 1298; x_wconf 82' lang='lat' dir='ltr'>Clarus</span> <span class='ocrx_word' id='word_1_68' title='bbox 257 1246 321 1298; x_wconf 90' lang='lat' dir='ltr'>erat</span> <span class='ocrx_word' id='word_1_69' title='bbox 344 1241 529 1318; x_wconf 80' lang='lat' dir='ltr'>sumptisque</span> <span class='ocrx_word' id='word_1_70' title='bbox 554 1238 638 1298; x_wconf 80' lang='lat' dir='ltr'>ferox</span> <span class='ocrx_word' id='word_1_71' title='bbox 660 1238 823 1300; x_wconf 87' lang='lat' dir='ltr'>Mezentius</span> <span class='ocrx_word' id='word_1_72' title='bbox 846 1240 954 1318; x_wconf 88' lang='lat' dir='ltr'>armis,</span> 
     </span>
     <span class='ocr_line' id='line_1_12' title="bbox 175 1323 938 1406; baseline 0 -23"><span class='ocrx_word' id='word_1_73' title='bbox 175 1323 212 1384; x_wconf 83' lang='lat' dir='ltr'>Et</span> <span class='ocrx_word' id='word_1_74' title='bbox 236 1324 281 1384; x_wconf 89' lang='lat' dir='ltr'>vel</span> <span class='ocrx_word' id='word_1_75' title='bbox 305 1343 381 1404; x_wconf 91' lang='lat' dir='ltr'>equo</span> <span class='ocrx_word' id='word_1_76' title='bbox 405 1344 529 1404; x_wconf 86' lang='lat' dir='ltr'>magnus</span> <span class='ocrx_word' id='word_1_77' title='bbox 542 1373 551 1405; x_wconf 93' lang='lat'>,</span> <span class='ocrx_word' id='word_1_78' title='bbox 575 1326 620 1386; x_wconf 92' lang='grc'>801</span> <span class='ocrx_word' id='word_1_79' title='bbox 643 1326 718 1406; x_wconf 92' lang='lat' dir='ltr'>pede</span> <span class='ocrx_word' id='word_1_80' title='bbox 742 1329 835 1387; x_wconf 92' lang='lat' dir='ltr'>maior</span> <span class='ocrx_word' id='word_1_81' title='bbox 858 1331 938 1387; x_wconf 89' lang='lat' dir='ltr'>erat.</span> 
     </span>
     <span class='ocr_line' id='line_1_13' title="bbox 131 1409 957 1490; baseline 0.001 -19"><span class='ocrx_word' id='word_1_82' title='bbox 131 1409 225 1481; x_wconf 78' lang='lat' dir='ltr'>Quem</span> <span class='ocrx_word' id='word_1_83' title='bbox 248 1411 352 1473; x_wconf 82' lang='lat' dir='ltr'>Rutuli</span> <span class='ocrx_word' id='word_1_84' title='bbox 375 1413 553 1490; x_wconf 87' lang='lat' dir='ltr'>Turnusque</span> <span class='ocrx_word' id='word_1_85' title='bbox 577 1416 640 1473; x_wconf 90' lang='lat' dir='ltr'>sois</span> <span class='ocrx_word' id='word_1_86' title='bbox 663 1416 809 1474; x_wconf 85' lang='lat' dir='ltr'>asciscere</span> <span class='ocrx_word' id='word_1_87' title='bbox 832 1420 957 1490; x_wconf 90' lang='lat' dir='ltr'>temptat</span> 
     </span>
     <span class='ocr_line' id='line_1_14' title="bbox 18 1498 943 1562; baseline 0.003 -4"><span class='ocrx_word' id='word_1_88' title='bbox 18 1556 19 1559; x_wconf 73' lang='grc'>,</span> <span class='ocrx_word' id='word_1_89' title='bbox 175 1498 337 1560; x_wconf 82' lang='lat' dir='ltr'>Partibus.</span> <span class='ocrx_word' id='word_1_90' title='bbox 377 1499 450 1562; x_wconf 87' lang='lat' dir='ltr'>haec</span> <span class='ocrx_word' id='word_1_91' title='bbox 474 1508 576 1560; x_wconf 89' lang='lat' dir='ltr'>contra</span> <span class='ocrx_word' id='word_1_92' title='bbox 600 1500 661 1561; x_wconf 85' lang='lat' dir='ltr'>dux</span> <span class='ocrx_word' id='word_1_93' title='bbox 683 1503 724 1561; x_wconf 91' lang='lat' dir='ltr'>ita</span> <span class='ocrx_word' id='word_1_94' title='bbox 746 1501 862 1561; x_wconf 77' lang='lat' dir='ltr'>‘luscus</span> <span class='ocrx_word' id='word_1_95' title='bbox 886 1503 943 1561; x_wconf 89' lang='lat' dir='ltr'>ait:</span> 
     </span>
     <span class='ocr_line' id='line_1_15' title="bbox 64 1582 1002 1667; baseline 0.001 -19"><span class='ocrx_word' id='word_1_96' title='bbox 64 1598 116 1649; x_wconf 82' lang='grc'>888</span> <span class='ocrx_word' id='word_1_97' title='bbox 133 1582 215 1647; x_wconf 75' lang='lat' dir='ltr'>‘Stat</span> <span class='ocrx_word' id='word_1_98' title='bbox 237 1586 310 1648; x_wconf 87' lang='lat' dir='ltr'>milri</span> <span class='ocrx_word' id='word_1_99' title='bbox 333 1604 393 1648; x_wconf 90' lang='lat' dir='ltr'>non</span> <span class='ocrx_word' id='word_1_100' title='bbox 416 1605 506 1667; x_wconf 83' lang='lat' dir='ltr'>parvo</span> <span class='ocrx_word' id='word_1_101' title='bbox 529 1590 624 1649; x_wconf 83' lang='grc'>818888</span> <span class='ocrx_word' id='word_1_102' title='bbox 648 1605 734 1650; x_wconf 89' lang='lat' dir='ltr'>mea:</span> <span class='ocrx_word' id='word_1_103' title='bbox 766 1589 886 1648; x_wconf 81' lang='lat' dir='ltr'>uolnera</span> <span class='ocrx_word' id='word_1_104' title='bbox 909 1596 1002 1649; x_wconf 89' lang='lat' dir='ltr'>testor</span> 
     </span>
     <span class='ocr_line' id='line_1_16' title="bbox 175 1675 949 1755; baseline 0.001 -20"><span class='ocrx_word' id='word_1_105' title='bbox 175 1675 346 1755; x_wconf 87' lang='lat' dir='ltr'>Armaque,</span> <span class='ocrx_word' id='word_1_106' title='bbox 370 1693 445 1754; x_wconf 87' lang='lat' dir='ltr'>quae</span> <span class='ocrx_word' id='word_1_107' title='bbox 469 1678 565 1754; x_wconf 91' lang='lat' dir='ltr'>sparsi</span> <span class='ocrx_word' id='word_1_108' title='bbox 587 1679 731 1755; x_wconf 85' lang='lat' dir='ltr'>sanguine</span> <span class='ocrx_word' id='word_1_109' title='bbox 755 1694 841 1755; x_wconf 87' lang='lat' dir='ltr'>saepe</span> <span class='ocrx_word' id='word_1_110' title='bbox 865 1694 949 1736; x_wconf 88' lang='lat' dir='ltr'>meo.</span> 
     </span>
     <span class='ocr_line' id='line_1_17' title="bbox 131 1763 962 1844; baseline -0.001 -19"><span class='ocrx_word' id='word_1_111' title='bbox 131 1763 190 1834; x_wconf 83' lang='lat' dir='ltr'>Qui</span> <span class='ocrx_word' id='word_1_112' title='bbox 211 1765 289 1844; x_wconf 87' lang='lat' dir='ltr'>petis</span> <span class='ocrx_word' id='word_1_113' title='bbox 312 1763 452 1825; x_wconf 85' lang='lat' dir='ltr'>auxilium</span> <span class='ocrx_word' id='word_1_114' title='bbox 465 1811 474 1843; x_wconf 93' lang='lat'>,</span> <span class='ocrx_word' id='word_1_115' title='bbox 497 1782 557 1824; x_wconf 93' lang='lat' dir='ltr'>non</span> <span class='ocrx_word' id='word_1_116' title='bbox 580 1764 701 1843; x_wconf 84' lang='lat' dir='ltr'>grandia</span> <span class='ocrx_word' id='word_1_117' title='bbox 724 1764 822 1825; x_wconf 87' lang='lat' dir='ltr'>divide</span> <span class='ocrx_word' id='word_1_118' title='bbox 845 1781 962 1825; x_wconf 91' lang='lat' dir='ltr'>meeum</span> 
     </span>
     <span class='ocr_line' id='line_1_18' title="bbox 174 1850 939 1931; baseline 0.003 -20"><span class='ocrx_word' id='word_1_119' title='bbox 174 1850 309 1913; x_wconf 86' lang='lat' dir='ltr'>Praemia</span> <span class='ocrx_word' id='word_1_120' title='bbox 332 1851 369 1912; x_wconf 91' lang='lat' dir='ltr'>de</span> <span class='ocrx_word' id='word_1_121' title='bbox 391 1851 515 1913; x_wconf 91' lang='lat' dir='ltr'>lacubus</span> <span class='ocrx_word' id='word_1_122' title='bbox 537 1855 671 1931; x_wconf 83' lang='lat' dir='ltr'>proxima</span> <span class='ocrx_word' id='word_1_123' title='bbox 694 1862 792 1913; x_wconf 89' lang='lat' dir='ltr'>musta</span> <span class='ocrx_word' id='word_1_124' title='bbox 815 1855 891 1914; x_wconf 87' lang='lat' dir='ltr'>tuis.</span> <span class='ocrx_word' id='word_1_125' title='bbox 937 1902 939 1905; x_wconf 58' lang='grc'>,</span> 
     </span>
     <span class='ocr_line' id='line_1_19' title="bbox 131 1938 1033 2022; baseline 0.001 -23"><span class='ocrx_word' id='word_1_126' title='bbox 131 1938 215 2000; x_wconf 90' lang='lat' dir='ltr'>Nulla</span> <span class='ocrx_word' id='word_1_127' title='bbox 239 1958 322 2001; x_wconf 89' lang='lat' dir='ltr'>mora</span> <span class='ocrx_word' id='word_1_128' title='bbox 345 1948 392 2001; x_wconf 90' lang='grc'>088</span> <span class='ocrx_word' id='word_1_129' title='bbox 414 1958 543 2020; x_wconf 87' lang='lat' dir='ltr'>operae.</span> <span class='ocrx_word' id='word_1_130' title='bbox 580 1948 712 2002; x_wconf 88' lang='lat' dir='ltr'>vestrum</span> <span class='ocrx_word' id='word_1_131' title='bbox 735 1949 781 2003; x_wconf 90' lang='lat' dir='ltr'>est</span> <span class='ocrx_word' id='word_1_132' title='bbox 799 1941 892 2022; x_wconf 91' lang='lat' dir='ltr'>dare,</span> <span class='ocrx_word' id='word_1_133' title='bbox 915 1942 1033 2003; x_wconf 87' lang='lat' dir='ltr'>vincere</span> 
     </span>
     <span class='ocr_line' id='line_1_20' title="bbox 679 2037 832 2090; baseline 0.007 -1"><span class='ocrx_word' id='word_1_134' title='bbox 679 2037 832 2090; x_wconf 88' lang='lat' dir='ltr'>nostrum.</span> 
     </span>
    </p>

    <p class='ocr_par' dir='ltr' id='par_1_3' title="bbox 65 2112 891 2549">
     <span class='ocr_line' id='line_1_21' title="bbox 65 2112 839 2195; baseline -0.003 -16"><span class='ocrx_word' id='word_1_135' title='bbox 65 2129 117 2179; x_wconf 84' lang='grc'>800</span> <span class='ocrx_word' id='word_1_136' title='bbox 177 2117 272 2188; x_wconf 84' lang='lat' dir='ltr'>Quam</span> <span class='ocrx_word' id='word_1_137' title='bbox 296 2115 365 2178; x_wconf 88' lang='lat' dir='ltr'>velit</span> <span class='ocrx_word' id='word_1_138' title='bbox 388 2115 502 2179; x_wconf 90' lang='lat' dir='ltr'>Aeneas</span> <span class='ocrx_word' id='word_1_139' title='bbox 524 2118 581 2176; x_wconf 91' lang='lat' dir='ltr'>ista</span> <span class='ocrx_word' id='word_1_140' title='bbox 603 2125 710 2195; x_wconf 88' lang='lat' dir='ltr'>negata</span> <span class='ocrx_word' id='word_1_141' title='bbox 733 2112 839 2178; x_wconf 86' lang='lat' dir='ltr'>mihil&#39;</span> 
     </span>
     <span class='ocr_line' id='line_1_22' title="bbox 130 2203 891 2286; baseline 0 -21"><span class='ocrx_word' id='word_1_142' title='bbox 130 2204 303 2266; x_wconf 88' lang='lat' dir='ltr'>Adnuerant</span> <span class='ocrx_word' id='word_1_143' title='bbox 325 2203 449 2267; x_wconf 87' lang='lat' dir='ltr'>Rutuli.</span> <span class='ocrx_word' id='word_1_144' title='bbox 490 2203 652 2265; x_wconf 88' lang='lat' dir='ltr'>Mezentius</span> <span class='ocrx_word' id='word_1_145' title='bbox 675 2204 772 2265; x_wconf 88' lang='lat' dir='ltr'>induit</span> <span class='ocrx_word' id='word_1_146' title='bbox 793 2223 891 2286; x_wconf 89' lang='lat' dir='ltr'>arma,</span> 
     </span>
     <span class='ocr_line' id='line_1_23' title="bbox 176 2291 826 2373; baseline 0.002 -20"><span class='ocrx_word' id='word_1_147' title='bbox 176 2293 275 2354; x_wconf 90' lang='lat' dir='ltr'>lnduit</span> <span class='ocrx_word' id='word_1_148' title='bbox 297 2293 435 2373; x_wconf 89' lang='lat' dir='ltr'>Aeneas,</span> <span class='ocrx_word' id='word_1_149' title='bbox 458 2291 688 2372; x_wconf 86' lang='lat' dir='ltr'>adloquiturque</span> <span class='ocrx_word' id='word_1_150' title='bbox 711 2292 826 2354; x_wconf 88' lang='lat' dir='ltr'>lovem:</span> 
     </span>
     <span class='ocr_line' id='line_1_24' title="bbox 135 2377 879 2460; baseline 0.001 -19"><span class='ocrx_word' id='word_1_151' title='bbox 135 2377 269 2443; x_wconf 80' lang='lat' dir='ltr'>‘llostica</span> <span class='ocrx_word' id='word_1_152' title='bbox 293 2380 448 2460; x_wconf 81' lang='lat' dir='ltr'>Tyrrheno</span> <span class='ocrx_word' id='word_1_153' title='bbox 472 2389 538 2441; x_wconf 88' lang='lat' dir='ltr'>vota</span> <span class='ocrx_word' id='word_1_154' title='bbox 562 2389 607 2441; x_wconf 90' lang='lat' dir='ltr'>est</span> <span class='ocrx_word' id='word_1_155' title='bbox 631 2380 775 2442; x_wconf 87' lang='lat' dir='ltr'>vindemia</span> <span class='ocrx_word' id='word_1_156' title='bbox 798 2383 879 2459; x_wconf 86' lang='lat' dir='ltr'>regi:</span> 
     </span>
     <span class='ocr_line' id='line_1_25' title="bbox 176 2463 853 2549; baseline 0 -19"><span class='ocrx_word' id='word_1_157' title='bbox 176 2469 308 2549; x_wconf 92' lang='lat' dir='ltr'>luppiter</span> <span class='ocrx_word' id='word_1_158' title='bbox 332 2488 349 2530; x_wconf 94' lang='grc'>0</span> <span class='ocrx_word' id='word_1_159' title='bbox 372 2469 454 2529; x_wconf 90' lang='lat' dir='ltr'>Latio</span> <span class='ocrx_word' id='word_1_160' title='bbox 478 2468 596 2548; x_wconf 88' lang='lat' dir='ltr'>palmite</span> <span class='ocrx_word' id='word_1_161' title='bbox 621 2477 718 2530; x_wconf 90' lang='lat' dir='ltr'>musta</span> <span class='ocrx_word' id='word_1_162' title='bbox 741 2463 853 2530; x_wconf 86' lang='lat' dir='ltr'>leresl&#39;</span> 
     </span>
    </p>

    <p class='ocr_par' dir='ltr' id='par_1_4' title="bbox 65 2556 941 3079">
     <span class='ocr_line' id='line_1_26' title="bbox 65 2556 941 2638; baseline -0.002 -18"><span class='ocrx_word' id='word_1_163' title='bbox 65 2568 117 2620; x_wconf 87' lang='grc'>808</span> <span class='ocrx_word' id='word_1_164' title='bbox 132 2556 205 2618; x_wconf 89' lang='lat' dir='ltr'>Vota</span> <span class='ocrx_word' id='word_1_165' title='bbox 228 2556 324 2618; x_wconf 89' lang='lat' dir='ltr'>valent</span> <span class='ocrx_word' id='word_1_166' title='bbox 348 2556 490 2619; x_wconf 87' lang='lat' dir='ltr'>meliora.</span> <span class='ocrx_word' id='word_1_167' title='bbox 532 2556 610 2619; x_wconf 89' lang='lat' dir='ltr'>cadit</span> <span class='ocrx_word' id='word_1_168' title='bbox 632 2556 794 2618; x_wconf 87' lang='lat' dir='ltr'>Mezentius</span> <span class='ocrx_word' id='word_1_169' title='bbox 816 2560 941 2638; x_wconf 90' lang='lat' dir='ltr'>ingens,</span> 
     </span>
     <span class='ocr_line' id='line_1_27' title="bbox 176 2644 900 2725; baseline 0.003 -20"><span class='ocrx_word' id='word_1_170' title='bbox 176 2645 272 2724; x_wconf 80' lang='lat' dir='ltr'>Atque</span> <span class='ocrx_word' id='word_1_171' title='bbox 295 2645 460 2724; x_wconf 82' lang='lat' dir='ltr'>indignanti</span> <span class='ocrx_word' id='word_1_172' title='bbox 481 2652 602 2725; x_wconf 89' lang='lat' dir='ltr'>pectore</span> <span class='ocrx_word' id='word_1_173' title='bbox 626 2644 738 2725; x_wconf 81' lang='lat' dir='ltr'>plangit</span> <span class='ocrx_word' id='word_1_174' title='bbox 760 2646 900 2707; x_wconf 88' lang='lat' dir='ltr'>humum.</span> 
     </span>
     <span class='ocr_line' id='line_1_28' title="bbox 133 2732 851 2798; baseline 0.008 -7"><span class='ocrx_word' id='word_1_175' title='bbox 133 2732 260 2795; x_wconf 91' lang='lat' dir='ltr'>Venerat</span> <span class='ocrx_word' id='word_1_176' title='bbox 282 2734 450 2797; x_wconf 80' lang='lat' dir='ltr'>Autumnus</span> <span class='ocrx_word' id='word_1_177' title='bbox 473 2733 592 2794; x_wconf 87' lang='lat' dir='ltr'>calcatis</span> <span class='ocrx_word' id='word_1_178' title='bbox 615 2733 754 2795; x_wconf 87' lang='lat' dir='ltr'>sordidus</span> <span class='ocrx_word' id='word_1_179' title='bbox 776 2736 851 2798; x_wconf 75' lang='grc'>88188</span> 
     </span>
     <span class='ocr_line' id='line_1_29' title="bbox 177 2820 794 2884; baseline 0.005 -3"><span class='ocrx_word' id='word_1_180' title='bbox 177 2821 353 2883; x_wconf 90' lang='lat' dir='ltr'>Redduntur</span> <span class='ocrx_word' id='word_1_181' title='bbox 377 2824 483 2884; x_wconf 90' lang='lat' dir='ltr'>merito</span> <span class='ocrx_word' id='word_1_182' title='bbox 507 2820 604 2883; x_wconf 87' lang='lat' dir='ltr'>debita</span> <span class='ocrx_word' id='word_1_183' title='bbox 628 2825 694 2884; x_wconf 88' lang='lat' dir='ltr'>vina</span> <span class='ocrx_word' id='word_1_184' title='bbox 716 2822 794 2884; x_wconf 87' lang='grc'>1081.</span> 
     </span>
     <span class='ocr_line' id='line_1_30' title="bbox 132 2908 896 2990; baseline 0 -20"><span class='ocrx_word' id='word_1_185' title='bbox 132 2909 215 2971; x_wconf 86' lang='lat' dir='ltr'>Dicta</span> <span class='ocrx_word' id='word_1_186' title='bbox 239 2909 302 2971; x_wconf 92' lang='lat' dir='ltr'>dies</span> <span class='ocrx_word' id='word_1_187' title='bbox 325 2910 394 2971; x_wconf 89' lang='lat' dir='ltr'>hinc</span> <span class='ocrx_word' id='word_1_188' title='bbox 417 2919 464 2971; x_wconf 90' lang='lat' dir='ltr'>est</span> <span class='ocrx_word' id='word_1_189' title='bbox 486 2908 618 2971; x_wconf 89' lang='lat' dir='ltr'>Vinalia.</span> <span class='ocrx_word' id='word_1_190' title='bbox 660 2909 794 2990; x_wconf 89' lang='lat' dir='ltr'>luppiter</span> <span class='ocrx_word' id='word_1_191' title='bbox 816 2911 896 2971; x_wconf 89' lang='lat' dir='ltr'>illam</span> 
     </span>
     <span class='ocr_line' id='line_1_31' title="bbox 65 2997 846 3079; baseline -0.003 -19"><span class='ocrx_word' id='word_1_192' title='bbox 65 3011 118 3060; x_wconf 84' lang='grc'>800</span> <span class='ocrx_word' id='word_1_193' title='bbox 176 2997 334 3079; x_wconf 83' lang='lat' dir='ltr'>Vindicat,</span> <span class='ocrx_word' id='word_1_194' title='bbox 357 2999 492 3061; x_wconf 86' lang='grc'>08108818</span> <span class='ocrx_word' id='word_1_195' title='bbox 515 2999 624 3077; x_wconf 89' lang='lat' dir='ltr'>gaudet</span> <span class='ocrx_word' id='word_1_196' title='bbox 646 3001 744 3060; x_wconf 90' lang='lat' dir='ltr'>inesse</span> <span class='ocrx_word' id='word_1_197' title='bbox 767 3002 846 3060; x_wconf 91' lang='lat' dir='ltr'>suis.</span> 
     </span>
    </p>
   </div>
   <div class='ocr_carea' id='block_1_3' title="bbox 315 3132 781 3202">
    <p class='ocr_par' dir='ltr' id='par_1_5' title="bbox 315 3132 781 3202">
     <span class='ocr_line' id='line_1_32' title="bbox 315 3132 781 3202; baseline -0.009 0"><span class='ocrx_word' id='word_1_198' title='bbox 315 3137 366 3202; x_wconf 84' lang='lat'>24.</span> <span class='ocrx_word' id='word_1_199' title='bbox 389 3134 449 3201; x_wconf 85' lang='lat' dir='ltr'>Bc</span> <span class='ocrx_word' id='word_1_200' title='bbox 495 3135 546 3202; x_wconf 83' lang='lat'>25.</span> <span class='ocrx_word' id='word_1_201' title='bbox 571 3132 781 3202; x_wconf 74' lang='lat' dir='ltr'><strong>OROB·N³</strong></span> 
     </span>
    </p>
   </div>
   <div class='ocr_carea' id='block_1_4' title="bbox 63 3260 1006 3696">
    <p class='ocr_par' dir='ltr' id='par_1_6' title="bbox 63 3260 1006 3696">
     <span class='ocr_line' id='line_1_33' title="bbox 132 3260 940 3344; baseline -0.004 -19"><span class='ocrx_word' id='word_1_202' title='bbox 132 3262 190 3327; x_wconf 80' lang='lat' dir='ltr'>Sex</span> <span class='ocrx_word' id='word_1_203' title='bbox 213 3262 265 3326; x_wconf 92' lang='lat' dir='ltr'>ubi</span> <span class='ocrx_word' id='word_1_204' title='bbox 278 3278 290 3344; x_wconf 74' lang='lat'>,&#39;</span> <span class='ocrx_word' id='word_1_205' title='bbox 310 3280 385 3342; x_wconf 90' lang='lat' dir='ltr'>quae</span> <span class='ocrx_word' id='word_1_206' title='bbox 408 3271 523 3324; x_wconf 89' lang='lat' dir='ltr'>restant</span> <span class='ocrx_word' id='word_1_207' title='bbox 534 3311 544 3343; x_wconf 92' lang='lat'>,</span> <span class='ocrx_word' id='word_1_208' title='bbox 566 3261 648 3324; x_wconf 91' lang='lat' dir='ltr'>luces</span> <span class='ocrx_word' id='word_1_209' title='bbox 670 3260 780 3341; x_wconf 88' lang='lat' dir='ltr'>Aprilis</span> <span class='ocrx_word' id='word_1_210' title='bbox 798 3260 940 3344; x_wconf 71' lang='grc'>1881801818,</span> 
     </span>
     <span class='ocr_line' id='line_1_34' title="bbox 175 3350 833 3431; baseline -0.005 -18"><span class='ocrx_word' id='word_1_211' title='bbox 175 3350 209 3413; x_wconf 93' lang='lat' dir='ltr'>ln</span> <span class='ocrx_word' id='word_1_212' title='bbox 232 3350 329 3412; x_wconf 89' lang='lat' dir='ltr'>medio</span> <span class='ocrx_word' id='word_1_213' title='bbox 353 3368 442 3412; x_wconf 89' lang='lat' dir='ltr'>cursu</span> <span class='ocrx_word' id='word_1_214' title='bbox 467 3359 601 3429; x_wconf 87' lang='lat' dir='ltr'>tempora</span> <span class='ocrx_word' id='word_1_215' title='bbox 625 3352 703 3412; x_wconf 90' lang='lat' dir='ltr'>reris</span> <span class='ocrx_word' id='word_1_216' title='bbox 727 3358 833 3431; x_wconf 88' lang='lat' dir='ltr'>erunt,</span> 
     </span>
     <span class='ocr_line' id='line_1_35' title="bbox 131 3437 1006 3519; baseline -0.002 -19"><span class='ocrx_word' id='word_1_217' title='bbox 131 3438 169 3500; x_wconf 83' lang='lat' dir='ltr'>Et</span> <span class='ocrx_word' id='word_1_218' title='bbox 191 3440 303 3500; x_wconf 81' lang='lat' dir='ltr'>frustra</span> <span class='ocrx_word' id='word_1_219' title='bbox 326 3439 471 3519; x_wconf 89' lang='lat' dir='ltr'>pecudem</span> <span class='ocrx_word' id='word_1_220' title='bbox 495 3457 620 3517; x_wconf 87' lang='lat' dir='ltr'>quaeres</span> <span class='ocrx_word' id='word_1_221' title='bbox 644 3437 866 3500; x_wconf 70' lang='lat' dir='ltr'>Athamantidos</span> <span class='ocrx_word' id='word_1_222' title='bbox 889 3437 1006 3519; x_wconf 86' lang='lat' dir='ltr'>Helles,</span> 
     </span>
     <span class='ocr_line' id='line_1_36' title="bbox 175 3525 918 3607; baseline 0.001 -19"><span class='ocrx_word' id='word_1_223' title='bbox 175 3526 324 3607; x_wconf 82' lang='lat' dir='ltr'>Signaque</span> <span class='ocrx_word' id='word_1_224' title='bbox 348 3526 419 3589; x_wconf 88' lang='lat' dir='ltr'>dant</span> <span class='ocrx_word' id='word_1_225' title='bbox 439 3525 574 3607; x_wconf 86' lang='lat' dir='ltr'>imbres,</span> <span class='ocrx_word' id='word_1_226' title='bbox 597 3529 790 3605; x_wconf 83' lang='lat' dir='ltr'>exoriturque</span> <span class='ocrx_word' id='word_1_227' title='bbox 814 3527 918 3590; x_wconf 82' lang='lat' dir='ltr'>Canis.</span> 
     </span>
     <span class='ocr_line' id='line_1_37' title="bbox 63 3614 952 3696; baseline -0.004 -16"><span class='ocrx_word' id='word_1_228' title='bbox 63 3615 191 3680; x_wconf 79' lang='lat' dir='ltr'>odollae</span> <span class='ocrx_word' id='word_1_229' title='bbox 215 3615 287 3677; x_wconf 83' lang='lat' dir='ltr'>milri</span> <span class='ocrx_word' id='word_1_230' title='bbox 310 3615 455 3678; x_wconf 90' lang='lat' dir='ltr'>Nomento</span> <span class='ocrx_word' id='word_1_231' title='bbox 478 3615 601 3677; x_wconf 87' lang='lat' dir='ltr'>Romam</span> <span class='ocrx_word' id='word_1_232' title='bbox 625 3633 693 3677; x_wconf 87' lang='lat' dir='ltr'>eum</span> <span class='ocrx_word' id='word_1_233' title='bbox 717 3614 782 3677; x_wconf 92' lang='lat' dir='ltr'>luce</span> <span class='ocrx_word' id='word_1_234' title='bbox 806 3615 952 3696; x_wconf 87' lang='lat' dir='ltr'>redirem,</span> 
     </span>
    </p>
   </div>
   <div class='ocr_carea' id='block_1_5' title="bbox 0 0 1244 4042">
    <p class='ocr_par' dir='ltr' id='par_1_7' title="bbox 0 0 1244 4042">
     <span class='ocr_line' id='line_1_38' title="bbox 0 0 1244 4042; baseline 0 0"><span class='ocrx_word' id='word_1_235' title='bbox 0 0 1244 4042; x_wconf 95' lang='lat' dir='ltr'> </span> 
     </span>
    </p>
   </div>
  </div>
 </body>
</html>
