2467 4042
475 203 519 274 ll,
536 208 695 260 209-282.
804 222 944 259 rmruon
1048 203 1090 267 29

162 373 288 452 Quique
311 373 476 434 recurratis
498 370 574 434 ludit
596 369 772 434 Maeandros
795 373 827 431 in
849 370 956 452 undis,

162 462 404 543 Mygdoniusque
426 460 517 522 Melas
540 469 571 521 et
593 459 756 522 Taenarius
778 458 924 521 Eurotas.

162 553 251 612 Arsit
272 558 304 611 et
325 549 493 629 Euphrates
514 548 716 630 Babylonius,
739 551 814 610 arsit
835 547 983 628 Orontes,

163 639 418 717 Thermodonque
433 640 530 719 citus,
545 637 738 719 Gangesque,
751 645 783 698 et
795 636 918 718 Phasis,
931 646 963 698 et
976 636 1089 697 Hister.

84 739 149 790 erro
164 730 293 789 Aestuat
315 727 468 808 Alpheus,
489 729 572 806 ripae
592 725 790 806 Spercheides
813 726 936 787 ardent:

165 816 317 895 Quodque
332 834 387 877 suo
401 815 500 895 Tagus
513 832 600 877 amne
613 815 717 895 vehit,
735 814 802 875 fluit
815 814 956 894 ignibus,
974 831 1094 875 eurum:

165 905 208 966 Et
231 923 307 983 quae
330 904 479 965 Maeonias
501 903 689 966 celebrarant
711 904 841 965 carmine
864 905 944 982 ripas

165 993 342 1054 Flumineae
364 993 524 1073 volucres,
546 993 646 1054 medio
668 991 787 1054 caluere
811 991 951 1071 Caystro.

166 1082 256 1143 Nilus
279 1084 311 1142 in
332 1089 501 1143 orhemum
522 1082 600 1161 iugit
621 1083 801 1161 perterritus
824 1080 928 1142 orbem

89 1184 152 1234 255
167 1169 368 1249 Occuluitque
391 1178 503 1251 caput,
524 1170 605 1250 quod
633 1170 730 1231 adhuc
755 1169 849 1231 latet.
878 1171 953 1230 ostia
980 1177 1094 1249 septem

167 1258 381 1321 Pulverulenu
403 1268 509 1320 vacant
521 1307 530 1341 ,
554 1267 669 1339 septem
692 1261 757 1320 sine
779 1257 902 1319 llnmine
924 1257 1033 1319 ualles.

167 1348 246 1408 Fors
269 1347 373 1408 eadem
394 1346 534 1409 Ismarios
556 1346 691 1409 llebrum
714 1365 783 1409 cum
807 1347 964 1427 Strymone
986 1348 1095 1427 siccat,

167 1436 391 1516 Hesperiosque
401 1454 516 1517 amnes,
526 1434 1095 1517 RhenumllhodanumquePadumque,

168 1526 287 1603 Cuique
311 1526 369 1585 luit
390 1542 494 1586 rerum
516 1527 663 1605 promissa
685 1527 818 1605 potentie
830 1572 840 1605 ,
863 1523 1016 1603 Thybrin.

94 1627 154 1676 eso
169 1612 286 1674 Dissilit
308 1630 396 1673 omne
418 1613 539 1695 solum,
561 1622 757 1694 penetratque
779 1615 812 1674 in
831 1613 954 1673 Tartara
976 1612 1060 1673 rimis
1128 1612 1131 1618 '

168 1702 285 1763 Lumen
309 1709 340 1762 et
361 1702 514 1763 internum
536 1710 632 1763 terret
654 1721 723 1764 cum
746 1705 871 1781 coniuge
893 1717 1012 1781 regem.

168 1791 210 1851 Et
231 1808 313 1851 mare
335 1790 524 1851 contrahitur
536 1837 546 1870 ,
569 1792 725 1871 siccaeque
755 1798 801 1852 est
824 1807 946 1869 campus
968 1790 1095 1850 harenae

169 1879 257 1950 Quod
271 1878 361 1939 modo
373 1888 485 1958 pontus
499 1888 581 1960 ernt3
595 1897 731 1959 quosque
741 1878 834 1940 altum
842 1886 958 1940 texerat
967 1894 1097 1960 aequor,

169 1968 329 2029 Exsistunt
351 1975 469 2028 montes
487 1976 519 2029 et
541 1986 659 2048 sparsas
682 1968 823 2047 Cycladas
846 1975 972 2047 augent.

99 2068 153 2119 265
169 2057 231 2116 lma
253 2063 363 2135 petunt
383 2057 504 2138 pisces,
526 2075 583 2117 neo
605 2074 639 2117 se
662 2074 754 2136 super
776 2073 905 2135 aequora
928 2057 1012 2117 curvi

169 2143 290 2206 Tollere
313 2154 472 2205 consuetas
494 2146 605 2206 audent
627 2144 782 2225 delphines
805 2148 837 2205 in
860 2162 962 2205 auras.

171 2232 304 2312 Corpora
326 2232 491 2312 phocarum
513 2252 630 2295 summo
653 2236 794 2312 resupina
815 2232 964 2312 profundo

171 2321 353 2382 Exanimata‘
368 2329 491 2383 natant.
519 2325 618 2402 ipsum
643 2339 761 2401 quoque
785 2320 881 2382 Nereo
903 2322 979 2382 lama
1003 2326 1049 2379 cst

173 2410 342 2489 Doridaque
365 2418 398 2470 et
419 2418 502 2472 natas
525 2410 634 2490 tepidis
657 2411 779 2472 latuisse
802 2408 859 2470 sub
883 2412 992 2471 antris.

102 2512 157 2562 πο
172 2499 233 2559 Ter
254 2498 414 2577 Neptunus
436 2501 520 2578 aquis
543 2517 613 2561 cum
635 2507 721 2559 torro
743 2497 881 2559 bracchia
903 2496 987 2558 vultu

172 2586 321 2648 Exserere
344 2604 436 2648 ausus
458 2596 545 2670 erat3
567 2595 615 2649 ter
638 2605 698 2647 non
720 2587 790 2648 tulit
811 2588 889 2648 aeris
911 2588 1013 2663 ignes.

173 2676 255 2736 Alma
277 2683 377 2736 tamen
401 2675 524 2757 Tellus,
548 2673 597 2753 [ut
618 2684 685 2737 erat
706 2675 887 2737 circumdata
909 2682 1020 2753 ponto,

171 2764 255 2826 luter
277 2781 369 2843 aquus
391 2764 487 2844 pelagi
509 2772 680 2826 contractos
701 2764 834 2843 undique
856 2764 973 2843 lentes,

173 2853 232 2924 Qui
254 2870 288 2913 se
310 2852 505 2914 condiderant
527 2855 558 2914 in
581 2871 691 2936 opacae
714 2855 827 2914 viscera
845 2853 966 2932 matris,

104 2953 158 3003 2⁵15
174 2941 304 3002 Sustulit
325 2940 498 3022 oppressos]
522 2940 598 3002 collo
622 2950 710 3003 tenus
733 2941 815 3002 arida
837 2941 955 3015 vultus,

173 3029 380 3109 opposuitque
403 3047 524 3091 manum
546 3031 639 3090 tronti
651 3076 662 3110 ,
683 3047 850 3109 magnoque
872 3038 1004 3089 tremore

173 3117 280 3179 Omnia
303 3121 479 3179 concutiens
501 3119 623 3198 paulum
646 3118 782 3179 subsedit
803 3126 835 3178 et
855 3118 934 3178 inira

174 3206 269 3276 Quam
292 3206 369 3267 solet
391 3224 480 3288 esse,
502 3208 582 3286 iuit;
605 3224 749 3286 sacraque
771 3208 813 3268 ita
826 3223 899 3266 uoce
913 3204 1011 3265 locuta
1035 3212 1099 3264 est:

173 3291 218 3355 ‘Si
231 3295 331 3374 placet
343 3294 423 3376 hoc,
439 3297 596 3375 meruique
609 3342 620 3376 ,
638 3296 710 3374 quid
728 3314 746 3356 o
760 3303 812 3358 tua
826 3294 949 3355 fulmins
964 3301 1099 3372 cessant,

104 3396 159 3445 280
173 3383 297 3445 Summe
320 3380 440 3444 deum?
461 3382 548 3445 liceat
570 3386 721 3463 periturae
745 3383 859 3444 viribus
882 3384 959 3461 ignis

171 3471 244 3551 lgue
266 3474 367 3551 perire
390 3480 466 3552 tuo,
487 3471 661 3551 clademque
684 3481 806 3533 auctore
829 3471 943 3532 levare.

172 3558 228 3621 Vix
250 3559 391 3640 equidem
413 3562 520 3622 lauces
538 3560 612 3622 hece
633 3564 698 3640 ipsa
720 3563 752 3621 in
774 3557 864 3622 verba
887 3552 1015 3620 resolvo'
1038 3589 1080 3600 -
