2467 4042
162 217 227 284 306
326 234 474 272 neamus
575 216 753 273 ΜΕΤΑΜΜ.

249 381 346 444 Huius
369 398 451 443 emor
474 398 587 462 curae,
608 383 704 461 petria
727 380 915 463 Curibusque
939 385 1071 467 relictis,

249 470 353 552 Fecit,
375 478 410 532 ut
431 468 573 532 Herculei
594 478 767 549 penetraret
788 471 824 532 ad
847 472 975 551 hospitis
997 474 1132 539 urbem.

250 559 337 621 Graia
358 560 426 638 quis
448 556 557 619 italicis
579 565 683 620 auctor
706 560 856 638 posuisset
872 562 904 620 in
926 563 988 622 oris

202 660 236 710 to
249 647 389 728 Moenia,
411 647 566 726 quaerenti
588 648 633 708 sic
654 664 673 707 e
696 646 863 708 senioribus
885 666 966 710 nnus

249 734 375 797 Rettulit
395 734 570 816 indigenis,
591 736 702 797 veteris
725 753 785 796 non
807 737 920 797 inscius
943 740 1025 801 aevi:

249 820 348 886 ‘Dives
371 822 407 884 ab
430 821 548 885 Oceano
572 821 670 885 mrbus
688 822 756 884 lore
780 831 867 885 natus
890 822 1012 886 Hiberis

248 910 348 974 Litora
370 911 449 973 ieiicl
471 913 603 972 tenuisse
627 909 745 973 lacinia
768 930 859 974 cursu

248 1000 383 1082 Fertur,
405 1007 436 1060 et
459 1007 593 1061 armento
615 1007 735 1061 teneras
757 1008 876 1062 marite
899 1019 956 1081 per
977 1002 1089 1064 herbas

203 1099 234 1150 tt
248 1088 315 1170 lpse
337 1088 457 1150 domum
480 1089 580 1167 magni
601 1104 658 1149 nec
680 1087 827 1169 inhospita
851 1097 928 1151 tecta
950 1089 1094 1153 Crotonis

247 1177 376 1238 lutrense
399 1184 431 1239 et
451 1179 555 1255 requie
577 1175 699 1255 longum
721 1175 867 1238 relevasse
890 1177 1041 1260 iaborem3

247 1266 343 1344 Atque
365 1267 406 1326 ita
429 1264 607 1346 discedens,
631 1259 738 1325 “aevo'
761 1263 872 1326 dixisse
895 1260 1052 1346 ‘rrepoinnr

247 1351 302 1414 Hic
320 1352 403 1415 locus
426 1352 510 1414 urbis
533 1355 591 1415 erit
604 1347 636 1413 .'’
658 1354 864 1432 prorelssaque
886 1371 956 1415 sera
980 1356 1127 1420 inessent.

247 1440 320 1502 Nam
344 1442 401 1502 init
422 1439 558 1520 Argolico
581 1448 741 1520 generatus
763 1440 905 1502 Alemone
928 1442 1050 1521 quidam

200 1542 234 1592 ιο
248 1528 414 1610 llyscelos,
435 1528 516 1590 illius
539 1528 585 1589 dis
608 1530 834 1608 acceptissimus
856 1531 937 1591 aovi.

246 1617 334 1681 Hunc
356 1633 447 1697 super
469 1615 645 1679 incumbens
667 1634 806 1696 pressum
827 1618 971 1698 mediate
994 1624 1116 1700 soporis

247 1705 380 1786 Cianiger
402 1704 584 1783 alloquitur:
606 1699 763 1786 “patrias,
786 1722 862 1787 age,
885 1705 991 1768 desere
1014 1708 1125 1772 sedes:

245 1793 260 1855 l
272 1841 282 1877 ,
303 1801 372 1873 pete
395 1792 505 1855 diversi
527 1791 673 1872 lapidosas
697 1793 814 1855 deseris
836 1789 956 1855 undas'’

246 1880 285 1943 Et
297 1929 306 1964 ,
328 1882 386 1943 nisi
408 1882 564 1962 paruerit,
586 1881 680 1942 multa
702 1899 736 1944 ec
758 1882 916 1944 metuenda
939 1885 1090 1948 minatur.

199 1981 232 2033 tt
246 1971 318 2032 Post
340 1988 376 2032 ea
398 1969 555 2031 discedunt
575 1972 689 2049 pariter
712 1987 893 2050 somnusque
917 1970 1073 2052 deusque:

248 2059 350 2139 Surgit
371 2057 558 2121 Alemonides
581 2060 728 2138 tacitaque
752 2061 885 2121 recentia
907 2069 1006 2122 mente

245 2146 313 2210 Visa
336 2149 430 2209 reiert
442 2194 451 2229 ,
473 2154 645 2227 pugnatque
668 2147 719 2209 diu
742 2150 889 2209 sententia
913 2166 1032 2211 sonim.

246 2235 365 2299 Numen
388 2235 470 2297 abire
492 2235 597 2297 iubet:
618 2234 780 2315 prohibent
802 2235 955 2299 discedere
978 2237 1080 2318 leges,

245 2323 404 2405 Poenaque
426 2341 507 2387 mors
528 2325 626 2404 posita
649 2331 696 2386 est
717 2325 842 2404 patriam
864 2333 980 2387 mutere
1003 2327 1115 2389 volenti

197 2426 232 2476 to
246 2412 394 2476 Candidus
417 2411 536 2475 Oceano
560 2411 686 2475 nitidum
709 2421 798 2493 caput
820 2412 973 2475 abdiderat
996 2413 1066 2493 Sol,

245 2502 284 2564 Et
302 2510 391 2582 caput
412 2500 559 2563 extulerat
581 2500 755 2563 densissima
778 2500 928 2563 sidereum
950 2501 1034 2566 Nox:

246 2589 334 2652 Visus
357 2589 460 2655 adesse
483 2589 562 2651 idem
585 2588 659 2650 deus
683 2597 732 2651 cst
752 2589 916 2670 eademqne
937 2607 1078 2672 monere,

245 2678 306 2761 Et,
328 2679 385 2740 nisi
407 2679 563 2760 paruerit,
584 2677 671 2757 plurra
694 2685 725 2739 et
746 2680 880 2757 graviora
903 2681 1026 2741 minari.

244 2766 423 2829 Pertimuit.
450 2767 639 2847 patriumque
662 2765 750 2828 simul
773 2767 936 2828 transferre
959 2766 1083 2846 parabat

197 2866 231 2918 ot
245 2855 279 2918 ln
302 2856 388 2917 sedes
410 2853 562 2935 penetrale
586 2871 698 2936 novas,
720 2854 754 2916 ilt
775 2872 912 2916 murmur
933 2856 965 2915 in
987 2855 1081 2937 urbe,

246 2944 478 3025 Spretarumque
502 2944 598 3023 agitur
621 2942 719 3023 legum
742 2960 834 3005 reus.
862 2950 954 3022 utque
977 2954 1097 3023 peraeta
1119 2956 1163 3008 est

246 3033 340 3096 Causa
361 3034 466 3114 prior,
489 3032 663 3110 crimenque
690 3034 772 3112 patet
798 3033 863 3092 sine
891 3039 968 3093 teste
990 3032 1162 3116 probatum,

247 3120 405 3201 Squalidus
428 3120 464 3183 ad
487 3138 613 3200 superos
637 3119 743 3182 tollens
765 3135 836 3181 reus
859 3136 911 3180 ora
934 3137 1098 3199 manusque

246 3205 295 3271 “0
319 3211 368 3271 cui
390 3210 438 3271 ius
461 3208 534 3271 caeli
556 3207 602 3270 lois
625 3226 678 3270 sex
702 3208 801 3269 iecere
819 3207 952 3290 labores,

198 3297 328 3380 tod'er,
350 3292 469 3378 precor'
492 3298 591 3376 lnquit
613 3292 732 3377 ‘opemi
758 3313 826 3358 nam
848 3305 882 3359 tu
905 3297 977 3357 mihi
1000 3300 1130 3360 criminis

1020 3383 1158 3450 auctor.”

245 3474 309 3537 llos
332 3482 397 3537 erat
418 3476 558 3555 antiquus
580 3475 674 3537 niveis
697 3476 830 3554 atrisque
852 3472 977 3557 lapillis,

245 3561 298 3622 llis
321 3561 460 3624 damnare
483 3580 574 3647 reos,
596 3562 654 3624 illis
677 3561 828 3638 absolvere
852 3562 954 3643 culpa.
