2467 4042
164 229 209 306 35
581 229 753 281 rmsmuu

187 407 239 456 555
254 393 388 473 Cumque
411 391 516 454 ieiellit
537 410 639 452 amans
660 391 759 471 aliqua
780 395 910 454 purime
931 396 1095 478 maritum,

253 481 408 544 Plaudltur
430 490 461 542 et
483 498 590 559 magno
612 479 709 558 palma
731 481 831 540 lavore
853 481 962 543 datur.

254 569 400 650 Quodque
423 571 522 630 minus
545 568 691 649 prodest,
712 586 820 629 amena
842 578 890 629 est
910 570 1028 631 lucrosa
1049 584 1191 657 poetae,

254 657 408 738 Tantaque
431 675 490 718 nou
514 674 605 735 parvo
627 658 752 717 crimina
773 665 895 736 praetor
916 661 1004 719 emit.

254 745 370 825 Inspice
393 745 533 806 ludorum
555 753 716 824 sumptus,
738 746 893 825 Auguste,
915 754 1053 808 tuorum:

188 847 240 897 515
255 833 361 914 Empta
384 833 438 896 tibi
461 851 568 912 magno
590 833 660 893 talia
682 832 774 894 marita
796 833 894 911 leges.

254 922 334 983 Haec
356 931 390 983 tu
413 924 555 1000 spectasti
577 921 796 1001 spectandaque
820 939 909 1000 saepe
932 921 1055 1002 dedisti,
1076 958 1125 969 —

253 1010 390 1072 Maiestas
412 1010 486 1070 adeo
509 1011 602 1070 comis
624 1007 736 1088 ubique
759 1017 810 1070 tua
832 1017 879 1070 est
900 1042 938 1053 -

254 1097 490 1177 Luminibusque
512 1099 595 1177 tuis,
616 1104 700 1158 totus
722 1095 832 1176 quibus
854 1099 950 1159 utitur
971 1098 1073 1179 orbis,

255 1187 396 1248 Scaenica
418 1186 518 1247 vidisti
539 1184 639 1246 lentus
661 1185 826 1246 adulteria.

188 1285 240 1336 555
255 1274 393 1336 Scribere
417 1276 444 1334 si
466 1271 509 1334 las
532 1280 579 1333 est
600 1275 751 1334 imitantes
773 1276 872 1352 turpia
894 1275 1017 1354 mimos,

254 1362 393 1424 Materiae
417 1363 513 1423 minor
536 1370 582 1423 est
605 1361 703 1423 debita
725 1379 821 1441 poena
843 1378 934 1422 meae.

254 1453 299 1512 lin
321 1469 417 1530 genus
439 1449 497 1511 hoe
520 1451 624 1529 scripti
647 1449 760 1510 iaciunt
781 1468 835 1510 sua
856 1449 970 1529 pulpita
993 1459 1117 1533 tutum,

256 1538 401 1619 Quodque
424 1537 495 1599 licet
507 1585 515 1617 ‚
538 1539 637 1598 mimis
660 1555 766 1599 scaena
787 1538 879 1599 licere
903 1534 1009 1599 dedit?

254 1625 292 1688 Et
315 1644 380 1688 mea
403 1636 474 1687 suut
495 1624 605 1706 populo
629 1625 732 1687 saltata
755 1634 890 1706 poemata
913 1643 1019 1707 saepe,

189 1726 241 1777 550
257 1715 350 1794 Saepe
374 1713 476 1776 oculos
499 1715 588 1774 etiam
611 1714 767 1774 detinuere
790 1722 875 1775 tuos.

214 1801 217 1808 '
257 1802 377 1864 Scilicet
398 1805 429 1863 iu
453 1801 590 1863 domibus
613 1804 724 1862 nostris
747 1810 782 1863 ut
804 1804 901 1881 prisca
923 1804 1055 1863 virorum

255 1891 385 1952 Artificis
408 1890 522 1968 fulgent
545 1907 670 1970 corpora
692 1891 771 1968 picta
794 1907 900 1970 manu,

256 1978 328 2059 Sic,
352 1996 426 2058 quae
450 1977 627 2039 concubitus
650 1979 747 2038 varios
770 1980 946 2056 venerisque
968 1978 1078 2057 figuras

255 2065 429 2147 Exprimat,
453 2074 499 2127 est
521 2065 619 2145 aliquo
642 2083 732 2145 parva
755 2065 860 2126 tabella
884 2065 968 2127 loco.

190 2166 241 2217 555
256 2154 353 2234 thue
378 2155 461 2216 sedet
484 2153 568 2214 vultu
590 2154 688 2214 lassus
711 2153 900 2214 Telamonius
923 2156 1018 2234 iram,
1057 2176 1061 2182 ·

255 2242 349 2322 Inque
372 2242 467 2305 oculis
490 2244 604 2304 lacinus
627 2241 752 2302 barbara
775 2250 870 2303 mater
891 2240 998 2321 habet,

256 2331 304 2393 Sic
328 2330 460 2391 madidos
483 2332 574 2392 siccat
597 2330 697 2408 digitis
719 2328 820 2391 Venus
842 2330 900 2391 uda
924 2329 1064 2410 capillos,

255 2418 294 2480 Et
315 2419 403 2481 modo
425 2420 567 2495 maternis
591 2427 668 2479 tecta
691 2418 808 2479 videtur
831 2420 932 2497 aquis.
950 2439 956 2444 ·

256 2505 335 2568 Bella
359 2514 465 2568 sonant
488 2506 536 2567 alii
560 2506 627 2567 tells
649 2508 796 2567 instructa
819 2508 972 2586 cruentis,

191 2606 242 2656 555
257 2594 387 2674 Parsque
410 2596 456 2654 tui
477 2596 618 2674 generis,
640 2612 710 2674 pars
732 2602 783 2655 tua
806 2593 882 2655 iacta
905 2601 1031 2655 canunt.

256 2682 356 2744 lurida
378 2699 426 2742 me
450 2684 545 2762 spatio
568 2690 674 2743 natura
697 2683 831 2743 coercuit
853 2691 935 2764 arto,

255 2771 376 2850 iugenio
399 2771 477 2831 vires
501 2772 680 2850 exiguasque
704 2769 805 2831 dedit.

254 2857 294 2920 Et
317 2866 414 2919 tamen
437 2857 487 2918 ille
511 2865 579 2921 tuae
602 2858 673 2920 lelix
695 2857 841 2919 Aeneidos
864 2865 968 2919 auctor

256 2945 388 3008 Contulit
410 2947 441 3007 in
464 2946 570 3026 Tyrios
593 2964 673 3007 arma
698 2949 853 3025 virumque
877 2955 977 3027 toros,

190 3047 240 3097 555
255 3035 317 3096 Ν55
340 3033 448 3113 legitur
470 3052 539 3115 pars
562 3033 623 3096 ulla
646 3037 739 3114 magis
762 3035 798 3095 de
822 3052 947 3114 corpore
970 3042 1051 3116 toto,

256 3123 350 3194 Quam
374 3140 433 3184 non
457 3122 589 3203 legitimo
613 3123 733 3184 loedere
755 3125 876 3184 iunctus
899 3140 998 3183 amor.

256 3209 397 3291 Phyllidis
420 3210 469 3272 bic
491 3211 571 3273 idem
594 3221 774 3291 teneraeque
796 3211 982 3291 Amaryllidis
1004 3213 1089 3291 ignes

255 3299 403 3362 Bnoollcls
426 3302 542 3362 iuvenis
565 3299 678 3361 luserat
700 3308 767 3360 aute
791 3299 904 3361 modis.

256 3388 317 3450 Nos
341 3405 460 3467 quoque
483 3391 540 3449 iam
564 3387 681 3467 pridem
704 3390 816 3467 scripto
839 3389 1027 3467 peccavimus
1048 3390 1131 3451 isto:

190 3487 242 3538 oia
257 3475 443 3555 Supplicium
465 3479 578 3557 patitur
600 3493 660 3536 nou
683 3494 758 3537 nova
780 3475 867 3555 culpa
891 3494 1020 3556 novum3

257 3563 452 3641 Caeninaque
477 3563 650 3644 edideram,
673 3582 742 3626 cum
765 3572 795 3624 te
818 3563 927 3626 delicta
949 3573 1101 3626 notantem
