2467 4042
411 283 467 356 111,
488 282 549 345 361
563 317 601 328 -
614 282 687 347 436.
1001 284 1064 351 21⁹

116 436 161 496 Tu
176 438 247 498 lieet
260 442 291 496 et
302 435 487 513 Thamyram
502 451 632 512 superes
648 444 680 497 et
692 436 851 499 Amoebea
866 445 967 505 cantu.

48 531 106 584 too
157 521 225 582 Non
241 520 298 580 erit
312 519 437 595 ignotae
453 521 550 595 gratia
563 536 675 596 magna
688 523 785 599 lyrae.

118 604 152 665 Si
166 606 321 665 Venerem
337 602 421 664 Cous
436 620 590 679 nusquam
603 603 765 680 posuisset
776 605 914 680 Apelles,

160 689 265 748 Mersa
278 687 337 747 sub
352 689 516 761 aequoreis
530 687 582 748 iiia
595 690 705 749 lateret
715 689 816 763 aquis.

117 772 198 845 Quid
213 771 326 846 petitur
339 771 454 845 saeris,
477 771 536 832 nisi
553 779 669 833 tantum
683 773 779 847 fama,
801 774 925 848 poetis?

159 856 228 916 Hoo
241 863 347 916 votum
362 856 461 915 nostri
472 872 592 916 summa
605 855 721 917 laboris
736 855 838 917 habet.

51 949 104 1003 too
116 940 198 1001 cura
214 939 307 1000 deum
326 940 448 1000 fuerant
461 939 533 999 olim
547 955 717 1015 regumque
731 947 857 1014 poetae=

159 1023 361 1097 Praemiaque
377 1022 493 1097 antiqui
508 1039 620 1098 magna
633 1023 730 1084 tulere
744 1023 839 1085 chori.

118 1107 297 1181 Sanctaque
310 1105 455 1167 maiestas
471 1113 502 1168 et
518 1114 583 1166 erat
596 1107 772 1168 venerabile
785 1123 898 1170 nomen

160 1190 308 1264 Vatibus,
330 1197 361 1251 et
374 1192 479 1263 largae
494 1206 590 1266 saepe
605 1190 757 1251 dabantur
770 1207 858 1267 opes.

115 1276 236 1335 Ennius
252 1274 394 1345 emeruit,
419 1274 554 1335 Calabris
570 1275 600 1334 in
615 1275 769 1336 montibus
785 1282 879 1349 onus,

52 1368 105 1423 ilo
159 1358 329 1432 Contiguus
345 1358 433 1433 poni,
455 1357 560 1433 Scipio
578 1374 703 1433 magne,
725 1357 788 1419 tibi.

115 1443 205 1503 Nune
218 1442 333 1502 ederae
348 1442 416 1501 sine
429 1441 548 1503 honore
563 1442 677 1513 iacent,
701 1449 890 1519 operataque
904 1443 1005 1505 doctis

161 1526 244 1586 Cura
255 1525 331 1600 vigit
345 1525 444 1586 Musis
458 1542 571 1586 nomen
586 1525 691 1586 inertis
706 1525 808 1587 habet

116 1609 182 1671 Sed
198 1610 299 1670 tamne
312 1609 440 1684 vigilare
453 1609 546 1670 iuvat.
583 1609 658 1682 Quis
672 1617 780 1670 nosset
792 1610 967 1683 Homerum,

160 1694 233 1753 ilias
249 1700 408 1753 aeternum
421 1693 449 1752 si
462 1692 602 1756 latuisset
618 1700 722 1767 opust

53 1789 104 1842 415
115 1778 190 1851 Quis
207 1778 336 1838 Danaen
353 1784 476 1850 nosset,
499 1776 526 1836 si
541 1791 665 1851 semper
679 1778 764 1837 elusa
778 1779 896 1850 fuisset,

158 1864 258 1936 inque
273 1877 331 1922 sua
343 1860 418 1921 turri
435 1860 631 1935 perlatuisset
644 1868 745 1921 anust
785 1885 787 1890 ·

115 1946 207 2007 Uatis
224 1951 274 2005 est
286 1945 395 2019 vobis,
415 1945 608 2017 sonnonsae,
630 1944 735 2016 turba,
759 1945 889 2018 puellae.

160 2029 265 2104 Saepe
279 2043 378 2103 vagos
395 2030 473 2089 nitra
488 2029 592 2088 limina
607 2029 684 2087 terte
699 2028 806 2104 pedes.

115 2114 167 2174 Ad
182 2114 295 2174 multas
310 2112 386 2187 lupa
399 2112 495 2172 tendit
509 2126 602 2183 oves,
628 2113 792 2187 praedetur
808 2120 841 2173 ut
856 2130 958 2187 unam,

54 2207 106 2261 m
155 2198 195 2257 Et
209 2196 294 2257 lovis
310 2196 342 2256 in
356 2197 465 2256 multas
481 2196 605 2256 devolat
616 2197 683 2255 aies
697 2211 784 2256 aves.

119 2281 160 2343 Se
175 2296 302 2357 quoque
317 2280 371 2341 det
383 2280 500 2357 popuio
516 2279 624 2340 mulier
639 2281 785 2358 speciosa
797 2280 977 2341 videndam.

160 2365 257 2438 Quem
271 2364 385 2438 trahat,
407 2379 425 2424 e
440 2364 540 2424 multis
555 2364 683 2424 forsitan
697 2380 778 2424 unus
793 2365 858 2423 erit.

118 2448 268 2510 Omnibus
281 2449 335 2508 iila
348 2448 426 2509 iocis
443 2454 564 2508 maneat
580 2447 721 2509 studiosa
739 2447 890 2522 placendi,

158 2533 198 2592 Et
212 2547 318 2592 euram
331 2539 397 2594 tota
409 2540 510 2593 mente
525 2531 648 2592 decoris
663 2539 743 2606 agat.

56 2625 106 2679 trs
116 2618 216 2679 Casus
231 2615 347 2690 ubique
360 2616 452 2677 valet.
489 2614 619 2689 Semper
633 2613 686 2676 tibi
703 2615 837 2690 pendeat
851 2616 977 2677 hamusa

161 2701 229 2774 Quo
244 2698 368 2760 minime
383 2699 493 2760 eredas
508 2699 641 2774 gurgite,
664 2698 761 2774 pisois
776 2699 842 2759 erit.

119 2784 223 2860 Saepe
238 2799 333 2844 canes
348 2785 462 2845 frustra
476 2783 649 2844 nemorosis
664 2782 818 2844 montibus
833 2790 943 2855 errant,

159 2869 260 2944 Inque
275 2868 396 2943 plagam
412 2867 496 2927 nullo
511 2881 623 2927 cervus
641 2873 751 2941 agente
766 2867 856 2926 venit.

118 2952 199 3027 Quid
215 2951 317 3012 minus
331 2950 550 3011 Andromedae
564 2950 662 3010 iuerat
676 2964 803 3026 sperare
816 2949 980 3022 revinctae,

57 3044 107 3101 oo
160 3036 260 3111 Quam
275 3033 417 3096 lacrimas
432 3035 485 3095 ulii
502 3049 597 3108 posse
612 3035 735 3108 plaeere
750 3041 846 3094 suast

117 3120 240 3181 Funere
255 3133 351 3193 saepe
363 3118 422 3177 viri
439 3119 487 3177 vir
502 3117 668 3193 quaeritur.
689 3118 733 3178 ire
751 3117 860 3179 solutis

162 3202 305 3264 crinibus
321 3209 353 3264 et
364 3200 455 3263 fietus
471 3217 532 3262 non
546 3202 686 3262 tenuisse
700 3202 799 3262 decet.

118 3287 184 3348 Sed
198 3287 294 3347 vitate
307 3286 392 3348 viros
407 3288 519 3347 auitum
534 3286 725 3360 formamque
740 3284 913 3361 professos,

162 3370 282 3445 Quique
297 3386 372 3430 suas
387 3377 505 3445 ponunt
518 3369 549 3429 in
564 3368 695 3429 statione
710 3384 826 3430 eomas.

57 3463 105 3519 tto
117 3455 205 3530 Quae
217 3453 310 3515 vobis
326 3451 448 3528 mount,
469 3453 613 3513 dixerunt
626 3452 708 3513 mille
722 3452 849 3528 puellisa

159 3537 250 3600 Errat
262 3544 292 3598 et
308 3538 338 3597 in
353 3538 435 3598 nodia
448 3537 524 3597 sede
538 3544 674 3598 moratur
687 3552 782 3598 amor.
