2467 4042
222 254 286 317 176
540 256 545 264 ·
634 252 684 302 nx
700 251 820 303 rouro
914 247 917 252 ·

354 418 398 479 Ad
420 416 564 477 medicam
589 413 697 476 dubius
720 415 854 494 confugit
876 432 964 494 aeger
986 433 1096 495 opem.

309 505 375 565 Non
399 523 474 584 opus
497 513 543 564 est
565 505 679 581 magnis
701 501 815 581 placido
839 502 950 564 lectore
972 506 1092 586 poetis3

263 606 304 668 104
356 591 522 663 Quamlibet
545 594 670 652 invitum
693 589 902 669 difficilemque
926 597 1048 652 tenent.

310 680 392 760 Nos,
416 679 524 759 quibus
547 681 699 757 ingenium
721 677 801 757 longi
823 682 958 740 minuere
980 678 1124 764 iabores,

354 768 413 828 dut
436 770 524 828 etiam
547 766 662 827 nulfum
686 768 809 826 forsitan
832 775 899 828 anto
924 767 996 846 fnit,

312 855 431 916 Viribus
453 857 585 937 infirmi,
608 863 707 915 vestro
731 854 858 915 candore
883 854 1032 917 valemus:

356 943 450 1013 Quem
473 942 546 1004 mihi
569 945 595 1003 si
617 941 740 1023 demaS,
763 944 861 1003 omnia
883 950 967 1022 rapta
988 952 1115 1022 putem.

265 1047 296 1096 15
312 1031 483 1110 Cunctaque
507 1049 574 1092 cnm
597 1049 663 1091 mea
686 1032 746 1091 sint
767 1049 915 1109 propenso
938 1033 1007 1091 nina
1029 1032 1155 1117 favore,

355 1119 551 1199 Praecipuum
575 1120 675 1179 veniae
699 1120 745 1178 ins
768 1117 858 1179 habet
879 1118 928 1179 ifle
951 1117 1048 1180 iiber.

313 1208 485 1289 Spectatum
508 1215 588 1267 vates
612 1206 660 1266 alii
684 1208 831 1285 scripsere
855 1206 1059 1285 triumphum.

356 1295 410 1355 Est
433 1294 541 1373 aliquid
565 1297 690 1355 memori
713 1296 774 1355 visa
797 1302 900 1355 notare
924 1312 1031 1355 manu.

311 1384 371 1445 Nos
394 1402 429 1444 ea
452 1385 498 1442 vix
523 1383 635 1443 avidam
659 1380 744 1461 vulgo
768 1390 883 1461 captata
905 1401 960 1462 per
982 1400 1092 1446 aurem

265 1486 299 1534 20
359 1471 539 1551 Scripsimus
552 1518 561 1551 ,
585 1479 673 1549 atque
697 1469 775 1530 oculi
797 1472 872 1530 fama
896 1471 979 1531 fuere
1003 1475 1086 1534 mei.

314 1559 433 1621 Scilicet
455 1560 578 1619 affectus
601 1557 734 1638 similes,
758 1566 809 1618 aut
831 1561 960 1638 impetus
982 1559 1065 1621 idem

357 1646 458 1708 Rebus
481 1646 517 1706 ab
543 1645 651 1707 auditis
675 1648 902 1725 conspicuisque
926 1643 1032 1707 veuit?

312 1735 374 1797 Nec
397 1725 476 1795 nitor
499 1736 636 1815 argenti,
659 1752 748 1812 quem
770 1752 821 1794 vos
845 1735 980 1814 vidistis,
1005 1742 1035 1795 et
1061 1740 1134 1799 auri
1194 1753 1222 1802 (tt

358 1823 442 1895 Quod
465 1822 538 1883 mihi
561 1822 711 1902 defuerit,
734 1840 926 1902 purpuraque
949 1821 1020 1901 itta,
1045 1840 1184 1902 queror:

265 1924 299 1973 25
315 1911 372 1972 Sed
395 1909 481 1991 foca,
505 1910 556 1970 sed
579 1919 682 1988 gentes
706 1912 848 1972 formatae
872 1909 949 1970 mifie
971 1910 1083 1989 figuris

358 1999 529 2059 Nutrissent
552 2016 671 2058 carmen
693 1998 864 2077 proeliaque
887 2001 951 2077 ipsa
973 2015 1099 2080 meum,

314 2087 352 2148 Et
374 2105 479 2165 regum
501 2085 623 2166 vultus,
647 2087 810 2146 certissima
834 2087 957 2164 pignora
981 2091 1117 2170 mentis,

358 2175 505 2235 iuvissent
528 2174 624 2251 aliqua
648 2175 771 2234 forsitan
794 2172 866 2233 illud
890 2191 981 2252 opus.

313 2262 469 2324 Plausibus
492 2281 528 2322 en
550 2264 624 2340 ipsis
646 2261 748 2339 populi
770 2261 905 2340 laetoque
928 2261 1026 2322 favore

267 2364 301 2413 3ο
360 2351 514 2429 Ingenium
538 2348 662 2429 quodvis
684 2349 841 2409 incaluisse
864 2358 978 2428 potest.

315 2437 446 2515 Tamque
474 2455 529 2515 ogo
557 2438 751 2515 sumpsissem
779 2436 829 2498 taii
852 2435 978 2497 clamore
1002 2438 1170 2524 vigorem,

361 2525 455 2597 Quam
478 2525 560 2585 rudis
584 2525 683 2586 audita
707 2524 790 2585 miles
814 2524 849 2585 ad
874 2542 954 2585 arma
976 2523 1074 2588 tuba.

314 2614 439 2674 Pectora
462 2616 522 2673 sint
544 2612 630 2673 nobis
654 2611 770 2673 nivibus
792 2612 944 2692 glacieque
967 2611 1078 2676 licebit

306 2727 309 2732 ·
360 2703 455 2780 Atque
478 2701 557 2781 hoc,
580 2719 668 2779 quem
692 2703 809 2780 patior,
833 2701 985 2780 frigidiora
1006 2699 1101 2766 loco:

263 2802 297 2850 35
311 2788 362 2849 lfla
385 2790 469 2850 ducis
493 2790 583 2849 facies
606 2791 637 2849 in
661 2806 751 2849 curru
777 2792 882 2849 stantis
906 2788 1018 2849 eburno

360 2875 521 2937 Excuteret
545 2877 638 2954 frigus
662 2876 799 2936 sensibus
823 2895 909 2937 omne
933 2878 1023 2936 meis,

316 2964 369 3025 His
393 2983 446 3044 ego
461 2964 627 3044 defectus,
650 2962 807 3041 dubiisque
831 2963 1001 3025 auctoribus
1024 2982 1135 3050 usuS,

360 3052 403 3112 Ad
427 3055 518 3112 vestri
541 3054 626 3111 venio
649 3053 714 3113 iure
738 3052 846 3112 favoris
869 3070 971 3132 opem.

317 3139 377 3201 Nee
401 3140 473 3200 mihi
495 3149 564 3201 nota
587 3139 719 3219 ducum,
742 3158 798 3200 nec
821 3148 892 3200 sunt
913 3138 985 3200 mihi
1008 3151 1090 3204 nota
1117 3144 1224 3206 locoru

269 3241 303 3289 fo
361 3228 506 3288 Nomina.
549 3230 703 3288 materiam
725 3245 784 3289 non
807 3227 937 3288 habuere
960 3245 1096 3293 manns.

318 3316 390 3377 Pars
414 3325 502 3394 quota
526 3315 563 3375 de
586 3318 677 3377 tantis
700 3315 812 3395 rebus,
836 3334 924 3395 quam
946 3316 1024 3376 fama
1052 3321 1200 3400 referre,

361 3405 421 3464 Ant
443 3404 549 3483 aliquis
573 3403 658 3464 nobis
681 3403 813 3466 seribere
836 3413 958 3485 posset,
982 3405 1085 3468 erat?

319 3491 383 3561 Quo
407 3494 521 3571 magis,
545 3510 562 3552 ο
585 3491 702 3572 lector,
726 3492 816 3553 debes
839 3495 1016 3574 ignoscere,
1045 3499 1166 3577 siquid

362 3578 501 3638 Erratum
524 3579 652 3640 estillic
675 3582 904 3659 praeteritumve
926 3579 1016 3642 mihi.
