2467 4042
195 245 260 311 276
603 253 798 305 Fasroltutr

328 412 422 493 Saepe
446 432 526 477 meas
548 414 615 477 illos
638 418 823 497 increpuisse
846 435 962 480 moras.

243 510 246 515 “
283 501 344 563 Nec
366 504 454 564 timui
476 503 513 565 de
536 511 633 565 morte
656 513 777 569 umen.
819 515 916 568 metus
939 507 1016 569 aluit
1039 511 1125 572 iste.

327 589 364 651 Ei
387 590 481 653 mihil
513 592 650 654 credibili
671 593 778 655 fortior
799 594 849 655 illa
871 595 945 657 luit.

283 676 326 738 Ne
349 679 452 740 reier.
493 683 594 758 aspexi
616 698 676 742 non
698 680 749 742 illo
772 691 893 762 pectore
916 683 1007 761 digna

217 778 268 827 oto
327 765 475 850 Volnera,
498 768 654 830 Tartareas
677 787 768 832 ausus
791 771 873 832 adire
896 771 1019 833 domos.

282 854 398 936 dtur,
422 873 476 917 seu
498 858 574 918 ratio
598 866 628 918 te
651 860 762 919 nostris
785 858 899 939 appulit
921 861 1001 939 oris,

328 942 394 1004 Sive
418 944 514 1026 deus,
536 947 623 1025 regni
645 946 797 1008 commoda
820 965 909 1027 carpe
931 950 1025 1027 mei.-

282 1030 373 1092 Multa
395 1031 450 1092 tibi
473 1050 642 1115 memores,
665 1033 707 1095 nil
729 1052 790 1096 nou
813 1033 957 1097 debemus
979 1034 1122 1098 Elissae.

326 1118 451 1180 Nomine
474 1130 557 1200 grata
579 1130 654 1203 tuo,
678 1132 760 1202 grata
783 1125 917 1204 sororis,
940 1119 1037 1185 eris.'

217 1217 269 1268 otc
283 1206 364 1268 Talia
387 1207 498 1271 dicenti
519 1243 556 1254 -
578 1228 676 1290 neque
699 1214 778 1272 enim
802 1229 871 1291 spes
894 1211 986 1272 altera
1009 1220 1112 1276 restat
1135 1248 1172 1259 -

328 1294 482 1377 Credidit,
504 1315 624 1359 errores
647 1301 843 1379 exposuitque
867 1317 955 1362 suos.

282 1383 379 1464 thue
402 1384 523 1446 domum
545 1388 668 1448 intravit
689 1387 794 1467 Tyrios
816 1388 919 1450 induta
942 1397 1091 1471 paratus,

326 1472 434 1553 lnoipit
457 1474 592 1537 deneas:
615 1508 650 1519 -
673 1483 774 1537 cetera
798 1474 884 1537 turba
906 1475 974 1537 silet
997 1509 1032 1519 —

283 1555 382 1623 ‘Hane
405 1560 460 1623 tibi
483 1580 538 1623 cur
560 1562 697 1644 tradam,
720 1565 769 1642 pia
787 1582 899 1644 cansa,
920 1563 1043 1625 Lavinia
1064 1570 1202 1649 coniunx,

217 1660 269 1712 cto
327 1648 382 1710 Est
403 1649 499 1711 mihi.
539 1653 711 1731 consumpsi
733 1652 893 1731 naufragus
915 1652 1007 1714 huius
1029 1672 1129 1734 opes.

284 1737 356 1799 Orta
378 1737 457 1818 Tyro
481 1745 527 1799 est
538 1787 548 1820 ,
570 1757 698 1819 regnum
719 1738 827 1820 Libyca
850 1740 984 1820 possedit
1005 1743 1039 1802 in
1067 1762 1142 1807 ora:

327 1825 422 1898 Quam
443 1845 552 1906 precor
574 1836 609 1889 ut
632 1846 716 1888 carae
740 1846 822 1889 more
845 1831 958 1890 sororis
981 1827 1105 1893 ames.’

284 1914 388 1976 Omnia
410 1916 580 1996 promittit,
608 1914 774 1995 falsumque
798 1914 917 1978 Lavinia
939 1917 1048 1978 volnus

326 2001 424 2064 Mente
447 2006 557 2083 premit
579 2006 690 2085 tacita,
714 2003 937 2084 dissimulatque
960 2006 1120 2071 tremens.

219 2101 270 2152 cao
285 2090 425 2170 Dnnaque
449 2109 516 2152 cum
541 2093 638 2152 videat
657 2099 779 2172 praeter
802 2111 855 2154 sua
877 2092 990 2154 lumina
1012 2093 1093 2156 ferri

327 2179 418 2241 Multa
440 2179 558 2260 palam,
582 2182 661 2242 mitti
683 2180 758 2241 clam
781 2199 900 2261 quoque
923 2180 1019 2267 multa
1040 2192 1154 2262 putat.

281 2267 347 2329 Non
370 2266 459 2328 habet
481 2277 640 2351 exactum,
663 2268 733 2348 quid
757 2279 845 2348 agat.
886 2268 1033 2331 furialiter
1059 2272 1148 2355 odit,

329 2355 368 2417 Et
389 2365 474 2435 parat
496 2357 642 2438 iusidias,
664 2366 695 2418 et
717 2359 800 2437 cupit
823 2356 884 2418 ulta
906 2359 999 2420 mori.

282 2444 347 2506 Nox
370 2453 455 2505 erat.
496 2453 563 2505 aute
586 2450 686 2505 torum
709 2447 771 2506 risa
794 2453 841 2508 est
863 2446 977 2507 adstare
1002 2451 1127 2511 sororis

218 2544 271 2595 640
330 2531 483 2612 Squalenti
506 2532 580 2594 Dido
604 2532 831 2613 sanguinulenta
855 2551 938 2595 coma

282 2620 322 2682 Et
344 2616 429 2701 ‘iuge
441 2668 451 2703 ,
474 2640 512 2683 ne
535 2620 660 2703 dubita,
684 2616 935 2735 maestumtiuge'
959 2621 1067 2754 dicere

849 2716 977 2771 tectum.

328 2796 390 2859 Sub
414 2798 538 2859 verbum
562 2798 702 2877 querulas
724 2798 833 2879 inpulit
855 2815 925 2859 aura
948 2798 1049 2861 iores.

285 2885 396 2968 Erilit,
420 2896 450 2947 et
472 2886 556 2947 velox
579 2887 684 2948 humili
707 2904 889 2967 super-arva
914 2887 1048 2948 fenestra

329 2973 368 3036 Se
391 2976 481 3036 iacit.
522 2974 665 3036 audacem
687 2976 798 3036 iecerat
819 2978 884 3055 ipse
907 2976 1014 3036 timor.

218 3074 269 3125 cto
285 3061 408 3142 Quaque
431 3069 513 3125 metu
536 3065 674 3145 rapitur,
697 3065 797 3124 tunica
819 3062 912 3124 relata
934 3064 1074 3126 recincta

328 3150 452 3235 Currit,
474 3160 509 3214 ut
531 3151 639 3214 auditis
662 3153 766 3213 territa
789 3152 904 3212 damma
926 3149 1023 3230 lupis.

286 3239 429 3320 Corniger
451 3240 527 3302 hano
550 3240 672 3301 tumidis
690 3241 829 3318 'rapuisse
851 3239 1007 3300 Numicius
1029 3242 1130 3306 undis

329 3327 489 3411 Creditur,
512 3337 543 3390 et
566 3330 678 3408 stagnis
701 3326 868 3389 occuluisse
891 3328 971 3388 suis.

287 3416 405 3477 Sidonis
428 3418 541 3478 interea
564 3434 671 3496 magno
694 3415 822 3477 clamore
845 3433 899 3496 per
921 3432 1009 3495 agros

219 3515 271 3566 650
331 3503 512 3574 Quaeritur:
545 3512 689 3585 apparent
710 3507 794 3582 signa
816 3511 962 3583 notaeque
985 3503 1128 3583 pedum:

286 3589 413 3652 Ventum
436 3600 500 3652 erat
521 3592 558 3653 ad
580 3594 678 3672 ripas:
710 3595 828 3654 inerant
850 3593 973 3672 vestigia
994 3594 1095 3673 ripis.
