2467 4042
446 272 467 322 1.
486 283 499 324 1
513 276 609 325 33-11
623 275 666 325 26.

93 447 127 497 το
187 433 336 514 Aequorei
359 432 497 513 scopulos
519 442 555 495 ut
576 441 660 496 cavat
681 433 760 495 unda
783 433 869 514 selis3

142 520 269 584 Reditur
291 529 325 583 ut
347 520 452 583 scabra
473 524 604 600 positum
627 520 762 601 robigine
785 522 917 602 sermm,

188 608 332 671 Conditus
355 618 390 671 ut
411 611 509 672 tineae
532 612 666 688 carpitur
689 627 741 671 ore
763 608 857 672 liber:

144 696 194 759 Sic
216 714 282 759 mee
304 706 466 777 perpetuos
489 715 629 759 curarum
652 705 774 777 pectora
796 715 932 777 monus,

187 784 262 847 Fine
285 785 394 866 quibus
416 784 497 847 nullo
520 786 716 847 coniiciuntur
728 833 738 867 ,
760 784 888 848 habent.

96 885 130 937 ro
143 871 205 935 Nec
228 876 313 952 prius
335 873 368 935 hi
390 882 520 935 mentem
545 873 679 954 stimuli,
705 891 794 952 quarn
817 875 877 935 rita
898 872 1065 953 relinquet3

189 960 307 1040 Quique
330 961 432 1042 dolet,
455 963 544 1023 citius
568 979 657 1041 quam
680 961 765 1023 dolor
786 963 851 1041 ipse
875 961 976 1023 cadet.

144 1046 208 1110 Hoc
226 1049 300 1109 mihi
322 1050 350 1111 si
371 1052 492 1129 superi,
510 1067 639 1128 quorum
659 1067 762 1111 sumus
785 1051 902 1130 omnia,
925 1048 1066 1130 credent,

188 1135 325 1197 Forsitan
348 1138 454 1215 exigua
476 1137 584 1215 dignus
605 1136 739 1198 habebor
760 1155 836 1219 ope,

126 1223 237 1302 ‚ioque
259 1223 359 1286 locum
383 1224 521 1304 Scythico
544 1243 671 1286 vacuum
693 1225 831 1288 mutabor
854 1224 891 1288 ab
914 1242 1003 1287 arcu.

95 1324 130 1375 80
188 1312 260 1373 Plus
282 1314 363 1393 isto,
386 1312 477 1394 duri,
500 1314 526 1374 si
548 1331 677 1394 precer,
699 1316 761 1375 oris
783 1331 854 1375 ero.

533 1505 579 1577 Π.

144 1663 292 1745 Maxime,
315 1666 367 1743 qui
389 1666 464 1725 tanti
486 1681 657 1725 mensuram
679 1666 808 1726 nominis
830 1664 937 1744 imples

188 1752 228 1814 Et
250 1754 383 1831 geminas
405 1754 495 1814 animi
517 1750 671 1814 nobilitate
694 1770 810 1832 genus:

146 1841 204 1913 Qui
227 1843 310 1903 nasci
332 1847 366 1902 ut
388 1857 515 1922 posses,
538 1842 672 1919 quamvis
695 1839 831 1902 cecidere
854 1841 1000 1922 trecenti,

188 1928 256 1991 Non
278 1931 375 1990 omnis
397 1927 505 1990 Fabios
527 1927 651 1991 abstulit
672 1946 732 1990 una
754 1928 836 1991 dies:

113 2016 282 2079 oFcrsiten
303 2017 377 2079 haec
399 2034 416 2078 e
440 2035 499 2095 quo
521 2018 657 2078 mittatur
679 2017 825 2099 epistole,
848 2034 990 2098 quaeres,

190 2107 324 2186 Quisque
347 2105 453 2185 loquar
474 2113 597 2187 tecum,
620 2107 731 2168 certior
754 2123 821 2167 esse
843 2105 933 2167 velis.

144 2191 181 2254 Ei
203 2193 299 2256 mihil
332 2194 404 2275 quid
426 2188 561 2255 faciam?
593 2210 722 2275 vereor,
744 2211 783 2255 ne
805 2195 926 2256 nomine
949 2192 1026 2255 lecto

114 2294 131 2344 8
189 2283 289 2344 Durus
312 2291 343 2344 et
365 2299 468 2344 eversa
490 2290 589 2344 cetera
611 2289 712 2343 mento
734 2280 831 2362 legas.

98 2381 131 2430 11
146 2369 285 2433 Videris:
322 2370 436 2433 audebo
459 2369 515 2432 tibi
537 2387 585 2431 me
608 2372 765 2449 scripsisse
789 2371 877 2432 ieteri

146 2548 226 2626 Qut,
250 2565 320 2608 curn
341 2565 389 2609 me
411 2563 507 2626 poena
529 2547 651 2625 dignum
675 2548 809 2626 graviore
833 2547 926 2608 fuisse
1037 2558 1067 2607 (⁵)

191 2634 361 2716 Confiteor,
383 2652 505 2715 possum
529 2637 578 2695 rix
600 2636 734 2713 graviora
756 2636 836 2713 pati.

99 2735 132 2784 15
146 2723 290 2785 Hostibus
312 2726 343 2784 in
367 2723 473 2785 mediis
495 2725 634 2800 interque
656 2722 789 2802 pericula
812 2740 933 2803 versor,

190 2812 354 2891 Tamquam
377 2830 446 2873 cunr
468 2811 564 2892 patria
586 2827 644 2889 pax
667 2813 707 2872 sit
729 2810 866 2891 adempta
888 2811 978 2873 mihi:

146 2900 227 2982 Qui,
249 2902 355 2962 mortis
378 2918 465 2961 saevo
487 2900 639 2979 geminent
661 2907 696 2961 ut
717 2899 840 2962 vulnere
863 2917 986 2981 causas,

190 2987 296 3050 Omnia
319 2991 439 3066 vipereo
462 2986 576 3066 spicula
598 2986 667 3049 teile
689 2986 805 3050 linunt.

144 3076 199 3138 His
221 3094 315 3156 eques
338 3078 504 3139 instructus
525 3078 686 3154 perterrita
708 3078 824 3137 moenia
848 3074 955 3137 lustrat

95 3177 131 3226 20
189 3164 272 3226 More
294 3165 358 3244 lupi
380 3164 496 3227 clauses
519 3165 704 3225 circueuutis
726 3180 814 3224 oves:

144 3253 183 3315 At
205 3252 295 3316 simul
317 3255 450 3315 intentus
472 3270 564 3314 nervo
587 3251 660 3313 levis
683 3268 772 3314 arcus
794 3253 922 3331 equino,

188 3340 312 3403 Vincula
334 3359 453 3420 semper
476 3340 589 3402 hahens
611 3340 794 3420 inresoluta,
819 3348 923 3419 canet,

145 3429 236 3491 Tecta
259 3432 358 3509 rigent
380 3431 447 3491 iixis
469 3428 561 3491 veluti
584 3427 688 3491 vallata
711 3430 845 3507 sagittis,

187 3518 338 3598 Portaque
361 3519 410 3578 vin
433 3518 517 3579 firma
540 3524 707 3578 summovet
729 3534 811 3578 arma
833 3533 917 3578 sera.

94 3618 130 3668 25
144 3606 226 3669 Adde
249 3606 308 3668 loci
330 3607 436 3669 faciem
459 3623 515 3667 nec
538 3605 644 3668 froude
668 3622 723 3667 neo
747 3603 853 3667 arbore
875 3604 962 3685 laeti,
