2467 4042
97 219 151 274 XII

186 385 269 445 Haec
286 384 357 460 quia
375 383 592 460 propemodum
610 383 709 443 omnia
726 383 759 442 in
776 382 838 460 illo,
856 383 892 441 de
911 402 969 459 quo
984 401 1106 444 exorsus

98 492 177 549 sum,
204 475 269 533 loco
293 472 567 549 deprehenduntur,
594 472 740 530 librorum
762 471 894 547 ipsorum
917 473 993 530 hanc
1009 473 1107 558 iuter-

97 562 257 638 polationis
275 560 522 637 significationem
536 559 605 620 dixi.
655 562 774 619 tantum
788 560 825 617 de
843 562 1031 634 pentametro
1043 563 1107 622 130

99 650 248 710 evidentia
275 668 377 708 eorum
404 649 488 708 nulla
515 650 594 723 erat3
622 666 712 723 quam
740 647 908 723 opinionem
930 649 1029 724 posui,
1057 649 1107 708 ad·

98 739 237 798 miniculo
264 738 362 796 utitur
388 755 504 811 eorum,
519 754 608 812 ,quae
633 739 805 812 sequuntur.
857 736 1000 811 siquando
1028 737 1106 797 eius-

98 827 166 886 dem
192 825 274 884 modi
299 824 441 884 iudicium
467 823 624 883 ferendum
651 824 703 896 sit,
738 823 773 882 de
802 822 893 882 simili
918 824 1106 885 firmamento

98 913 314 991 providendum
336 913 402 973 erit.

186 1001 336 1061 Versuum
364 1001 550 1078 singulorum
577 1001 701 1059 lacunae
727 1000 760 1058 in
787 999 936 1060 codicibus
959 1002 1033 1060 satis
1055 1021 1107 1062 ve·

98 1091 190 1150 tustis
217 1092 306 1166 longe
333 1093 404 1149 sunt
429 1088 659 1165 frequentiores,
691 1107 781 1163 quam
808 1090 1024 1166 expectaveris,
1055 1090 1107 1150 ubi

98 1182 194 1238 metro
227 1179 357 1254 elegiaco
389 1177 580 1236 librariorum
607 1176 760 1235 adcuratio
789 1178 952 1236 sustentari
978 1180 1105 1253 poterat.

99 1267 152 1327 sed
175 1267 274 1342 aliquo
288 1269 424 1341 ternpore
442 1267 512 1323 aute
531 1266 683 1324 saeculum
700 1283 721 1322 x
740 1268 854 1324 certum
873 1268 919 1324 est
938 1266 1107 1342 Fastorum,
1178 1322 1182 1329 .,

99 1355 304 1429 Ponticorum,
337 1353 482 1413 Tristium
512 1353 605 1412 libros
637 1353 833 1428 pentametris
864 1370 924 1412 non
953 1354 1107 1415 subductis

100 1444 226 1519 scriptos
252 1442 353 1503 fuisse.
408 1441 459 1518 qui
485 1458 590 1501 versus
616 1441 808 1519 neglegentia
831 1441 994 1500 scribarum
1016 1443 1108 1502 inter·

99 1532 248 1607 ciderunt,
277 1530 402 1589 saeculis
430 1529 498 1588 inde
526 1530 564 1588 ab
591 1540 630 1588 xl
652 1528 733 1588 haud
759 1529 803 1588 ita
829 1530 930 1606 inepte
956 1530 1107 1589 interdum

99 1620 231 1696 suppleti
266 1619 464 1694 reperiuntur.
524 1618 654 1677 alterurn
689 1634 784 1693 genus
820 1621 868 1676 est
902 1636 1019 1693 eorum,
1056 1620 1108 1694 qui

99 1710 167 1767 labe
190 1708 292 1783 aliqua
313 1706 424 1767 ueteris
447 1705 602 1782 archetypi
621 1706 773 1780 absumpti
790 1706 920 1780 fuerunt,
944 1706 1107 1783 dequibus

100 1797 163 1856 sine
186 1790 301 1854 idoneis
324 1794 506 1872 argumentis
534 1794 704 1853 coniectura
725 1812 786 1852 non
808 1797 857 1853 est
879 1795 1032 1870 capienda:
1060 1799 1107 1855 ta·

99 1903 169 1943 men
191 1884 329 1959 quinque,
353 1900 429 1958 quae
451 1900 569 1959 punam,
592 1882 905 1957 exemplacollineare
924 1882 1044 1943 adeius
1063 1884 1108 1942 rei

99 1973 132 2031 in
154 1971 238 2031 Ibide
261 1971 388 2046 speciem
410 1970 630 2029 informandam
651 1970 828 2046 putaverim.

188 2060 225 2119 V.
249 2061 314 2119 374
342 2061 392 2132 qni
414 2063 486 2118 tectu
507 2060 666 2118 Intrarunt
687 2074 787 2118 ccecue
808 2076 867 2118 non
887 2061 1035 2119 redeunda
1057 2062 1107 2120 do·

100 2167 165 2208 runs
187 2147 303 2223 pridem
317 2147 480 2206 Schradero
504 2147 665 2222 displicuit.
719 2151 790 2207 tecla
809 2164 909 2206 caecae
926 2150 1108 2208 damascum

100 2255 191 2297 versu
217 2235 498 2310 Metamorphoseon
519 2234 594 2293 VIII
620 2236 683 2295 153
711 2235 901 2294 mediocriter
927 2237 1107 2313 conspirant.

101 2328 176 2385 tectu
201 2342 260 2384 non
281 2325 429 2384 redeunda
447 2323 520 2382 satis
538 2323 698 2383 infeliciter
719 2323 876 2382 imitantur
898 2327 1109 2384 irremeabilem

101 2430 228 2472 errorem
249 2412 377 2488 Vergilii
399 2411 427 2469 V
451 2413 528 2472 591:
556 2413 644 2486 putes
672 2413 710 2472 ab
733 2412 789 2471 hoo
816 2405 936 2470 honiine
964 2418 1040 2472 tran
1065 2433 1108 2474 rc-

101 2502 218 2561 deundc
245 2518 281 2559 ex
308 2500 481 2577 Vergiliano
508 2500 672 2559 Parietibus
703 2504 809 2559 lentum
835 2503 890 2560 iter
923 2503 985 2561 589
1019 2502 1108 2560 scribi

101 2589 243 2665 potuisse.
294 2588 409 2647 Neuius
434 2587 478 2646 ¹de
510 2587 659 2647 locutione
687 2586 833 2649 Ovidiana
859 2607 919 2647 non
945 2588 1107 2650 dubitavit:

103 2677 221 2752 scripsit
244 2676 370 2735 similem
393 2676 450 2750 eis,
473 2676 510 2735 de
533 2676 641 2751 quibus
663 2689 690 2735 11
712 2696 760 2752 pp.
786 2678 849 2737 260
875 2679 937 2737 261
962 2679 1110 2753 exposuit,

102 2764 186 2825 cuius
204 2764 286 2822 modi
304 2764 384 2839 apud
398 2763 538 2824 Ouidium
557 2768 628 2824 sunt
646 2770 757 2824 cessate
775 2770 903 2839 tempora
917 2765 986 2824 Met.
1001 2766 1028 2823 X
1045 2768 1107 2826 669

102 2856 133 2913 et
155 2871 229 2913 orna
243 2851 324 2912 Fast.
338 2852 400 2911 1111
415 2854 488 2928 617,
503 2856 593 2913 errati
606 2856 672 2926 apri
689 2853 771 2913 Fast
790 2854 836 2912 III
851 2855 925 2929 655,
939 2859 1033 2914 terrae
1045 2854 1110 2913 1111

103 2943 183 3013 673,
213 2941 392 3001 redundetur
422 2958 516 3014 cquae
538 2940 581 2999 VI
603 2943 668 3001 422
692 2941 781 3002 'l'rist
805 2941 852 3000 III
875 2954 899 3001 x
925 2943 981 3017 52,
1010 2941 1112 3015 epten

103 3030 251 3089 eaulnlcle
268 3029 348 3090 Fast.
368 3028 413 3086 VI
434 3031 506 3089 136.
556 3030 726 3105 putaverim
749 3030 871 3089 ethaeo
890 3031 964 3089 satis
983 3030 1112 3103 differre,

102 3135 157 3177 neo
170 3135 246 3193 quae
259 3117 394 3194 proxime
407 3117 527 3194 paginis
540 3120 684 3193 quattuor
698 3117 877 3177 doctissimis
890 3122 1111 3193 percenseatur,

103 3205 262 3282 quicquam
292 3206 440 3287 conferre,
471 3209 593 3283 praeter
623 3206 761 3266 fortassis
788 3207 876 3282 illud,
908 3206 987 3283 quod
1014 3206 1113 3265 Plinio

102 3294 228 3369 placuit,
255 3293 324 3354 Nat.
348 3296 376 3354 h.
399 3293 527 3352 XXXVI
551 3295 615 3353 104
643 3294 680 3352 de
702 3294 777 3353 urbe
800 3295 895 3353 Roma
921 3314 975 3370 per
997 3296 1113 3355 cloacas

100 3383 207 3455 pensili
228 3382 309 3441 facta
332 3383 363 3441 et
385 3384 482 3442 subter
502 3384 655 3455 nanicula:
682 3399 752 3440 nam
774 3384 874 3443 urbem
895 3385 1033 3457 meineri
1054 3401 1114 3442 non

102 3470 198 3529 multo
221 3469 403 3529 commodius
426 3469 485 3529 dici
507 3487 584 3545 reor,
606 3488 696 3545 quam
720 3472 836 3531 donum
853 3488 912 3531 nen
928 3472 1113 3547 redeundum,

103 3557 304 3633 stribliginem
324 3557 522 3618 manifestem.
