2467 4042
167 188 228 253 106
314 206 491 244 numerans
579 185 758 244 METAMM.

252 352 360 417 vectus
383 363 446 415 erat
464 354 599 414 iuvenis:
624 352 776 432 Scythicas
798 352 962 417 advertitur
984 372 1064 417 oras.

186 453 239 505 eoo
252 442 316 504 ilex
338 441 380 503 ibi
401 440 518 521 Lyncus
541 449 626 502 erat.
654 442 733 519 regis
756 439 836 502 subit
857 441 906 502 ille
928 451 1064 523 penates.

254 530 319 602 Qua
342 532 439 590 veniat
451 576 460 611 ,
484 546 661 608 causamque
683 530 747 591 viae
769 547 938 610 nomenque
961 540 1077 611 rogatus

251 617 291 679 Et
311 620 436 698 patriam
458 613 588 697 “‘patria
610 625 657 678 est
684 616 780 678 clarae
807 613 890 679 milri'
914 616 989 681 dixit
1011 615 1176 699 ‘Athenae,

253 704 452 786 Triptolemus
474 722 605 768 nomen.
632 706 699 766 veui
721 723 778 767 uec
798 723 899 786 puppe
921 723 978 786 per
999 706 1100 787 undas,

252 792 314 855 Nec
337 793 413 874 pede
435 812 490 874 per
512 801 630 856 terras:
652 794 747 873 patuit
769 793 841 856 mibi
863 796 985 873 pervius
1007 794 1100 856 aether
1148 804 1161 818 ·

185 893 239 945 est
253 881 335 942 Dona
357 882 421 943 iero
446 881 584 964 Cereris,
606 880 682 943 latos
705 899 780 960 quae
798 899 902 962 sparsa
923 900 979 961 per
1001 900 1082 962 agros

252 970 422 1050 Frugiferae
444 987 558 1031 messes
580 969 777 1049 aiimeumue
800 971 882 1032 mitia
903 963 1078 1032 reddent.’''

253 1058 400 1120 Barbarus
422 1058 548 1120 inridit:
571 1060 704 1137 mutique
726 1066 761 1120 ut
782 1060 916 1120 muneris
938 1067 1042 1121 auctor

253 1146 320 1227 ipse
344 1149 404 1226 sit,
427 1145 553 1226 bospitio
576 1147 705 1225 recipit,
727 1162 890 1226 somnoque
913 1155 1062 1226 paratum

252 1235 432 1313 digreditur
455 1234 557 1296 lerro.
583 1242 740 1296 conantem
762 1235 853 1313 figere
875 1242 981 1313 pectus

183 1335 238 1384 eoo
252 1322 349 1402 Lynca
372 1322 462 1383 Ceres
484 1322 577 1385 lecits
598 1339 764 1400 rursusque
786 1340 841 1401 per
859 1326 927 1383 aera
948 1323 1036 1384 iussit
1065 1332 1159 1377 Νι.

252 1410 438 1492 iiopsopium
459 1412 597 1472 iuvenem
619 1426 720 1472 sacros
743 1412 853 1488 agitare
875 1408 988 1490 iugales
997 1403 1029 1471 .''

295 1498 426 1560 Finierat
448 1499 543 1560 dictos
565 1517 583 1558 e
605 1496 691 1559 nobie
714 1499 839 1559 maxima
861 1504 984 1559 cantus:

251 1588 290 1649 ir
310 1586 455 1668 nymphae
477 1588 583 1648 deuse
605 1585 676 1647 deas
698 1583 839 1648 Helicona
862 1583 993 1649 colentes

253 1673 399 1737 Concordi
422 1675 522 1736 dixere
544 1691 639 1737 sono.
667 1676 799 1736 convicia
824 1674 918 1735 vietae

183 1774 237 1825 eoo
252 1762 326 1825 Cum
349 1766 481 1825 iacerent
493 1811 503 1844 ,
527 1755 701 1843 “quoniam'
724 1761 799 1822 dixit
821 1757 993 1825 ‘certamine
1016 1762 1092 1824 robis

252 1850 436 1931 Supplicium
449 1852 595 1913 meruisse
617 1867 724 1931 parum
747 1858 794 1911 est
805 1896 816 1931 ,
838 1849 1050 1930 maledictaque
1063 1849 1151 1931 culpae
1229 1886 1230 1891 κ

169 2006 173 2009 ,
251 1939 386 2022 additis,
408 1946 439 2001 et
460 1956 520 2002 non
544 1946 591 2001 est
610 1939 753 2018 patientia
774 1936 868 2000 libera
889 1937 993 2021 nobis,

251 2027 362 2089 ibimus
385 2029 417 2089 in
439 2044 550 2109 poenas
562 2074 572 2108 ‚
594 2034 626 2087 et
648 2043 706 2105 qua
728 2033 814 2088 uocat
835 2028 879 2089 ira
890 2073 901 2108 ,
922 2044 1080 2107 sequemur
1088 2020 1116 2087 .”

250 2116 360 2177 Rident
380 2114 573 2196 Emathides,
595 2122 799 2194 spernuntque
822 2116 947 2176 minacia
969 2115 1074 2178 rerba:

182 2216 237 2266 eto
252 2203 438 2283 Conataeque
460 2202 542 2282 ioqui
565 2211 595 2264 et
617 2220 723 2281 magno
746 2201 874 2263 clamore
897 2210 1048 2281 protervas
1228 2204 1229 2273 i

249 2291 399 2353 intentare
422 2309 549 2373 manus,
570 2308 683 2370 pennas
706 2292 787 2367 exire
809 2308 865 2370 per
885 2309 1002 2370 ungues
1067 2300 1148 2344 cmc

251 2381 399 2458 Asperere
422 2396 515 2459 suos,
533 2380 645 2459 operiri
665 2376 805 2440 bracchia
826 2376 952 2457 plumis:

250 2466 407 2545 Alteraque
430 2466 553 2530 alterius
575 2465 671 2546 rigido
694 2482 889 2528 concrescere
910 2474 1010 2529 rostro

251 2554 310 2616 Ora
332 2554 433 2637 ridet,
455 2553 651 2634 uolucresque
673 2571 763 2614 novas
786 2553 927 2616 accedere
950 2553 1048 2617 silvis.

183 2653 235 2705 sto
250 2642 386 2722 Dumque
408 2641 512 2704 volunt
532 2641 653 2725 plangi,
675 2659 730 2722 per
751 2640 889 2704 bracchia
910 2649 991 2705 mota
1011 2641 1115 2704 levatae

250 2733 325 2792 ltere
347 2728 538 2812 pendebant,
559 2747 715 2793 nemorum
738 2730 870 2790 convicia
881 2777 892 2812 ,
913 2732 1014 2810 picae.

249 2818 335 2879 Nunc
357 2835 476 2897 quoque
499 2820 531 2880 in
554 2816 673 2880 alitibus
695 2815 831 2878 iacundia
853 2819 951 2897 prisca
973 2820 1111 2880 remansit
1226 2810 1227 2837 ¹

249 2905 407 2985 Raucaque
430 2905 588 2985 garrulitas
610 2905 802 2983 studiumque
825 2907 952 2966 immane
975 2899 1137 2986 loquendi?

480 3197 620 3283 LIBER
647 3196 850 3283 suiuus,

250 3345 431 3409 Praebuerat
453 3346 541 3408 dictis
563 3344 697 3408 Tritonia
720 3343 828 3408 talibus
851 3363 957 3428 aures,
1224 3310 1225 3401 i

251 3434 444 3513 Carminaque
467 3433 613 3495 Aonidum
637 3435 803 3513 iustamque
825 3433 1003 3513 probaverat
1023 3435 1111 3498 bam.

250 3521 327 3581 'lum
350 3539 452 3582 secum
476 3517 606 3582 ‘laudare
620 3538 726 3603 parum
749 3530 817 3604 est3
838 3520 994 3584 laudemur
1016 3531 1049 3586 et
1069 3525 1154 3606 ipsaq
