2467 4042
333 253 356 312 t.
378 252 619 314 Pronoean
641 238 773 317 1'-oo.

172 407 274 483 Pingit
288 413 319 467 et
333 407 444 481 exiguo
460 404 609 481 Pergama
623 413 687 468 tota
704 422 803 467 mero:

126 493 209 552 ‘liae
223 492 289 551 ibat
304 489 431 562 Simois,
453 490 512 550 hae
525 496 573 550 est
588 489 692 567 Sigeia
705 493 805 571 tellus,

173 577 230 636 Hie
245 579 372 636 steterat
384 574 495 633 Priami
508 574 595 649 regia
609 576 695 637 celsa
710 576 808 637 senis:

81 671 116 724 35
129 659 197 721 illia
212 659 385 734 Aeacides,
407 656 468 719 illio
482 658 629 719 tendebat
641 658 763 720 Ulixes:

172 745 230 803 Hie
247 744 351 802 alaeer
365 741 479 803 missos
495 744 600 802 terruit
612 743 727 804 Hector
742 746 866 819 equos.’

127 828 241 889 Omnia
254 840 389 902 namque
402 833 456 888 tuo
472 827 591 900 senior,
613 833 644 886 te
659 842 808 903 quaerere
821 827 928 902 misso,

171 912 333 973 Retulerat
345 917 439 986 gnato
448 910 579 985 Nestor,
602 911 697 972 atille
711 910 793 971 mihi.

126 997 246 1058 Retulit
258 1001 290 1056 et
304 995 387 1058 terro
403 995 605 1071 Rhesumque
622 996 806 1072 Dolonaque
819 1010 940 1067 caesos,

81 1094 117 1144 to
175 1082 278 1156 thue
292 1080 334 1140 sit
346 1078 398 1139 hio
412 1093 521 1140 somno
539 1078 693 1155 proditus,
716 1079 768 1139 ille
782 1079 866 1141 dolo.

124 1166 236 1225 Ausus
252 1179 304 1237 es,
327 1179 346 1224 o
362 1163 486 1223 nimium
500 1163 688 1240 nimiumque
704 1162 797 1224 oblite
811 1171 941 1238 tuorum,

171 1248 302 1309 Thracia
311 1254 465 1308 nomurno
481 1252 607 1322 tangere
621 1254 724 1309 eastra
738 1246 820 1323 dolo,

125 1333 248 1409 Totque
263 1331 354 1391 simul
366 1337 503 1392 mactare
516 1332 615 1407 viros,
639 1332 759 1393 adiutus
775 1330 813 1390 ab
827 1338 904 1391 uno!

171 1417 214 1476 At
227 1414 309 1477 bene
324 1423 431 1477 mutus
447 1430 518 1477 eras
534 1422 563 1476 et
577 1431 695 1477 memor
710 1421 780 1475 ante
795 1416 876 1475 meir

82 1513 116 1563 tu
127 1500 241 1577 Usque
256 1506 340 1560 metu
355 1499 488 1560 micuere
502 1499 604 1573 sinus,
627 1501 702 1561 dum
717 1499 817 1561 vietor
831 1499 961 1561 animm

169 1585 279 1644 Iliotus
295 1599 331 1645 es
346 1582 482 1644 lsmarlis
499 1584 562 1645 isse
577 1600 634 1660 per
648 1598 758 1660 agrnen
774 1582 872 1659 equis.

127 1668 192 1729 Sed
208 1667 283 1728 milri
298 1667 374 1744 quid
388 1668 518 1744 prodest
533 1668 644 1730 vestris
661 1668 791 1730 disiecta
805 1667 926 1728 lacertis

168 1753 245 1812 ilios
261 1758 413 1812 otmarus
433 1753 518 1828 quod
532 1752 601 1828 tuit,
623 1767 695 1813 esse
710 1753 819 1825 solum,
927 1783 933 1791 ,

126 1836 160 1897 Si
175 1850 288 1896 manee
305 1837 405 1910 qualis
419 1836 510 1897 Troia
524 1836 653 1898 durante
666 1836 837 1910 manebam,

83 1933 118 1984 50
172 1921 294 1995 Virque
308 1919 380 1980 milri
397 1921 521 1996 dempto
532 1921 598 1983 line
613 1920 767 1982 carendus
781 1918 889 1980 abestt

125 2004 236 2065 Diruta
251 2011 324 2064 sunt
339 2004 425 2079 eliis,
447 2005 501 2064 uni
516 2003 590 2064 mihi
605 2005 753 2081 Pergama
765 2010 892 2078 restant,

168 2088 278 2149 lnoola
291 2088 416 2162 eaptivo
433 2103 511 2162 quae
525 2087 609 2149 bove
623 2086 723 2149 tdetor
735 2095 811 2150 arat.

127 2173 191 2233 lam
206 2185 300 2248 seges
315 2179 378 2244 est,
402 2171 453 2231 ubi
467 2172 559 2234 troia
572 2173 643 2248 ituit,
663 2172 896 2247 resecandaque
909 2173 989 2233 lalee

168 2255 321 2316 Luxuriat
331 2254 467 2334 Phrygio
482 2255 633 2331 sanguino
651 2254 773 2333 pinguis
788 2256 913 2317 humeae

84 2352 118 2403 se
130 2339 339 2416 Semisepulta
356 2339 453 2400 virum
469 2341 571 2401 curvis
586 2341 735 2402 feriuntur
748 2340 855 2401 aratris

169 2422 262 2484 Ossa.
284 2423 430 2484 ruinosas
446 2425 558 2485 oooufit
569 2424 667 2485 herba
682 2426 802 2486 domos.

126 2511 236 2569 Viator
249 2506 335 2567 abes.
359 2523 417 2567 neo
431 2507 511 2569 seire
526 2508 613 2584 mihi,
638 2525 717 2586 quiae
732 2523 826 2569 causa
840 2509 989 2586 morandi,

169 2594 232 2653 Aut
247 2591 278 2651 in
296 2606 358 2668 que
374 2594 470 2654 lateas
489 2594 607 2654 terreus
624 2592 713 2667 orbe,
734 2593 816 2653 lieet.

128 2676 277 2752 Quisquis
292 2676 334 2736 ad
350 2674 429 2735 haee
444 2677 533 2737 vertit
548 2676 742 2752 peregrinam
755 2677 856 2738 littera
869 2677 1008 2753 puppim,

88 2770 121 2824 to
172 2762 227 2821 ille
242 2759 316 2820 milri
329 2760 372 2820 de
387 2767 416 2821 te
431 2761 526 2822 multa
541 2767 669 2837 rogatus
684 2760 760 2821 abitt

128 2845 288 2920 Quamque
301 2843 355 2905 tibi
371 2843 496 2916 reddat,
519 2844 546 2905 si
561 2845 698 2907 ternodo
713 2844 824 2906 viderit
837 2858 978 2922 usquam,

169 2928 312 2988 Traditur
325 2927 398 2988 huie
412 2928 514 3004 digitis
527 2928 633 2990 charta
647 2937 762 2990 novata
776 2929 862 2989 meis.

128 3012 192 3074 llos
204 3011 319 3090 Pylon,
343 3012 459 3088 antiqui
474 3012 579 3073 Neleia
591 3012 729 3074 Nestoris
745 3029 830 3087 arva,

171 3095 321 3157 Misimus.
345 3095 463 3157 ineerta
477 3103 526 3157 est
542 3098 623 3157 lama
637 3098 769 3159 remissa
783 3097 869 3178 Pylo.

90 3190 121 3245 te
131 3179 272 3241 Misimus
287 3187 317 3240 et
333 3178 478 3256 spartam
499 3179 610 3257 Sparte
624 3196 749 3257 qnoque
764 3182 870 3244 nesola
882 3185 958 3243 veri.

172 3264 254 3339 Quas
267 3264 389 3325 habitas
406 3269 519 3340 terras,
542 3272 593 3325 aut
607 3265 658 3325 ubi
673 3267 775 3326 lentus
790 3267 887 3328 abest

129 3349 239 3411 Utilius
252 3355 370 3411 starent
383 3348 475 3409 etiam
487 3365 571 3411 nuno
586 3350 708 3410 moenia
720 3350 846 3411 Phoebi.

98 3468 110 3494 .
171 3431 292 3493 irasoor
305 3433 387 3495 votis
399 3432 461 3494 lreu
475 3434 554 3494 levis
570 3433 640 3510 ipsa
656 3433 748 3495 meist

130 3514 244 3577 Seirem
258 3517 310 3579 ubi
326 3533 498 3594 pugnares,
521 3524 680 3581 attentum
695 3519 775 3578 bella
791 3519 936 3588 timerem,
