2467 4042
412 272 483 347 lli,
502 268 617 332 437-
630 269 702 335 512.

66 432 120 488 475
132 422 197 486 Sed
213 439 313 500 neque
327 430 359 484 te
373 423 494 484 facilem
509 424 611 485 iuveni
627 425 769 498 promitte
782 428 911 502 ingenti,

175 508 240 567 Nec
253 515 355 568 lamen
369 507 468 567 eduro
484 506 569 581 quod
585 506 673 584 petit,
696 524 750 569 ore
764 525 853 585 nega

131 592 194 651 Fac
208 592 313 652 timent
327 598 495 667 speretque
509 592 614 665 simul,
626 594 841 669 quotiensque
854 595 999 667 remittes,

175 674 321 752 Spesque
336 675 435 750 magis
451 675 553 736 veniat
566 682 650 736 certa
663 677 826 753 minorque
840 686 948 739 metus.

131 760 262 832 Munda,
284 759 343 820 sed
361 775 379 818 e
395 759 497 821 medio
513 767 724 837 consuetaque
738 762 849 834 verba,
872 762 1002 838 puellae,

66 852 120 907 48⁰
174 842 314 904 Scribite.
336 843 490 904 sermonis
505 842 630 917 publica
644 845 743 904 lorma
757 845 867 919 placet.

129 929 175 987 A!
198 928 343 1003 quotiens
359 927 472 988 dubius
487 927 609 1002 scriptis
626 928 742 988 exarsit
754 936 881 1001 amator,

171 1011 209 1070 Et
225 1012 332 1072 nocuit
343 1011 461 1071 iormae
473 1009 606 1070 barbara
618 1012 723 1086 lingua
737 1013 852 1073 bonae!

131 1093 194 1155 Sed
211 1095 374 1171 quoniam,
398 1095 538 1169 quamvis
554 1095 646 1156 vittae
661 1096 791 1157 careatis
806 1096 933 1168 honore,

170 1178 227 1239 Est
241 1177 335 1238 vobis
350 1184 473 1238 vestros
488 1178 593 1238 fallere
608 1193 683 1240 cura
696 1180 792 1250 viros,

65 1271 115 1324 ten
126 1262 267 1322 Ancillae
281 1261 434 1337 puerique
446 1278 540 1323 manu
555 1269 697 1336 perum
708 1263 850 1324 ,tabellas

169 1345 305 1421 Pignora
319 1360 378 1406 nec
392 1361 488 1420 puero
504 1346 621 1406 credita
636 1352 739 1407 vestra
753 1349 836 1408 volo.

128 1428 202 1490 Vidi
220 1444 279 1503 ego
298 1429 441 1504 pellentis
456 1429 515 1489 isto
532 1436 647 1490 terrore
663 1430 784 1505 puellas

169 1511 337 1573 Servitium
352 1514 482 1574 miserus
497 1519 621 1587 tempus
635 1514 665 1573 in
681 1530 773 1575 omne
787 1515 858 1589 pati.

126 1596 269 1658 Perfidus
284 1596 338 1656 ille
350 1597 491 1672 quidem,
514 1597 565 1671 qui
579 1597 652 1657 talin
668 1598 798 1672 pignora
814 1605 927 1670 servat,

63 1688 115 1742 490
168 1679 233 1740 Sed
247 1687 351 1740 temen
362 1677 495 1740 Aetnaei
509 1680 644 1742 fulminis
659 1681 757 1742 instar
769 1680 871 1742 habet.

125 1764 233 1825 Indice
245 1779 298 1824 me
313 1764 398 1824 fraus
414 1769 461 1823 est
475 1778 627 1824 concessa
641 1765 791 1839 repellere
804 1764 952 1838 fraudem,

166 1851 328 1922 Armaque
345 1847 375 1906 in
390 1854 524 1907 armatos
539 1863 662 1908 sumere
675 1849 743 1908 iura
757 1849 868 1911 sinunt.

125 1932 247 1991 Ducere
261 1937 448 1991 consuescat
462 1932 572 1992 multas
587 1948 698 1991 manus
712 1948 775 1993 una
788 1932 914 2007 figuras.

168 2019 213 2074 At
236 2021 381 2090 pereant,
403 2030 460 2088 per
474 2031 554 2089 quos
569 2014 629 2075 isla
642 2016 797 2076 monenda
809 2016 892 2075 mihi.

61 2106 115 2162 ills
125 2097 189 2159 Nec
205 2099 266 2158 nisi
281 2098 391 2159 deletis
409 2104 505 2159 tutum
519 2099 691 2161 rescribere
705 2100 795 2160 ceris.

169 2182 215 2241 Ne
229 2188 333 2242 teneat
346 2182 484 2256 geminas
502 2199 564 2242 una
577 2182 690 2243 tabella
704 2199 821 2245 manus.

125 2265 253 2327 Femina
265 2266 388 2326 dicatur
402 2265 547 2327 scribenti
562 2282 687 2342 semper
701 2274 833 2328 amatum

168 2350 225 2410 illa
240 2350 327 2411 sitin
342 2349 468 2423 vestris,
491 2349 544 2425 qui
559 2350 615 2411 luit
629 2351 695 2425 ille,
716 2352 809 2417 notis.

126 2433 192 2493 Sed
207 2434 313 2494 libcte
329 2433 434 2508 parvis
450 2434 582 2494 animum
596 2435 639 2494 ad
652 2434 770 2495 maiora
782 2434 906 2508 reterre,

59 2527 115 2579 ooo
167 2516 324 2591 Plenaque
339 2523 465 2577 curvato
480 2518 618 2591 pandere
634 2520 705 2577 vela
718 2518 798 2578 sinu.

125 2598 260 2662 Pertinet
275 2601 316 2661 ad
330 2600 439 2661 taciem
453 2600 578 2662 rabidos
594 2617 795 2676 compescere
809 2616 925 2662 mores=

171 2684 309 2745 Candida
324 2701 388 2761 pax
402 2683 558 2758 homines,
581 2691 652 2745 trux
666 2685 755 2745 decet
768 2688 814 2747 ira
826 2686 919 2746 ieras.

127 2766 189 2828 Ora
201 2775 319 2829 tument
331 2769 386 2829 ira.
409 2769 588 2844 nigrescunt
600 2768 751 2843 sauguine
766 2785 879 2829 venne:

169 2853 299 2913 Lumina
313 2853 477 2927 Gorgoneo
493 2853 618 2914 sacvius
633 2853 704 2928 iguo
717 2854 840 2918 micant

60 2944 113 2996 ooo
125 2936 150 2995 'l
166 2937 277 3009 procul
291 2935 390 3010 hinc,’
414 2937 492 2997 dixit
507 2941 581 3000 ‘non
596 2952 633 2998 es
648 2937 736 3012 mihi,
759 2936 848 3009 tibia,
870 2939 968 3014 tenti’,

168 3020 209 3080 Ut
223 3019 302 3079 vidit
314 3022 418 3082 vuitus
430 3020 531 3080 Pallas
546 3021 577 3080 in
591 3037 682 3083 amne
696 3038 782 3083 suos.

125 3106 193 3163 Vos
209 3120 336 3179 quoque
350 3105 377 3165 si
392 3105 494 3166 media
508 3108 669 3179 speculum
682 3105 828 3181 spectetis
841 3103 874 3166 in
888 3105 941 3178 ira,

170 3187 345 3261 Cognoscat
361 3188 471 3249 lactem
486 3189 539 3248 vix
554 3191 629 3250 satis
642 3191 706 3251 ulla
720 3207 820 3252 suam.

124 3270 188 3330 Neo
201 3272 304 3332 minus
319 3271 351 3335 in
365 3273 450 3334 vultu
466 3272 617 3335 damnosa
632 3274 777 3349 superbia
790 3279 904 3334 vestro.

60 3363 114 3415 510
168 3354 314 3418 Comibus
329 3363 378 3416 est
391 3356 490 3418 oeulis
503 3357 683 3422 alliciendus
699 3375 794 3419 amor.

127 3436 259 3501 Odimus
270 3439 476 3502 inmodicos...
492 3448 620 3517 experto
635 3442 786 3506 creditet..
810 3443 923 3503 iastusc

169 3522 271 3601 Saepe
285 3531 392 3586 tacens
408 3525 469 3587 odii
486 3523 605 3587 semina
618 3527 721 3587 vultus
735 3525 837 3588 habet
