2467 4042
455 217 505 268 111.
524 219 685 269 11118-81.
1013 212 1075 277 117

106 392 140 441 45
155 380 236 442 Adde
261 381 340 460 quod
364 379 481 441 assidue
505 379 617 440 domini
642 379 780 440 meditata
804 379 950 457 querellas
1033 390 1076 443 (91)

199 469 243 529 Ad
268 469 377 530 laetum
401 486 521 529 carmen
544 470 591 528 vix
615 486 680 528 mea
704 486 788 528 versa
811 467 873 546 lyra
897 476 960 529 est.

156 556 208 617 Vix
232 557 309 617 bona
332 565 400 636 0031
423 565 504 617 tanto
528 558 684 635 quaerenti
706 555 796 616 verba
820 554 977 616 subibant:

199 644 237 706 Et
260 645 388 724 gaudere
413 643 521 724 aliquid
546 662 595 704 res
620 644 693 704 mibi
715 647 777 704 0133
800 662 873 704 nova
897 652 960 705 est.

155 732 252 812 thue
276 733 469 794 reformidant
492 736 643 793 insuetum
667 731 778 793 lumina
801 731 911 813 solem,

107 833 141 883 50
202 821 251 882 Sic
275 822 311 882 ad
334 822 476 883 laetitiam
500 839 583 881 mens
606 839 671 882 mea
695 822 794 899 segnis
818 828 898 880 erat.

155 908 209 970 Est
233 928 351 989 quoque
376 918 552 971 cunctarum
576 911 689 970 novitas
713 909 863 969 carissima
886 926 1009 969 rerum:

199 997 357 1078 Gratiaquc
381 998 500 1079 cilicio,
524 997 603 1077 quod
627 1015 709 1058 mera
732 997 850 1076 tardat,
874 996 974 1057 abest.

155 1085 260 1147 Cetera
284 1089 419 1149 certatim
443 1087 479 1147 de
503 1104 608 1165 magno
633 1088 743 1165 scripta
767 1085 918 1165 triumphu

198 1173 259 1235 lam
282 1175 398 1255 pridem
420 1174 523 1255 populi
546 1176 683 1254 suspicor
707 1192 757 1234 003
781 1174 856 1251 legi.

106 1263 205 1323 551113
229 1262 303 1324 bibit
327 1266 430 1324 sitiens
454 1264 548 1324 lector
561 1310 570 1344 ,
593 1281 658 1324 mea
681 1261 787 1343 pocula
810 1261 937 1340 plenus:

200 1349 251 1410 1113
274 1369 379 1412 recens
402 1359 471 1430 0013
496 1358 563 1432 031,
586 1360 688 1411 nostra
713 1349 825 1429 tepebit
848 1368 941 1429 aqna.

154 1437 221 1499 Non
244 1456 299 1516 ego
323 1441 457 1518 cessavi,
480 1457 536 1498 nec
560 1439 631 1499 lecit
654 1441 760 1498 inertia
784 1456 901 1498 serum.

199 1524 306 1586 Ultima
330 1544 376 1586 me
400 1528 475 1586 vasti
498 1528 626 1588 sustinet
649 1543 701 1585 ora
724 1527 810 1586 lreti.
865 1521 869 1528 ’

155 1613 230 1675 llum
253 1617 334 1674 venit
356 1614 415 1675 huc
437 1633 541 1675 rumor
553 1662 563 1697 ‚
586 1622 805 1693 properataque
829 1615 958 1674 carmina
982 1614 1076 1694 dunt,

107 1715 141 1763 60
199 1701 348 1781 Factaque
372 1710 444 1763 eunt
468 1702 503 1762 ad
527 1720 601 1783 vos,
625 1720 720 1763 annus
743 1701 840 1763 abisse
863 1708 980 1781 potest.

155 1789 216 1852 Nec
240 1793 395 1852 minimum
418 1791 532 1867 refert,
556 1793 665 1851 intacta
689 1793 801 1851 rosaria
824 1792 957 1871 primus,

200 1879 244 1940 An
267 1897 333 1939 sera
357 1897 460 1958 carpas
483 1897 576 1958 paene
600 1878 703 1940 relicta
727 1896 833 1939 manu.

157 1966 233 2038 Quid
257 1970 389 2048 mirum,
412 1967 496 2028 lectis
519 1967 662 2028 exhausto
686 1967 809 2028 floribus
832 1967 942 2049 horto,

199 2055 231 2116 Si
256 2058 318 2117 vice
342 2074 402 2117 non
425 2056 502 2116 13013
525 2063 571 2117 331
594 2056 681 2133 digna
705 2073 814 2117 corona
838 2051 916 2117 sua?

106 2144 545 2225 65113003000,1]330031001
569 2153 672 2205 contra
696 2162 748 2205 sua
772 2146 901 2204 carmina
925 2161 962 2204 ne
986 2145 1053 2223 quis

199 2234 282 2294 [licta
306 2241 411 2312 putet.
453 2251 563 2312 00033
587 2232 671 2295 Musa
694 2233 791 2293 locuta
816 2250 880 2294 mea
904 2241 966 2292 cst.

155 2320 232 2382 Sunt
254 2321 326 2382 mibi
350 2321 502 2383 vobiscum
526 2324 693 2382 communia
717 2338 800 2382 33003
813 2369 821 2401 ,
845 2328 967 2402 poetae,
1031 2334 1074 2383 (92)

198 2410 232 2471 ln
256 2419 354 2471 vestro
378 2412 496 2472 miseris
520 2410 639 2471 silicet
663 2428 728 2471 3333
752 2409 860 2470 choro.

154 2498 317 2578 Magnaque
339 2517 408 2580 pars
431 2502 544 2560 animae
569 2517 687 2559 mecum
710 2500 841 2578 vixistis,
865 2499 967 2558 amici:
1005 2577 1010 2582 ὓ

105 2598 138 2648 ‘10
197 2585 258 2647 1130
282 2605 336 2666 ego
360 2605 412 2649 003
436 2587 542 2649 absens
566 2606 646 2648 nuuc
670 2605 797 2666 quoque
812 2595 897 2665 parte
920 2586 1002 2646 0010.

154 2674 221 2736 Sint
243 2678 334 2754 igitur
357 2684 456 2737 033100
479 2694 544 2737 mea
568 2676 772 2737 commendata
795 2675 887 2735 lavori

199 2764 357 2846 Carmina,
381 2784 440 2826 non
464 2783 586 2845 possum
609 2783 664 2843 000
688 2764 796 2844 quibus
820 2765 884 2841 ipse
908 2762 1006 2842 loqui.

154 2853 270 2932 Scripta
292 2853 410 2933 placent
434 2873 450 2914 3
473 2864 568 2914 morte
593 2854 678 2934 lere;
702 2856 771 2933 quia
794 2851 911 2940 laedere
935 2854 1015 2911 01003

196 2940 284 3003 Livor
308 2949 339 3001 31
360 2944 471 3003 iniusto
495 2960 617 3021 carpere
642 2943 729 3003 dente
754 2941 846 3002 30131.

105 3029 190 3090 7581
213 3047 307 3107 genus
332 3038 377 3090 est
400 3032 504 3090 mortis
527 3030 602 3090 male
627 3033 748 3110 vivere,
772 3038 852 3089 terra
875 3034 1028 3104 moratur,

196 3115 235 3177 Et
258 3117 366 3177 desunt
388 3117 456 3178 13113
480 3117 540 3178 3013
564 3117 721 3196 sepulchra
745 3118 836 3177 meis.

153 3203 287 3283 Denique
310 3222 385 3283 opus
409 3212 528 3265 nostrae
552 3204 690 3283 culpetur
713 3214 747 3265 ut
771 3203 900 3280 undique
926 3219 1032 3281 curae,

195 3292 333 3353 Officium
356 3310 443 3354 nemo
468 3293 519 3371 qui
541 3292 757 3371 reprehendat,
781 3293 855 3351 erit.

151 3380 190 3442 Ut
213 3382 311 3443 desint
334 3383 412 3442 vires
425 3429 434 3462 ‚
458 3389 556 3442 tamen
580 3388 627 3441 est
648 3380 792 3442 laudanda
816 3377 968 3441 veluntas.
1002 3368 1004 3372 ’

101 3483 136 3532 80
195 3470 257 3532 1130
281 3488 335 3549 ego
359 3478 516 3532 contentos
539 3488 670 3550 augurer
693 3488 759 3531 esse
784 3469 871 3529 dees.

149 3559 228 3623 Haec
252 3560 341 3642 lacit,
365 3569 398 3622 ut
422 3562 520 3621 veniat
537 3577 651 3640 pauper
671 3576 790 3639 quoque
813 3566 915 3638 gratus
935 3556 971 3617 ad
990 3574 1070 3632 aras,

113 3670 195 3714 OVID.
217 3671 262 3713 IIL
477 3693 481 3702 ι
878 3662 910 3711 12
