2467 4042
1221 260 1628 342 AMORUM

642 439 820 512 Quod
849 437 995 498 mihi
1027 436 1140 496 das
1174 437 1406 509 furtim,
1454 437 1584 496 iure
1620 444 1836 496 coacta
1866 435 2062 498 dabis.

468 533 536 587 65
557 523 793 583 Verum
825 522 1018 582 invita
1048 521 1265 595 dat0,..
1300 527 1480 596 potes
1520 521 1716 593 hoc,..
1761 520 2104 597 similisque
2138 537 2434 586 coactae:

637 606 983 666 Blanditiae
1011 613 1283 678 taceant,
1326 605 1529 680 sitque
1558 605 1823 680 maligna
1857 621 2072 667 venuS.

554 691 622 752 Si
648 707 788 750 mea
813 697 962 750 vota
988 690 1224 764 valent,
1265 689 1431 749 illum
1464 705 1713 765 quoque
1746 705 1823 748 ne
1854 689 2059 767 iuvet,
2105 701 2286 768 opto.

641 775 708 837 Si
737 776 972 849 minuS,
1018 783 1080 834 at
1110 782 1275 833 certe
1303 782 1364 833 te
1392 775 1561 834 iuvet
1587 774 1730 833 inde
1761 773 1926 833 nihil.

560 859 689 921 Sed
722 873 1146 936 quaecumque
1177 866 1378 918 tamen
1410 868 1652 920 noctem
1683 859 1925 918 fortuna
1955 869 2289 935 sequetur,

471 953 540 1008 70
646 944 795 1005 Cras
826 943 972 1004 mihi
1003 941 1306 1002 constanti
1345 958 1506 1002 voce
1538 942 1790 1002 dedisse
1818 959 1994 1017 nega.

444 1078 496 1172 5
559 1079 798 1174 Aestus
832 1118 993 1182 erat,
1037 1110 1429 1185 mediamque
1466 1109 1599 1170 dics
1632 1120 1920 1186 exegerat
1949 1112 2183 1171 horam.

639 1195 929 1272 Adposui
959 1193 1162 1254 medio
1193 1192 1469 1253 membra
1506 1194 1771 1254 levanda
1799 1203 1955 1256 toro.

550 1282 702 1342 Pars
733 1280 1032 1355 adaperta
1061 1278 1203 1354 fuit,
1248 1295 1394 1354 pars
1431 1279 1623 1339 altera
1654 1279 1864 1339 clausa
1895 1282 2242 1357 fenestrae,

640 1365 829 1440 Quale
860 1365 990 1424 fere
1019 1363 1215 1423 silvae
1246 1364 1450 1423 lumen
1479 1363 1709 1423 habere
1739 1365 1969 1425 solent:

493 1459 528 1512 5
550 1448 766 1527 Qualia
796 1448 1121 1509 sublucent
1145 1448 1413 1522 fugiente
1445 1449 1811 1525 crepuscula
1836 1448 2089 1510 Phoebo
2106 1495 2124 1524 ‚

639 1536 765 1595 Aut
791 1533 895 1593 ubi
928 1548 1054 1591 nox
1086 1533 1262 1605 abiit,
1310 1548 1425 1592 nec
1453 1541 1654 1592 tamen
1686 1540 1818 1593 orta
1849 1534 2002 1594 dies.

554 1619 666 1679 Illa
693 1616 1062 1677 verecundis
1094 1618 1198 1677 lux
1228 1624 1325 1676 est
1349 1617 1706 1692 praebenda
1734 1618 1983 1692 puelliS,

644 1702 777 1777 Qua
804 1701 1049 1762 timidus
1081 1701 1347 1760 latebras
1379 1708 1586 1778 speret
1613 1701 1842 1761 habere
1872 1703 2091 1779 pudor.

551 1787 715 1848 Ecce
747 1787 1012 1847 Corinna
1048 1784 1242 1860 venit,
1287 1785 1494 1845 tunica
1521 1787 1725 1845 velata
1752 1787 2053 1861 recincta,

471 1883 538 1935 10
646 1870 922 1932 Candida
956 1870 1208 1931 dividua
1239 1869 1399 1929 colla
1427 1877 1670 1945 tegente
1700 1885 1906 1931 coma:

554 1956 822 2031 Qualiter
850 1955 910 2016 in
941 1954 1244 2015 thalamos
1276 1957 1516 2014 famosa
1545 1953 1896 2015 Semiramis
1928 1956 2058 2015 isse

634 2040 867 2101 Dicitur
896 2048 955 2100 et
983 2041 1186 2099 multis
1216 2039 1360 2098 Lais
1392 2044 1592 2098 amata
1620 2039 1790 2099 viris,

549 2125 802 2199 Deripui
832 2125 1115 2185 tunicam.
1177 2139 1291 2182 nec
1321 2125 1569 2182 multum
1599 2140 1738 2183 rara
1769 2124 2059 2184 nocebat:

631 2207 952 2283 Pugnabat
978 2208 1186 2268 tunica
1217 2207 1332 2267 sed
1361 2214 1561 2267 tamen
1592 2207 1695 2267 illa
1732 2209 1874 2283 tegi.

470 2305 535 2357 15
558 2293 728 2369 Quae
758 2308 893 2352 cum
924 2295 1007 2353 ita
1035 2299 1367 2368 pugnaret,
1410 2299 1723 2366 tamquam
1755 2309 1914 2367 quae
1942 2293 2196 2353 vincere
2227 2292 2416 2361 nollet,

632 2377 814 2437 Victa
843 2385 938 2438 est
969 2392 1092 2437 non
1124 2392 1308 2453 aegre
1339 2375 1687 2451 proditione
1719 2394 1849 2437 sua.

549 2462 630 2523 Ut
659 2462 822 2521 stetit
849 2470 990 2522 ante
1021 2462 1236 2522 oculos
1270 2461 1476 2537 posito
1505 2460 1810 2521 velamine
1840 2471 2117 2538 nostrOS,

633 2547 702 2605 In
732 2553 860 2605 toto
892 2562 1194 2622 nusquam
1223 2560 1486 2620 corpore
1515 2548 1739 2606 menda
1768 2546 1895 2606 fuit.

551 2630 718 2706 Quos
748 2647 1028 2704 umeros,
1075 2633 1292 2706 quales
1321 2629 1450 2688 vidi
1481 2630 1772 2706 tetigique
1803 2631 2098 2690 lacertos!

469 2728 534 2776 :to
635 2715 859 2776 Forma
886 2716 1251 2790 papillarum
1282 2730 1465 2789 quam
1499 2713 1611 2775 fuit
1641 2721 1785 2791 apta
1811 2714 2038 2791 premi!

553 2798 745 2874 Quam
778 2798 1074 2874 castigato
1111 2800 1330 2874 planus
1364 2798 1477 2857 sub
1511 2807 1764 2874 pectore
1793 2806 2035 2859 venter!

634 2883 935 2958 Quantum
966 2891 1026 2943 et
1055 2885 1234 2959 quale
1263 2884 1450 2960 latus!
1490 2899 1672 2960 quam
1702 2885 1987 2945 iuvenale
2018 2885 2248 2944 femur!

552 2966 807 3043 Singula
838 2967 989 3044 quid
1016 2970 1323 3029 referam?
1376 2967 1468 3026 Nil
1500 2984 1623 3027 non
1654 2968 1959 3030 laudabile
1990 2968 2144 3043 vidi,

630 3052 708 3113 Et
736 3052 965 3114 nudam
993 3051 1196 3129 pressi
1227 3069 1455 3127 corpus
1488 3053 1567 3111 ad
1597 3069 1798 3130 usque
1827 3070 2049 3114 meum.

465 3148 530 3200 :tis
555 3137 808 3198 Caetera
839 3138 977 3212 quis
1009 3138 1248 3198 nescit?
1293 3136 1478 3197 Lassi
1508 3140 1926 3214 requievimus
1966 3136 2169 3199 ambo.

631 3221 998 3282 Proveniant
1026 3221 1211 3282 medii
1246 3222 1334 3281 sic
1362 3221 1509 3280 mihi
1542 3239 1734 3299 saepe
1766 3224 1918 3282 dieS.

441 3356 493 3448 fl
552 3355 813 3465 lanitor,
859 3389 1203 3467 indignum!
1252 3392 1405 3452 dura
1433 3391 1686 3467 religate
1718 3398 1966 3463 catena,

630 3473 952 3534 Difficilem
985 3482 1150 3535 mota
1180 3475 1429 3536 cardine
1459 3475 1666 3552 pande
1697 3477 1911 3536 forem.

547 3557 724 3633 Quod
757 3574 1006 3634 precor,
1052 3561 1343 3634 exiguum
1375 3568 1485 3624 est.
1544 3560 1713 3621 aditu
1742 3561 1838 3619 fac
1869 3560 2048 3619 ianua
2081 3572 2275 3634 parvo
