<?xml version="1.0" encoding="UTF-8"?>
<!DOCTYPE html PUBLIC "-//W3C//DTD XHTML 1.0 Transitional//EN"
    "http://www.w3.org/TR/xhtml1/DTD/xhtml1-transitional.dtd">
<html xmlns="http://www.w3.org/1999/xhtml" xml:lang="en" lang="en">
 <head>
  <title>
</title>
<meta http-equiv="Content-Type" content="text/html;charset=utf-8" />
  <meta name='ocr-system' content='tesseract 3.04.00' />
  <meta name='ocr-capabilities' content='ocr_page ocr_carea ocr_par ocr_line ocrx_word'/>
</head>
<body>
  <div class='ocr_page' id='page_1' title='image "./povidiusnaso00ehwagoog_0549.png"; bbox 0 0 2467 4042; ppageno 0'>
   <div class='ocr_carea' id='block_1_1' title="bbox 433 233 1067 303">
    <p class='ocr_par' dir='ltr' id='par_1_1' title="bbox 433 233 1067 303">
     <span class='ocr_line' id='line_1_1' title="bbox 433 233 1067 303; baseline -0.002 -15"><span class='ocrx_word' id='word_1_1' title='bbox 433 233 500 303; x_wconf 80' lang='lat' dir='ltr'><strong>VII,</strong></span> <span class='ocrx_word' id='word_1_2' title='bbox 519 238 677 289; x_wconf 75' lang='grc'><strong>161-388.</strong></span> <span class='ocrx_word' id='word_1_3' title='bbox 796 251 887 288; x_wconf 76' lang='lat' dir='ltr'><strong>renue</strong></span> <span class='ocrx_word' id='word_1_4' title='bbox 1004 233 1067 298; x_wconf 78' lang='grc'><strong>135</strong></span> 
     </span>
    </p>
   </div>
   <div class='ocr_carea' id='block_1_2' title="bbox 54 397 1069 3660">
    <p class='ocr_par' dir='ltr' id='par_1_2' title="bbox 54 397 1069 3660">
     <span class='ocr_line' id='line_1_2' title="bbox 123 397 1022 481; baseline -0.002 -19"><span class='ocrx_word' id='word_1_5' title='bbox 123 400 283 481; x_wconf 84' lang='lat' dir='ltr'>Dumque</span> <span class='ocrx_word' id='word_1_6' title='bbox 304 402 397 462; x_wconf 88' lang='lat' dir='ltr'><strong>relert</strong></span> <span class='ocrx_word' id='word_1_7' title='bbox 419 402 498 462; x_wconf 88' lang='lat' dir='ltr'><strong>inter</strong></span> <span class='ocrx_word' id='word_1_8' title='bbox 519 401 695 461; x_wconf 86' lang='lat' dir='ltr'><strong>meritorum</strong></span> <span class='ocrx_word' id='word_1_9' title='bbox 718 400 864 479; x_wconf 85' lang='lat' dir='ltr'><strong>maxima,</strong></span> <span class='ocrx_word' id='word_1_10' title='bbox 887 397 1022 478; x_wconf 90' lang='lat' dir='ltr'><strong>demptos</strong></span> 
     </span>
     <span class='ocr_line' id='line_1_3' title="bbox 125 487 1005 575; baseline -0.005 -24"><span class='ocrx_word' id='word_1_11' title='bbox 125 491 271 551; x_wconf 78' lang='lat' dir='ltr'><strong>Aesonis</strong></span> <span class='ocrx_word' id='word_1_12' title='bbox 293 507 357 551; x_wconf 87' lang='lat' dir='ltr'><strong>esse</strong></span> <span class='ocrx_word' id='word_1_13' title='bbox 380 491 458 575; x_wconf 73' lang='lat' dir='ltr'><strong>situs</strong></span> <span class='ocrx_word' id='word_1_14' title='bbox 470 537 479 571; x_wconf 86' lang='lat'>,</span> <span class='ocrx_word' id='word_1_15' title='bbox 502 497 591 568; x_wconf 90' lang='lat' dir='ltr'><strong>atque</strong></span> <span class='ocrx_word' id='word_1_16' title='bbox 614 487 670 549; x_wconf 92' lang='lat' dir='ltr'><strong>hac</strong></span> <span class='ocrx_word' id='word_1_17' title='bbox 693 490 724 549; x_wconf 92' lang='lat' dir='ltr'><strong>in</strong></span> <span class='ocrx_word' id='word_1_18' title='bbox 746 494 831 567; x_wconf 91' lang='lat' dir='ltr'><strong>parte</strong></span> <span class='ocrx_word' id='word_1_19' title='bbox 854 495 1005 568; x_wconf 82' lang='lat' dir='ltr'><strong>moratur,</strong></span> 
     </span>
     <span class='ocr_line' id='line_1_4' title="bbox 128 575 886 658; baseline -0.004 -19"><span class='ocrx_word' id='word_1_20' title='bbox 128 576 224 658; x_wconf 85' lang='lat' dir='ltr'><strong>Spes</strong></span> <span class='ocrx_word' id='word_1_21' title='bbox 247 588 292 639; x_wconf 87' lang='lat' dir='ltr'><strong>est</strong></span> <span class='ocrx_word' id='word_1_22' title='bbox 312 576 477 656; x_wconf 81' lang='lat' dir='ltr'><strong>virginibus</strong></span> <span class='ocrx_word' id='word_1_23' title='bbox 498 577 581 639; x_wconf 88' lang='lat' dir='ltr'><strong>Pelia</strong></span> <span class='ocrx_word' id='word_1_24' title='bbox 603 575 737 638; x_wconf 87' lang='lat' dir='ltr'><strong>subiecta</strong></span> <span class='ocrx_word' id='word_1_25' title='bbox 760 578 886 657; x_wconf 85' lang='lat' dir='ltr'><strong>creatis,</strong></span> 
     </span>
     <span class='ocr_line' id='line_1_5' title="bbox 54 665 943 745; baseline -0.003 -17"><span class='ocrx_word' id='word_1_26' title='bbox 54 678 112 728; x_wconf 79' lang='lat' dir='ltr'><strong>eoo</strong></span> <span class='ocrx_word' id='word_1_27' title='bbox 128 666 216 727; x_wconf 77' lang='lat' dir='ltr'><strong>Arte</strong></span> <span class='ocrx_word' id='word_1_28' title='bbox 238 684 326 728; x_wconf 88' lang='lat' dir='ltr'><strong>suum</strong></span> <span class='ocrx_word' id='word_1_29' title='bbox 348 665 435 745; x_wconf 91' lang='lat' dir='ltr'><strong>parili</strong></span> <span class='ocrx_word' id='word_1_30' title='bbox 457 668 639 727; x_wconf 86' lang='lat' dir='ltr'><strong>revirescere</strong></span> <span class='ocrx_word' id='word_1_31' title='bbox 662 681 750 744; x_wconf 87' lang='lat' dir='ltr'><strong>posse</strong></span> <span class='ocrx_word' id='word_1_32' title='bbox 772 673 943 744; x_wconf 88' lang='lat' dir='ltr'><strong>parentem.</strong></span> 
     </span>
     <span class='ocr_line' id='line_1_6' title="bbox 128 751 1063 835; baseline 0.001 -21"><span class='ocrx_word' id='word_1_33' title='bbox 128 754 266 834; x_wconf 88' lang='lat' dir='ltr'><strong>lamque</strong></span> <span class='ocrx_word' id='word_1_34' title='bbox 288 761 395 835; x_wconf 89' lang='lat' dir='ltr'><strong>petunt</strong></span> <span class='ocrx_word' id='word_1_35' title='bbox 407 802 417 835; x_wconf 89' lang='lat'><em>‚</em></span> <span class='ocrx_word' id='word_1_36' title='bbox 439 756 630 833; x_wconf 80' lang='lat' dir='ltr'><strong>pretiumque</strong></span> <span class='ocrx_word' id='word_1_37' title='bbox 653 751 758 814; x_wconf 88' lang='lat' dir='ltr'><strong>iubent</strong></span> <span class='ocrx_word' id='word_1_38' title='bbox 780 754 844 813; x_wconf 90' lang='lat' dir='ltr'><strong>sine</strong></span> <span class='ocrx_word' id='word_1_39' title='bbox 867 754 925 814; x_wconf 88' lang='lat' dir='ltr'><strong>line</strong></span> <span class='ocrx_word' id='word_1_40' title='bbox 939 753 1063 833; x_wconf 62' lang='lat' dir='ltr'><strong>pacisci·</strong></span> 
     </span>
     <span class='ocr_line' id='line_1_7' title="bbox 130 839 881 922; baseline -0.003 -18"><span class='ocrx_word' id='word_1_41' title='bbox 130 843 192 904; x_wconf 92' lang='lat' dir='ltr'><strong>llla</strong></span> <span class='ocrx_word' id='word_1_42' title='bbox 215 843 301 904; x_wconf 86' lang='lat' dir='ltr'><strong>brevi</strong></span> <span class='ocrx_word' id='word_1_43' title='bbox 324 844 420 922; x_wconf 89' lang='lat' dir='ltr'><strong>spatio</strong></span> <span class='ocrx_word' id='word_1_44' title='bbox 444 842 511 904; x_wconf 91' lang='lat' dir='ltr'><strong>silet</strong></span> <span class='ocrx_word' id='word_1_45' title='bbox 533 850 565 903; x_wconf 86' lang='lat' dir='ltr'><strong>et</strong></span> <span class='ocrx_word' id='word_1_46' title='bbox 587 839 723 902; x_wconf 89' lang='lat' dir='ltr'><strong>dubitare</strong></span> <span class='ocrx_word' id='word_1_47' title='bbox 746 840 881 922; x_wconf 87' lang='lat' dir='ltr'><strong>videtur,</strong></span> 
     </span>
     <span class='ocr_line' id='line_1_8' title="bbox 132 931 956 1012; baseline -0.002 -19"><span class='ocrx_word' id='word_1_48' title='bbox 132 932 366 1012; x_wconf 79' lang='lat' dir='ltr'><strong>suspenditque</strong></span> <span class='ocrx_word' id='word_1_49' title='bbox 390 931 504 992; x_wconf 89' lang='lat' dir='ltr'><strong>animos</strong></span> <span class='ocrx_word' id='word_1_50' title='bbox 527 931 598 992; x_wconf 86' lang='lat' dir='ltr'><strong>licta</strong></span> <span class='ocrx_word' id='word_1_51' title='bbox 616 931 759 1009; x_wconf 79' lang='lat' dir='ltr'><strong>gravitate</strong></span> <span class='ocrx_word' id='word_1_52' title='bbox 782 937 956 1009; x_wconf 77' lang='lat' dir='ltr'><strong>rogantem.</strong></span> 
     </span>
     <span class='ocr_line' id='line_1_9' title="bbox 131 1015 937 1100; baseline -0.004 -19"><span class='ocrx_word' id='word_1_53' title='bbox 131 1020 206 1081; x_wconf 77' lang='lat' dir='ltr'><strong>Mox</strong></span> <span class='ocrx_word' id='word_1_54' title='bbox 233 1019 287 1081; x_wconf 90' lang='lat' dir='ltr'><strong>ubi</strong></span> <span class='ocrx_word' id='word_1_55' title='bbox 309 1018 442 1099; x_wconf 84' lang='lat' dir='ltr'><strong>pollicita</strong></span> <span class='ocrx_word' id='word_1_56' title='bbox 465 1027 511 1080; x_wconf 88' lang='lat' dir='ltr'><strong>est</strong></span> <span class='ocrx_word' id='word_1_57' title='bbox 523 1067 532 1100; x_wconf 86' lang='lat'><strong><em>,</em></strong></span> <span class='ocrx_word' id='word_1_58' title='bbox 556 1015 628 1097; x_wconf 73' lang='lat' dir='ltr'><strong>‘quo</strong></span> <span class='ocrx_word' id='word_1_59' title='bbox 652 1020 691 1080; x_wconf 89' lang='lat' dir='ltr'><strong>sit</strong></span> <span class='ocrx_word' id='word_1_60' title='bbox 713 1016 820 1078; x_wconf 85' lang='lat' dir='ltr'><strong>fiducia</strong></span> <span class='ocrx_word' id='word_1_61' title='bbox 843 1020 937 1079; x_wconf 89' lang='lat' dir='ltr'><strong>maior</strong></span> 
     </span>
     <span class='ocr_line' id='line_1_10' title="bbox 62 1102 1041 1189; baseline -0.002 -21"><span class='ocrx_word' id='word_1_62' title='bbox 62 1120 118 1171; x_wconf 82' lang='lat' dir='ltr'><strong>ato</strong></span> <span class='ocrx_word' id='word_1_63' title='bbox 132 1108 277 1170; x_wconf 81' lang='lat' dir='ltr'><strong>Muneris</strong></span> <span class='ocrx_word' id='word_1_64' title='bbox 300 1108 390 1169; x_wconf 83' lang='lat' dir='ltr'><strong>huius</strong></span> <span class='ocrx_word' id='word_1_65' title='bbox 402 1102 424 1189; x_wconf 86' lang='lat'><strong>,&#39;</strong></span> <span class='ocrx_word' id='word_1_66' title='bbox 447 1109 488 1168; x_wconf 95' lang='grc'><strong>111</strong></span> <span class='ocrx_word' id='word_1_67' title='bbox 511 1102 574 1186; x_wconf 78' lang='lat' dir='ltr'><strong>‘qui</strong></span> <span class='ocrx_word' id='word_1_68' title='bbox 597 1114 710 1168; x_wconf 87' lang='lat' dir='ltr'><strong>vestras</strong></span> <span class='ocrx_word' id='word_1_69' title='bbox 732 1107 877 1167; x_wconf 85' lang='lat' dir='ltr'><strong>maximus</strong></span> <span class='ocrx_word' id='word_1_70' title='bbox 901 1123 972 1166; x_wconf 84' lang='lat' dir='ltr'><strong>aevo</strong></span> <span class='ocrx_word' id='word_1_71' title='bbox 996 1114 1041 1167; x_wconf 92' lang='lat' dir='ltr'><strong>est</strong></span> 
     </span>
     <span class='ocr_line' id='line_1_11' title="bbox 133 1189 980 1276; baseline -0.004 -18"><span class='ocrx_word' id='word_1_72' title='bbox 133 1197 204 1259; x_wconf 85' lang='lat' dir='ltr'><strong>Dux</strong></span> <span class='ocrx_word' id='word_1_73' title='bbox 225 1198 327 1276; x_wconf 78' lang='lat' dir='ltr'><strong>gregis</strong></span> <span class='ocrx_word' id='word_1_74' title='bbox 349 1198 429 1257; x_wconf 89' lang='lat' dir='ltr'><strong>inter</strong></span> <span class='ocrx_word' id='word_1_75' title='bbox 452 1213 544 1275; x_wconf 88' lang='lat' dir='ltr'><strong>ores,</strong></span> <span class='ocrx_word' id='word_1_76' title='bbox 567 1196 662 1275; x_wconf 78' lang='lat' dir='ltr'><strong>agdus</strong></span> <span class='ocrx_word' id='word_1_77' title='bbox 684 1193 877 1256; x_wconf 80' lang='lat' dir='ltr'><strong>medicamine</strong></span> <span class='ocrx_word' id='word_1_78' title='bbox 899 1189 980 1256; x_wconf 69' lang='lat' dir='ltr'><strong>det?</strong></span> 
     </span>
     <span class='ocr_line' id='line_1_12' title="bbox 134 1283 847 1362; baseline -0.006 -16"><span class='ocrx_word' id='word_1_79' title='bbox 134 1285 286 1348; x_wconf 81' lang='lat' dir='ltr'><strong>Protinus</strong></span> <span class='ocrx_word' id='word_1_80' title='bbox 309 1286 474 1345; x_wconf 76' lang='lat' dir='ltr'><strong>innumeris</strong></span> <span class='ocrx_word' id='word_1_81' title='bbox 497 1284 604 1346; x_wconf 81' lang='lat' dir='ltr'><strong>effetus</strong></span> <span class='ocrx_word' id='word_1_82' title='bbox 627 1283 739 1362; x_wconf 76' lang='lat' dir='ltr'><strong>laniger</strong></span> <span class='ocrx_word' id='word_1_83' title='bbox 762 1283 847 1343; x_wconf 87' lang='lat' dir='ltr'><strong>annis</strong></span> 
     </span>
     <span class='ocr_line' id='line_1_13' title="bbox 136 1372 931 1451; baseline -0.003 -17"><span class='ocrx_word' id='word_1_84' title='bbox 136 1373 311 1436; x_wconf 78' lang='lat' dir='ltr'><strong>Attrahitur</strong></span> <span class='ocrx_word' id='word_1_85' title='bbox 333 1372 411 1434; x_wconf 87' lang='lat' dir='ltr'><strong>llexo</strong></span> <span class='ocrx_word' id='word_1_86' title='bbox 434 1374 548 1434; x_wconf 88' lang='lat' dir='ltr'><strong>circum</strong></span> <span class='ocrx_word' id='word_1_87' title='bbox 569 1389 640 1433; x_wconf 89' lang='lat' dir='ltr'><strong>cava</strong></span> <span class='ocrx_word' id='word_1_88' title='bbox 663 1380 797 1451; x_wconf 87' lang='lat' dir='ltr'><strong>tempora</strong></span> <span class='ocrx_word' id='word_1_89' title='bbox 820 1388 931 1432; x_wconf 71' lang='lat' dir='ltr'><strong>carnut</strong></span> 
     </span>
     <span class='ocr_line' id='line_1_14' title="bbox 137 1458 926 1539; baseline -0.005 -16"><span class='ocrx_word' id='word_1_90' title='bbox 137 1462 238 1523; x_wconf 85' lang='lat' dir='ltr'><strong>Cuius</strong></span> <span class='ocrx_word' id='word_1_91' title='bbox 261 1470 295 1522; x_wconf 93' lang='lat' dir='ltr'><strong>ut</strong></span> <span class='ocrx_word' id='word_1_92' title='bbox 317 1459 479 1522; x_wconf 88' lang='lat' dir='ltr'><strong>Haemonio</strong></span> <span class='ocrx_word' id='word_1_93' title='bbox 502 1462 664 1522; x_wconf 76' lang='lat' dir='ltr'><strong>marcentia</strong></span> <span class='ocrx_word' id='word_1_94' title='bbox 686 1469 807 1539; x_wconf 76' lang='lat' dir='ltr'><strong>guttura</strong></span> <span class='ocrx_word' id='word_1_95' title='bbox 830 1458 926 1520; x_wconf 87' lang='lat' dir='ltr'><strong>cultro</strong></span> 
     </span>
     <span class='ocr_line' id='line_1_15' title="bbox 70 1548 936 1629; baseline -0.003 -19"><span class='ocrx_word' id='word_1_96' title='bbox 70 1563 122 1611; x_wconf 80' lang='lat' dir='ltr'><strong>ata</strong></span> <span class='ocrx_word' id='word_1_97' title='bbox 137 1550 254 1629; x_wconf 84' lang='lat' dir='ltr'><strong>Fodit,</strong></span> <span class='ocrx_word' id='word_1_98' title='bbox 276 1557 308 1610; x_wconf 90' lang='lat' dir='ltr'><strong>et</strong></span> <span class='ocrx_word' id='word_1_99' title='bbox 330 1551 437 1628; x_wconf 81' lang='lat' dir='ltr'><strong>exiguo</strong></span> <span class='ocrx_word' id='word_1_100' title='bbox 460 1548 617 1610; x_wconf 87' lang='lat' dir='ltr'><strong>macularit</strong></span> <span class='ocrx_word' id='word_1_101' title='bbox 639 1551 781 1628; x_wconf 77' lang='lat' dir='ltr'><strong>sanguine</strong></span> <span class='ocrx_word' id='word_1_102' title='bbox 804 1549 936 1629; x_wconf 79' lang='lat' dir='ltr'><strong>ferrum,</strong></span> 
     </span>
     <span class='ocr_line' id='line_1_16' title="bbox 138 1636 991 1717; baseline -0.006 -17"><span class='ocrx_word' id='word_1_103' title='bbox 138 1637 277 1700; x_wconf 86' lang='lat' dir='ltr'><strong>Membra</strong></span> <span class='ocrx_word' id='word_1_104' title='bbox 300 1636 393 1698; x_wconf 87' lang='lat' dir='ltr'><strong>simul</strong></span> <span class='ocrx_word' id='word_1_105' title='bbox 410 1636 534 1717; x_wconf 89' lang='lat' dir='ltr'><strong>pecudis</strong></span> <span class='ocrx_word' id='word_1_106' title='bbox 557 1636 727 1716; x_wconf 87' lang='lat' dir='ltr'><strong>validosque</strong></span> <span class='ocrx_word' id='word_1_107' title='bbox 750 1636 881 1697; x_wconf 84' lang='lat' dir='ltr'><strong>venefica</strong></span> <span class='ocrx_word' id='word_1_108' title='bbox 904 1652 991 1697; x_wconf 86' lang='lat' dir='ltr'><strong>succa</strong></span> 
     </span>
     <span class='ocr_line' id='line_1_17' title="bbox 140 1723 1028 1805; baseline -0.006 -17"><span class='ocrx_word' id='word_1_109' title='bbox 140 1727 252 1805; x_wconf 80' lang='lat' dir='ltr'><strong>ilergit</strong></span> <span class='ocrx_word' id='word_1_110' title='bbox 273 1727 305 1787; x_wconf 92' lang='lat' dir='ltr'><strong>in</strong></span> <span class='ocrx_word' id='word_1_111' title='bbox 328 1743 397 1786; x_wconf 89' lang='lat' dir='ltr'><strong>aere</strong></span> <span class='ocrx_word' id='word_1_112' title='bbox 420 1743 513 1788; x_wconf 84' lang='lat' dir='ltr'><strong>carc:</strong></span> <span class='ocrx_word' id='word_1_113' title='bbox 537 1723 690 1802; x_wconf 90' lang='lat' dir='ltr'><strong>[minuunt</strong></span> <span class='ocrx_word' id='word_1_114' title='bbox 713 1743 748 1786; x_wconf 90' lang='lat' dir='ltr'><strong>ea</strong></span> <span class='ocrx_word' id='word_1_115' title='bbox 771 1725 905 1804; x_wconf 84' lang='lat' dir='ltr'><strong>eorporis</strong></span> <span class='ocrx_word' id='word_1_116' title='bbox 928 1732 1028 1805; x_wconf 85' lang='lat' dir='ltr'><strong>artus,</strong></span> 
     </span>
     <span class='ocr_line' id='line_1_18' title="bbox 142 1811 1050 1894; baseline -0.003 -18"><span class='ocrx_word' id='word_1_117' title='bbox 142 1815 323 1893; x_wconf 85' lang='lat' dir='ltr'><strong>Cornuaque</strong></span> <span class='ocrx_word' id='word_1_118' title='bbox 346 1822 498 1894; x_wconf 84' lang='lat' dir='ltr'><strong>exurunt,</strong></span> <span class='ocrx_word' id='word_1_119' title='bbox 520 1831 576 1874; x_wconf 89' lang='lat' dir='ltr'><strong>nee</strong></span> <span class='ocrx_word' id='word_1_120' title='bbox 599 1830 660 1874; x_wconf 90' lang='lat' dir='ltr'><strong>non</strong></span> <span class='ocrx_word' id='word_1_121' title='bbox 683 1829 752 1874; x_wconf 90' lang='lat' dir='ltr'><strong>cum</strong></span> <span class='ocrx_word' id='word_1_122' title='bbox 775 1811 916 1874; x_wconf 89' lang='lat' dir='ltr'><strong>cornibus</strong></span> <span class='ocrx_word' id='word_1_123' title='bbox 939 1829 1050 1873; x_wconf 72' lang='lat' dir='ltr'><strong>annosa</strong></span> 
     </span>
     <span class='ocr_line' id='line_1_19' title="bbox 142 1900 804 1964; baseline 0 -1"><span class='ocrx_word' id='word_1_124' title='bbox 142 1903 184 1964; x_wconf 89' lang='lat' dir='ltr'><strong>Et</strong></span> <span class='ocrx_word' id='word_1_125' title='bbox 206 1911 292 1963; x_wconf 91' lang='lat' dir='ltr'><strong>tener</strong></span> <span class='ocrx_word' id='word_1_126' title='bbox 314 1900 434 1963; x_wconf 86' lang='lat' dir='ltr'><strong>auditur</strong></span> <span class='ocrx_word' id='word_1_127' title='bbox 456 1901 553 1962; x_wconf 90' lang='lat' dir='ltr'><strong>medio</strong></span> <span class='ocrx_word' id='word_1_128' title='bbox 576 1900 691 1963; x_wconf 84' lang='lat' dir='ltr'><strong>balatus</strong></span> <span class='ocrx_word' id='word_1_129' title='bbox 714 1906 804 1963; x_wconf 75' lang='lat' dir='ltr'><strong>aeno.</strong></span> 
     </span>
     <span class='ocr_line' id='line_1_20' title="bbox 78 1988 940 2071; baseline -0.005 -17"><span class='ocrx_word' id='word_1_130' title='bbox 78 2006 129 2055; x_wconf 77' lang='lat' dir='ltr'><strong>aaa</strong></span> <span class='ocrx_word' id='word_1_131' title='bbox 144 1991 206 2052; x_wconf 87' lang='lat' dir='ltr'><strong>Nec</strong></span> <span class='ocrx_word' id='word_1_132' title='bbox 228 2007 334 2070; x_wconf 89' lang='lat' dir='ltr'><strong>mora,</strong></span> <span class='ocrx_word' id='word_1_133' title='bbox 355 1988 500 2067; x_wconf 85' lang='lat' dir='ltr'><strong>balatum]</strong></span> <span class='ocrx_word' id='word_1_134' title='bbox 523 1989 702 2052; x_wconf 87' lang='lat' dir='ltr'><strong>mirantibus</strong></span> <span class='ocrx_word' id='word_1_135' title='bbox 725 1989 808 2051; x_wconf 85' lang='lat' dir='ltr'><strong>exilit</strong></span> <span class='ocrx_word' id='word_1_136' title='bbox 829 2007 940 2071; x_wconf 83' lang='lat' dir='ltr'><strong>agnus,</strong></span> 
     </span>
     <span class='ocr_line' id='line_1_21' title="bbox 146 2077 939 2159; baseline -0.005 -18"><span class='ocrx_word' id='word_1_137' title='bbox 146 2080 332 2157; x_wconf 87' lang='lat' dir='ltr'><strong>Laseiritque</strong></span> <span class='ocrx_word' id='word_1_138' title='bbox 355 2078 448 2158; x_wconf 83' lang='lat' dir='ltr'><strong>fuga,</strong></span> <span class='ocrx_word' id='word_1_139' title='bbox 470 2077 667 2159; x_wconf 87' lang='lat' dir='ltr'><strong>lactantiaque</strong></span> <span class='ocrx_word' id='word_1_140' title='bbox 690 2077 783 2139; x_wconf 89' lang='lat' dir='ltr'><strong>ubera</strong></span> <span class='ocrx_word' id='word_1_141' title='bbox 806 2079 939 2157; x_wconf 86' lang='lat' dir='ltr'><strong>quaerit.</strong></span> 
     </span>
     <span class='ocr_line' id='line_1_22' title="bbox 148 2165 962 2247; baseline -0.005 -18"><span class='ocrx_word' id='word_1_142' title='bbox 148 2167 325 2247; x_wconf 87' lang='lat' dir='ltr'><strong>Obstipuere</strong></span> <span class='ocrx_word' id='word_1_143' title='bbox 349 2174 429 2227; x_wconf 83' lang='lat' dir='ltr'><strong>satae</strong></span> <span class='ocrx_word' id='word_1_144' title='bbox 451 2165 555 2229; x_wconf 85' lang='lat' dir='ltr'><strong>Pelia:</strong></span> <span class='ocrx_word' id='word_1_145' title='bbox 577 2169 783 2246; x_wconf 89' lang='lat' dir='ltr'><strong>promissaque</strong></span> <span class='ocrx_word' id='word_1_146' title='bbox 805 2173 962 2246; x_wconf 85' lang='lat' dir='ltr'><strong>postquam</strong></span> 
     </span>
     <span class='ocr_line' id='line_1_23' title="bbox 147 2254 957 2335; baseline -0.004 -18"><span class='ocrx_word' id='word_1_147' title='bbox 147 2254 315 2317; x_wconf 84' lang='lat' dir='ltr'><strong>Exlribuere</strong></span> <span class='ocrx_word' id='word_1_148' title='bbox 339 2254 429 2316; x_wconf 89' lang='lat' dir='ltr'><strong>fidem</strong></span> <span class='ocrx_word' id='word_1_149' title='bbox 440 2302 450 2335; x_wconf 89' lang='lat'><em>‚</em></span> <span class='ocrx_word' id='word_1_150' title='bbox 472 2262 536 2317; x_wconf 88' lang='lat' dir='ltr'><strong>tum</strong></span> <span class='ocrx_word' id='word_1_151' title='bbox 559 2272 630 2315; x_wconf 89' lang='lat' dir='ltr'><strong>vero</strong></span> <span class='ocrx_word' id='word_1_152' title='bbox 653 2256 806 2335; x_wconf 87' lang='lat' dir='ltr'><strong>inpensius</strong></span> <span class='ocrx_word' id='word_1_153' title='bbox 830 2256 957 2315; x_wconf 87' lang='lat' dir='ltr'><strong>instant.</strong></span> 
     </span>
     <span class='ocr_line' id='line_1_24' title="bbox 149 2342 1037 2423; baseline -0.002 -18"><span class='ocrx_word' id='word_1_154' title='bbox 149 2345 206 2405; x_wconf 86' lang='lat' dir='ltr'><strong>Ter</strong></span> <span class='ocrx_word' id='word_1_155' title='bbox 227 2346 296 2422; x_wconf 79' lang='lat' dir='ltr'><strong>iuga</strong></span> <span class='ocrx_word' id='word_1_156' title='bbox 318 2342 459 2404; x_wconf 87' lang='lat' dir='ltr'><strong>Phoebus</strong></span> <span class='ocrx_word' id='word_1_157' title='bbox 481 2345 567 2423; x_wconf 88' lang='lat' dir='ltr'><strong>equis</strong></span> <span class='ocrx_word' id='word_1_158' title='bbox 589 2345 621 2404; x_wconf 90' lang='grc'><strong>111</strong></span> <span class='ocrx_word' id='word_1_159' title='bbox 644 2342 755 2404; x_wconf 87' lang='lat' dir='ltr'><strong>Hibero</strong></span> <span class='ocrx_word' id='word_1_160' title='bbox 778 2342 899 2404; x_wconf 89' lang='lat' dir='ltr'><strong>llumine</strong></span> <span class='ocrx_word' id='word_1_161' title='bbox 922 2345 1037 2423; x_wconf 80' lang='lat' dir='ltr'><strong>mersis</strong></span> 
     </span>
     <span class='ocr_line' id='line_1_25' title="bbox 85 2428 971 2513; baseline -0.005 -17"><span class='ocrx_word' id='word_1_162' title='bbox 85 2445 135 2497; x_wconf 76' lang='lat' dir='ltr'><strong>aaa</strong></span> <span class='ocrx_word' id='word_1_163' title='bbox 149 2432 321 2513; x_wconf 78' lang='lat' dir='ltr'><strong>{tempserat</strong></span> <span class='ocrx_word' id='word_1_164' title='bbox 333 2479 342 2512; x_wconf 87' lang='lat'><strong><em>,</em></strong></span> <span class='ocrx_word' id='word_1_165' title='bbox 366 2440 397 2493; x_wconf 88' lang='lat' dir='ltr'><strong>et</strong></span> <span class='ocrx_word' id='word_1_166' title='bbox 419 2441 523 2511; x_wconf 91' lang='lat' dir='ltr'><strong>quarta</strong></span> <span class='ocrx_word' id='word_1_167' title='bbox 546 2431 690 2493; x_wconf 84' lang='lat' dir='ltr'><strong>radiantia</strong></span> <span class='ocrx_word' id='word_1_168' title='bbox 712 2439 800 2492; x_wconf 91' lang='lat' dir='ltr'><strong>nocte</strong></span> <span class='ocrx_word' id='word_1_169' title='bbox 823 2428 971 2492; x_wconf 91' lang='lat' dir='ltr'><strong>micabant</strong></span> 
     </span>
     <span class='ocr_line' id='line_1_26' title="bbox 151 2520 825 2603; baseline -0.004 -21"><span class='ocrx_word' id='word_1_170' title='bbox 151 2521 273 2603; x_wconf 90' lang='lat' dir='ltr'><strong>Sidera,</strong></span> <span class='ocrx_word' id='word_1_171' title='bbox 297 2537 366 2581; x_wconf 89' lang='lat' dir='ltr'><strong>cum</strong></span> <span class='ocrx_word' id='word_1_172' title='bbox 388 2520 492 2599; x_wconf 92' lang='lat' dir='ltr'><strong>rapido</strong></span> <span class='ocrx_word' id='word_1_173' title='bbox 516 2520 601 2582; x_wconf 79' lang='lat' dir='ltr'><strong>fallax</strong></span> <span class='ocrx_word' id='word_1_174' title='bbox 624 2520 740 2593; x_wconf 75' lang='lat' dir='ltr'><strong>Aeetias</strong></span> <span class='ocrx_word' id='word_1_175' title='bbox 762 2521 825 2598; x_wconf 83' lang='lat' dir='ltr'><strong>igni</strong></span> 
     </span>
     <span class='ocr_line' id='line_1_27' title="bbox 151 2606 961 2689; baseline -0.002 -19"><span class='ocrx_word' id='word_1_176' title='bbox 151 2610 266 2689; x_wconf 87' lang='lat' dir='ltr'><strong>inponit</strong></span> <span class='ocrx_word' id='word_1_177' title='bbox 287 2625 397 2688; x_wconf 89' lang='lat' dir='ltr'><strong>purum</strong></span> <span class='ocrx_word' id='word_1_178' title='bbox 419 2608 536 2670; x_wconf 90' lang='lat' dir='ltr'><strong>laticem</strong></span> <span class='ocrx_word' id='word_1_179' title='bbox 560 2617 591 2670; x_wconf 91' lang='lat' dir='ltr'><strong>et</strong></span> <span class='ocrx_word' id='word_1_180' title='bbox 612 2610 677 2670; x_wconf 88' lang='lat' dir='ltr'><strong>sine</strong></span> <span class='ocrx_word' id='word_1_181' title='bbox 700 2608 813 2669; x_wconf 85' lang='lat' dir='ltr'><strong>viribus</strong></span> <span class='ocrx_word' id='word_1_182' title='bbox 836 2606 961 2668; x_wconf 86' lang='lat' dir='ltr'><strong>herbas.</strong></span> 
     </span>
     <span class='ocr_line' id='line_1_28' title="bbox 152 2696 914 2776; baseline -0.001 -18"><span class='ocrx_word' id='word_1_183' title='bbox 152 2698 267 2776; x_wconf 87' lang='lat' dir='ltr'><strong>lamque</strong></span> <span class='ocrx_word' id='word_1_184' title='bbox 290 2699 358 2758; x_wconf 89' lang='lat' dir='ltr'><strong>neci</strong></span> <span class='ocrx_word' id='word_1_185' title='bbox 381 2696 485 2758; x_wconf 88' lang='lat' dir='ltr'><strong>similis</strong></span> <span class='ocrx_word' id='word_1_186' title='bbox 508 2696 640 2758; x_wconf 91' lang='lat' dir='ltr'><strong>resoluto</strong></span> <span class='ocrx_word' id='word_1_187' title='bbox 664 2713 790 2776; x_wconf 89' lang='lat' dir='ltr'><strong>corpore</strong></span> <span class='ocrx_word' id='word_1_188' title='bbox 812 2713 914 2775; x_wconf 83' lang='lat' dir='ltr'><strong>regem</strong></span> 
     </span>
     <span class='ocr_line' id='line_1_29' title="bbox 152 2782 923 2864; baseline -0.004 -17"><span class='ocrx_word' id='word_1_189' title='bbox 152 2786 276 2847; x_wconf 84' lang='lat' dir='ltr'><strong>Etcum</strong></span> <span class='ocrx_word' id='word_1_190' title='bbox 299 2803 370 2864; x_wconf 77' lang='lat' dir='ltr'><strong>rege</strong></span> <span class='ocrx_word' id='word_1_191' title='bbox 393 2803 448 2847; x_wconf 88' lang='lat' dir='ltr'><strong>suo</strong></span> <span class='ocrx_word' id='word_1_192' title='bbox 472 2784 611 2847; x_wconf 86' lang='lat' dir='ltr'><strong>custodes</strong></span> <span class='ocrx_word' id='word_1_193' title='bbox 635 2803 757 2846; x_wconf 89' lang='lat' dir='ltr'><strong>somnus</strong></span> <span class='ocrx_word' id='word_1_194' title='bbox 779 2782 923 2864; x_wconf 85' lang='lat' dir='ltr'><strong>hahebat,</strong></span> 
     </span>
     <span class='ocr_line' id='line_1_30' title="bbox 93 2872 1066 2953; baseline -0.006 -16"><span class='ocrx_word' id='word_1_195' title='bbox 93 2875 244 2946; x_wconf 72' lang='lat' dir='ltr'><strong>eandoem</strong></span> <span class='ocrx_word' id='word_1_196' title='bbox 266 2872 410 2934; x_wconf 89' lang='lat' dir='ltr'><strong>dederant</strong></span> <span class='ocrx_word' id='word_1_197' title='bbox 432 2882 538 2934; x_wconf 89' lang='lat' dir='ltr'><strong>cantus</strong></span> <span class='ocrx_word' id='word_1_198' title='bbox 561 2875 750 2953; x_wconf 86' lang='lat' dir='ltr'><strong>magicaeque</strong></span> <span class='ocrx_word' id='word_1_199' title='bbox 773 2874 905 2952; x_wconf 87' lang='lat' dir='ltr'><strong>potentia</strong></span> <span class='ocrx_word' id='word_1_200' title='bbox 932 2872 1066 2951; x_wconf 81' lang='lat' dir='ltr'><strong>linguae.</strong></span> 
     </span>
     <span class='ocr_line' id='line_1_31' title="bbox 154 2960 919 3041; baseline -0.004 -18"><span class='ocrx_word' id='word_1_201' title='bbox 154 2963 295 3023; x_wconf 87' lang='lat' dir='ltr'><strong>lntrarant</strong></span> <span class='ocrx_word' id='word_1_202' title='bbox 316 2964 414 3023; x_wconf 86' lang='lat' dir='ltr'><strong>iussae</strong></span> <span class='ocrx_word' id='word_1_203' title='bbox 438 2979 506 3023; x_wconf 89' lang='lat' dir='ltr'><strong>eum</strong></span> <span class='ocrx_word' id='word_1_204' title='bbox 530 2960 668 3022; x_wconf 87' lang='lat' dir='ltr'><strong>Colchide</strong></span> <span class='ocrx_word' id='word_1_205' title='bbox 692 2960 791 3023; x_wconf 88' lang='lat' dir='ltr'><strong>limina</strong></span> <span class='ocrx_word' id='word_1_206' title='bbox 815 2970 919 3041; x_wconf 85' lang='lat' dir='ltr'><strong>natae,</strong></span> 
     </span>
     <span class='ocr_line' id='line_1_32' title="bbox 155 3045 1068 3129; baseline -0.004 -17"><span class='ocrx_word' id='word_1_207' title='bbox 155 3049 379 3129; x_wconf 83' lang='lat' dir='ltr'><strong>lmbierantqae</strong></span> <span class='ocrx_word' id='word_1_208' title='bbox 402 3058 524 3112; x_wconf 90' lang='lat' dir='ltr'><strong>torum.</strong></span> <span class='ocrx_word' id='word_1_209' title='bbox 552 3045 635 3129; x_wconf 76' lang='lat' dir='ltr'><strong>‘quid</strong></span> <span class='ocrx_word' id='word_1_210' title='bbox 663 3067 744 3111; x_wconf 91' lang='lat' dir='ltr'><strong>nunc</strong></span> <span class='ocrx_word' id='word_1_211' title='bbox 767 3048 907 3111; x_wconf 87' lang='lat' dir='ltr'><strong>dubitatis</strong></span> <span class='ocrx_word' id='word_1_212' title='bbox 930 3045 1068 3110; x_wconf 74' lang='lat' dir='ltr'><strong>inertes?</strong></span> 
     </span>
     <span class='ocr_line' id='line_1_33' title="bbox 155 3133 1069 3220; baseline -0.002 -20"><span class='ocrx_word' id='word_1_213' title='bbox 155 3133 302 3217; x_wconf 77' lang='lat' dir='ltr'><strong>Stringite’</strong></span> <span class='ocrx_word' id='word_1_214' title='bbox 325 3140 366 3199; x_wconf 83' lang='lat' dir='ltr'><strong>ait</strong></span> <span class='ocrx_word' id='word_1_215' title='bbox 389 3133 511 3217; x_wconf 78' lang='lat' dir='ltr'><strong>‘gladios</strong></span> <span class='ocrx_word' id='word_1_216' title='bbox 523 3184 532 3220; x_wconf 92' lang='lat'><em>,</em></span> <span class='ocrx_word' id='word_1_217' title='bbox 555 3137 746 3217; x_wconf 76' lang='lat' dir='ltr'><strong>veteremque</strong></span> <span class='ocrx_word' id='word_1_218' title='bbox 769 3137 885 3198; x_wconf 86' lang='lat' dir='ltr'><strong>haurite</strong></span> <span class='ocrx_word' id='word_1_219' title='bbox 913 3154 1069 3217; x_wconf 72' lang='lat' dir='ltr'><strong>cruorem,</strong></span> 
     </span>
     <span class='ocr_line' id='line_1_34' title="bbox 155 3225 913 3306; baseline -0.001 -18"><span class='ocrx_word' id='word_1_220' title='bbox 155 3226 191 3288; x_wconf 89' lang='lat' dir='ltr'><strong>Ut</strong></span> <span class='ocrx_word' id='word_1_221' title='bbox 210 3226 337 3306; x_wconf 90' lang='lat' dir='ltr'><strong>repleam</strong></span> <span class='ocrx_word' id='word_1_222' title='bbox 360 3244 467 3288; x_wconf 84' lang='lat' dir='ltr'><strong>vacuas</strong></span> <span class='ocrx_word' id='word_1_223' title='bbox 488 3225 616 3288; x_wconf 85' lang='lat' dir='ltr'><strong>iuvenali</strong></span> <span class='ocrx_word' id='word_1_224' title='bbox 640 3228 783 3306; x_wconf 69' lang='lat' dir='ltr'><strong>sangnine</strong></span> <span class='ocrx_word' id='word_1_225' title='bbox 806 3243 913 3287; x_wconf 88' lang='lat' dir='ltr'><strong>renas.</strong></span> 
     </span>
     <span class='ocr_line' id='line_1_35' title="bbox 97 3314 956 3394; baseline -0.005 -16"><span class='ocrx_word' id='word_1_226' title='bbox 97 3316 186 3378; x_wconf 71' lang='lat' dir='ltr'><strong>aeolo</strong></span> <span class='ocrx_word' id='word_1_227' title='bbox 208 3314 340 3377; x_wconf 81' lang='lat' dir='ltr'><strong>manibus</strong></span> <span class='ocrx_word' id='word_1_228' title='bbox 363 3317 472 3376; x_wconf 86' lang='lat' dir='ltr'><strong>vestris</strong></span> <span class='ocrx_word' id='word_1_229' title='bbox 494 3316 553 3376; x_wconf 84' lang='lat' dir='ltr'><strong>rita</strong></span> <span class='ocrx_word' id='word_1_230' title='bbox 576 3323 624 3376; x_wconf 89' lang='lat' dir='ltr'><strong>est</strong></span> <span class='ocrx_word' id='word_1_231' title='bbox 645 3324 785 3394; x_wconf 80' lang='lat' dir='ltr'><strong>aetasque</strong></span> <span class='ocrx_word' id='word_1_232' title='bbox 808 3315 956 3394; x_wconf 85' lang='lat' dir='ltr'><strong>parentis.</strong></span> 
     </span>
     <span class='ocr_line' id='line_1_36' title="bbox 158 3401 956 3485; baseline 0.001 -22"><span class='ocrx_word' id='word_1_233' title='bbox 158 3402 200 3481; x_wconf 86' lang='lat' dir='ltr'><strong>[Sl</strong></span> <span class='ocrx_word' id='word_1_234' title='bbox 220 3405 312 3483; x_wconf 87' lang='lat' dir='ltr'><strong>pietas</strong></span> <span class='ocrx_word' id='word_1_235' title='bbox 334 3401 394 3464; x_wconf 89' lang='lat' dir='ltr'><strong>ulla</strong></span> <span class='ocrx_word' id='word_1_236' title='bbox 417 3410 486 3485; x_wconf 87' lang='lat' dir='ltr'><strong>est,</strong></span> <span class='ocrx_word' id='word_1_237' title='bbox 509 3420 565 3464; x_wconf 92' lang='lat' dir='ltr'><strong>nec</strong></span> <span class='ocrx_word' id='word_1_238' title='bbox 590 3421 659 3482; x_wconf 87' lang='lat' dir='ltr'><strong>spes</strong></span> <span class='ocrx_word' id='word_1_239' title='bbox 682 3405 799 3482; x_wconf 82' lang='lat' dir='ltr'><strong>agitatis</strong></span> <span class='ocrx_word' id='word_1_240' title='bbox 821 3404 924 3464; x_wconf 91' lang='lat' dir='ltr'><strong>inanes</strong></span> <span class='ocrx_word' id='word_1_241' title='bbox 934 3401 956 3484; x_wconf 75' lang='grc'><strong>,1</strong></span> 
     </span>
     <span class='ocr_line' id='line_1_37' title="bbox 158 3492 902 3572; baseline -0.001 -20"><span class='ocrx_word' id='word_1_242' title='bbox 158 3492 285 3552; x_wconf 86' lang='lat' dir='ltr'><strong>Olleium</strong></span> <span class='ocrx_word' id='word_1_243' title='bbox 306 3499 456 3571; x_wconf 89' lang='lat' dir='ltr'><strong>praestate</strong></span> <span class='ocrx_word' id='word_1_244' title='bbox 478 3492 579 3572; x_wconf 87' lang='lat' dir='ltr'><strong>patri,</strong></span> <span class='ocrx_word' id='word_1_245' title='bbox 601 3492 729 3570; x_wconf 88' lang='lat' dir='ltr'><strong>telisque</strong></span> <span class='ocrx_word' id='word_1_246' title='bbox 753 3500 902 3552; x_wconf 89' lang='lat' dir='ltr'><strong>senectam</strong></span> 
     </span>
     <span class='ocr_line' id='line_1_38' title="bbox 157 3573 913 3660; baseline 0.001 -21"><span class='ocrx_word' id='word_1_247' title='bbox 157 3579 284 3660; x_wconf 81' lang='lat' dir='ltr'><strong>Erigite,</strong></span> <span class='ocrx_word' id='word_1_248' title='bbox 306 3589 338 3641; x_wconf 93' lang='lat' dir='ltr'><strong>et</strong></span> <span class='ocrx_word' id='word_1_249' title='bbox 360 3581 472 3641; x_wconf 87' lang='lat' dir='ltr'><strong>saniem</strong></span> <span class='ocrx_word' id='word_1_250' title='bbox 495 3581 631 3641; x_wconf 89' lang='lat' dir='ltr'><strong>coniecto</strong></span> <span class='ocrx_word' id='word_1_251' title='bbox 654 3581 780 3659; x_wconf 84' lang='lat' dir='ltr'><strong>emittite</strong></span> <span class='ocrx_word' id='word_1_252' title='bbox 803 3573 913 3641; x_wconf 90' lang='lat' dir='ltr'><strong>lerro.’</strong></span> 
     </span>
    </p>
   </div>
   <div class='ocr_carea' id='block_1_3' title="bbox 0 0 1238 4042">
    <p class='ocr_par' dir='ltr' id='par_1_3' title="bbox 0 0 1238 4042">
     <span class='ocr_line' id='line_1_39' title="bbox 0 0 1238 4042; baseline 0 0"><span class='ocrx_word' id='word_1_253' title='bbox 0 0 1238 4042; x_wconf 95' lang='lat' dir='ltr'><strong> </strong></span> 
     </span>
    </p>
   </div>
  </div>
 </body>
</html>
