2467 4042
474 214 520 287 Π,
539 221 693 273 itt-itt.
819 237 925 274 ruvmu
1047 216 1091 281 43

160 384 275 446 Tristis
297 391 330 445 et
351 384 449 463 ignavi
470 382 642 464 plenissima
664 384 806 465 frigoris,
829 390 859 443 et
882 400 958 461 quae

163 472 240 551 igne
263 479 349 533 vacet
371 488 490 551 semper
502 517 512 553 ,
535 470 660 551 caligine
684 489 803 550 semper
825 470 972 533 abundet.

84 571 147 622 'tot
162 560 235 621 Huc
256 559 309 621 ubi
332 562 468 640 pervenit
485 558 556 621 belli
578 559 739 621 metuenda
760 560 879 641 virago,

164 648 310 709 Constitit
331 655 400 709 ante
422 647 544 709 domum
556 694 565 728 ,
588 665 687 727 neque
715 649 795 708 euim
817 648 981 710 succedere
1004 650 1091 712 tectis

163 736 225 797 Fas
247 734 359 817 habet,
382 744 412 797 et
433 744 535 815 postes
558 744 690 797 extrema
713 735 835 815 cuspide
856 736 971 816 pulsat.

164 825 337 886 Concussae
359 832 484 903 patuere
506 825 609 885 iores.
635 823 716 885 videt
737 825 819 885 intus
838 824 975 889 edentem

164 912 309 992 vipereas
332 929 460 993 cernes,
481 913 622 974 vitiorum
646 911 782 973 alimenta
805 930 945 995 suorum,

90 1014 150 1064 tto
166 1000 335 1082 iuvidiam,
352 1002 474 1080 visaque
496 999 599 1062 oculos
622 1002 749 1062 avertit.
776 1009 807 1062 at
827 1000 876 1062 illa

166 1090 273 1169 Surgit
294 1089 385 1150 humo
407 1091 492 1169 pigre
514 1106 757 1168 semesarumque
779 1087 921 1168 relinquit
1040 1123 1045 1134 ·

166 1178 302 1257 Corpora
324 1186 519 1258 serpentum,
540 1194 691 1257 passuque
714 1176 825 1239 incedit
847 1178 954 1259 inerti3

166 1265 267 1345 thue
291 1265 375 1326 deam
398 1264 471 1327 vidit
493 1266 647 1345 sermoque
670 1267 820 1345 armisque
843 1266 998 1348 decoram,

166 1354 339 1435 ingemuit,
360 1353 534 1433 vultumque
556 1355 630 1414 inita
652 1353 689 1414 ad
711 1356 840 1433 suspiria
860 1352 961 1415 duxit.

94 1454 151 1548 '135
166 1440 268 1503 Pallor
289 1444 321 1502 in
344 1460 397 1502 cre
420 1442 504 1502 sedet
515 1489 525 1522 ,
548 1443 658 1503 macies
679 1444 711 1502 in
734 1449 859 1521 'corpore
881 1450 963 1522 toto,

166 1529 323 1609 Nusquam
346 1539 428 1591 recta
450 1532 552 1609 acies,
574 1528 668 1591 livent
689 1528 826 1609 rubigine
849 1529 972 1611 dentes,

153 1618 295 1680 -Pectora
318 1617 386 1679 ielle
408 1620 528 1699 virent,
551 1617 651 1697 lingua
669 1626 716 1680 est
737 1619 850 1680 suiiusa
867 1636 1003 1681 ¹veneno.

102 1709 114 1726 ⁸
167 1706 260 1768 Rbus
282 1704 390 1788 abest,
412 1708 470 1767 nisi
493 1724 582 1786 quem
604 1707 660 1766 nisi
682 1724 801 1768 movere
824 1705 960 1790 dolores,

167 1793 231 1862 Nec
254 1795 366 1855 fruitur
388 1812 515 1875 somno,
537 1793 709 1874 vigilacibus
733 1797 829 1856 excita
852 1797 951 1878 curis,

99 1895 154 1946 tto
169 1882 229 1944 Sed
253 1883 334 1944 videt
355 1884 509 1963 ingratos,
531 1882 749 1961 intabescitque
771 1882 915 1967 videndo,

169 1971 337 2033 Successus
359 1970 513 2032 homiuum
525 2018 534 2051 ,
558 1973 711 2050 carpitque
735 1978 766 2032 et
789 1973 920 2051 carpitur
944 1990 1020 2055 una,

170 2059 417 2140 suppliciumque
431 2077 520 2120 suum
534 2066 596 2120 est.
621 2062 753 2138 quamvis
767 2067 867 2120 tamen
881 2059 1001 2142 oderat,
1014 2059 1092 2123 illam

169 2147 293 2209 Talibus
316 2148 402 2210 affata
424 2155 471 2208 est
493 2145 624 2209 breviter
646 2146 781 2208 Tritonia
804 2148 912 2209 dictis:

169 2234 273 2297 ‘lnfice
296 2235 365 2297 tabe
387 2245 438 2298 tua
461 2244 596 2297 natarum
620 2233 761 2315 Cecropis
783 2253 889 2298 uuam.

102 2338 155 2387 tte
171 2324 222 2387 Sic
245 2342 321 2404 opus
345 2332 412 2386 est.
439 2323 582 2404 Aglauros
609 2341 644 2384 ea
671 2332 718 2386 est
732 2319 752 2384 .’
778 2322 858 2385 haud
886 2323 972 2404 plura
994 2324 1091 2387 locuta

170 2413 261 2493 Fugit
283 2421 314 2473 et
335 2415 470 2492 inpressa
492 2410 630 2474 tellurem
653 2412 785 2492 reppulit
806 2411 908 2474 basta.

169 2501 222 2563 ilia
246 2501 332 2562 deam
354 2500 474 2580 obliquo
497 2501 660 2580 fugientem
682 2499 794 2562 lumine
817 2518 944 2562 cernens

170 2590 325 2651 Murmura
346 2607 437 2669 parva
459 2588 562 2671 dedit,
585 2606 856 2668 successurumque
878 2587 1026 2650 Mineruae

170 2676 323 2739 Indoluit.
350 2676 548 2756 baculumque
571 2679 671 2757 capit,
695 2677 775 2756 quod
797 2679 900 2758 spinea
923 2685 1017 2739 totum

102 2781 156 2830 teo
170 2765 295 2828 Vincula
318 2765 498 2847 cingebant5
521 2766 722 2845 adopertaque
744 2764 874 2827 nubibus
896 2768 970 2827 atris

172 2856 366 2934 Quacumque
389 2854 577 2934 ingreditur,
599 2853 736 2915 florentia
757 2856 885 2933 proterit
907 2871 992 2936 arva,

170 2944 338 3022 Exuritque
360 2941 469 3004 herbas
492 2953 523 3004 et
545 2959 660 3004 summa
683 2944 835 3004 cacumina
858 2944 971 3023 carpit,

171 3032 341 3110 bffiatuque
364 3049 419 3092 suo
441 3029 568 3111 populos
591 3029 742 3109 urbesque
765 3031 929 3109 domosque

171 3119 304 3203 Polluit,
327 3128 359 3181 et
380 3119 499 3180 taudem
521 3118 676 3180 Tritonida
699 3121 845 3198 conspicit
867 3136 965 3179 arcem

104 3221 156 3271 ret
170 3208 306 3288 ingeniis
326 3207 492 3286 opibusque
517 3215 546 3269 et
568 3208 646 3267 iesta
667 3224 740 3286 pace
763 3209 926 3288 virentem,

169 3297 285 3376 Vixque
308 3304 392 3357 tenet
414 3295 570 3377 lacrimas,
594 3298 662 3374 quia
686 3294 728 3357 nil
750 3293 930 3357 lacrimabile
954 3296 1068 3357 ceruit.

171 3385 231 3447 Sed
252 3391 411 3465 postquam
434 3383 577 3445 thalamos
596 3386 720 3445 intravit
742 3383 874 3463 Cecrope
897 3381 1013 3466 natae,¹

171 3475 254 3535 iussa
278 3474 348 3534 iacit
370 3480 535 3552 pectusque
558 3490 647 3534 uranu
667 3473 818 3551 ferrugine
841 3474 935 3532 tincta

169 3562 278 3643 Tangit
301 3561 478 3622 schematis
501 3561 674 3640 praecordia
697 3559 832 3622 sentibus
854 3559 966 3640 inplet,
