2467 4042
164 266 229 335 210
526 269 667 331 ARTIS
688 271 827 331 ΑΜΑΤ.

184 423 312 487 1331100
327 440 384 483 sua
397 430 547 499 perpetuo
562 423 746 485 contendant
759 421 812 484 ilia
824 424 897 498 usu,

293 505 356 567 Sed
370 507 439 567 leve
452 506 558 568 nescio
575 507 649 581 quid
664 508 890 584 femineumque
904 516 1027 571 sonent
1107 543 1114 549 -

249 590 319 664 Est,
338 606 419 666 quae
434 606 582 667 perverso
596 590 788 666 distorqueat
802 608 858 653 ora
873 592 1042 655 cachinnos

292 673 366 735 cum
381 675 445 734 risu
463 677 541 736 laeta
556 682 605 735 est
618 677 726 751 altera,
749 674 824 737 flere
838 683 939 751 putes.

249 759 304 819 Illa
318 765 408 819 sonat
420 775 545 821 raucum
562 758 708 834 quiddam
723 766 814 834 atque
828 761 991 822 inamabile
1004 761 1096 833 ridet,

185 851 237 906 190
288 843 329 904 Ut
341 843 455 903 ruditu
471 841 583 903 scabra
595 842 692 917 turpis
707 844 804 904 asella
818 846 908 905 mola

250 927 316 1001 Quo
334 942 395 987 non
412 942 464 987 ars
478 932 638 1001 penetrat?
659 927 780 989 discunt
796 928 956 991 lacrimare
972 929 1134 1006 decenter,

292 1010 421 1086 Quoque
436 1012 541 1071 volunt
554 1011 676 1084 plorant
688 1018 843 1092 tempore,
867 1009 1113 1087 quoquomodo.

250 1094 341 1169 Quid,
365 1108 434 1155 cum
449 1093 582 1168 legitima
596 1094 753 1154 fraudatur
770 1094 867 1156 littera
883 1111 970 1169 voce,

290 1178 464 1252 Blaesaque
478 1179 513 1238 ht
527 1177 615 1238 iusso
632 1178 734 1252 lingua
749 1185 857 1239 coacta
872 1186 972 1241 sono?

184 1270 237 1324 the
247 1262 280 1324 In
296 1262 370 1322 vitio
387 1262 483 1323 decor
499 1268 561 1334 est,
584 1262 736 1336 quaedam
753 1262 833 1322 male
848 1263 980 1325 reddere
995 1262 1110 1323 verbaz

289 1346 418 1406 Discunt
432 1361 527 1421 posse
541 1345 657 1416 minus,
681 1362 771 1421 quam
790 1353 930 1421 potuere,
952 1347 1047 1423 loqui.

250 1426 398 1490 Omnibus
414 1429 477 1504 his,
499 1428 644 1504 quoniam
660 1436 803 1504 prosunt,
826 1431 983 1506 inpendite
1001 1446 1119 1491 curam.

291 1512 406 1573 Discite
422 1513 552 1574 femineo
569 1528 701 1587 corpora
715 1513 795 1574 ferre
809 1514 917 1588 gradu.

248 1597 304 1657 Est
316 1604 346 1657 et
359 1595 390 1656 in
405 1597 530 1657 incessu
547 1613 621 1671 pars
636 1612 697 1658 non
712 1605 888 1672 contempta
903 1596 1044 1660 decuriae

184 1689 237 1744 300
290 1678 394 1741 Allicit
408 1681 531 1755 ignotos
545 1681 597 1740 ille
610 1681 757 1756 lugetque
776 1681 869 1741 viros.

248 1766 331 1825 Haec
347 1770 450 1826 movet
467 1771 531 1826 arte
548 1765 644 1837 latus,
667 1764 843 1839 tunicisque
853 1763 1019 1826 fluentibus
1035 1780 1130 1827 auras

59 1861 192 1988 capreoe
290 1849 426 1924 Accipit,
448 1827 595 1991 {fideus
611 1847 731 1922 fertque
746 1848 881 1923 superba
895 1849 1009 1924 pcdes=
1149 1851 1154 1860 '

248 1934 303 1993 llla
315 1934 401 1994 velih
412 1948 450 1996 co
473 1948 548 1994 runx
564 1930 669 1992 Umbri
685 1930 855 1993 rubicunda
871 1933 970 1993 mariti

290 2017 449 2091 Ambulot,
470 2014 601 2091 ingentis
616 2014 723 2075 varica
738 2016 858 2091 fertque
871 2017 997 2092 maduo.

183 2100 308 2163 acesco
325 2098 379 2174 sit,
399 2100 475 2161 utin
491 2101 608 2174 miultis,
627 2100 739 2160 modus
750 2098 800 2160 hic
812 2116 947 2175 quoque.
969 2100 1104 2163 rusticus
1116 2103 1201 2164 alter

290 2185 409 2259 illotus,
432 2199 585 2244 concesso
600 2183 721 2244 mollior
734 2184 810 2244 alter
824 2184 890 2244 erit.

248 2268 322 2329 Pars
338 2268 435 2329 umeri
449 2274 551 2329 umen
566 2267 627 2328 irna
640 2266 698 2340 tui,
722 2284 795 2342 pars
813 2284 933 2330 summa
948 2269 1054 2329 lacerti

290 2353 378 2414 Nuda
392 2351 446 2423 sit,
469 2353 593 2413 alaeva
606 2350 828 2426 conspicienda
842 2369 943 2413 mauu.
1174 2427 1177 2432 ¹

247 2435 314 2498 Hoc
328 2452 387 2497 vos
403 2434 584 2512 praecipue,
605 2434 728 2508 niveae,
752 2435 850 2496 decet
871 2436 932 2498 hoc
945 2435 997 2496 ubi
1013 2436 1088 2511 vidi,

184 2530 237 2583 310
291 2520 404 2582 Oscula
420 2520 636 2592 fenennam,
661 2534 722 2594 qua
737 2526 820 2594 patet
834 2536 948 2596 usque,
972 2520 1054 2581 libet.

247 2605 388 2666 Monstra
403 2603 496 2665 maris
512 2603 637 2664 Sirenes
651 2611 753 2677 erant,
777 2620 858 2679 quae
871 2620 950 2666 voce
965 2620 1080 2665 canora

291 2687 460 2763 Quamlibet
472 2686 627 2748 admissas
640 2686 799 2748 detinuere
815 2694 908 2750 rates.

247 2770 302 2832 His
318 2787 377 2833 sua
390 2770 576 2849 Sisyphides
590 2770 703 2832 auditis
719 2787 818 2846 paene
832 2772 960 2835 resolvit

291 2855 438 2932 corporo.
460 2871 530 2918 nam
545 2852 640 2920 sociis
656 2855 741 2915 inlita
755 2870 825 2916 cera
840 2855 905 2918 fuit

183 2949 235 3003 315
246 2940 309 3000 Res
324 2947 372 3001 est
386 2939 501 3002 blanda
515 2954 621 3000 canor.
644 2939 765 3000 discant
778 2947 901 3000 mutare
915 2941 1051 3016 puellae:

290 3022 347 3084 Pro
363 3024 440 3084 facie
456 3022 557 3088 multis
571 3038 637 3084 vox
650 3039 708 3085 sua
722 3025 792 3084 lena
806 3023 870 3085 fuit

247 3107 285 3167 Et
298 3108 392 3169 modo
406 3107 585 3168 marmoreis
601 3107 735 3170 referant
748 3107 851 3170 audito
864 3106 1001 3182 theatris,

289 3191 328 3251 th
339 3191 433 3253 modo
447 3190 572 3251 Niliacis
586 3191 721 3252 cannino
734 3193 803 3253 lusa
815 3191 926 3253 modis.

247 3275 310 3335 Nec
325 3277 471 3351 plectrum
486 3275 610 3347 derha,
634 3274 779 3335 citharam
796 3275 934 3336 tenuisse
947 3273 1072 3335 sinistra

182 3366 236 3423 330
287 3358 410 3420 Nesciat
424 3358 548 3424 arbitrie
564 3358 676 3419 femina
691 3358 783 3420 docta
796 3374 875 3420 meo.

248 3440 332 3505 Saxa
345 3443 490 3514 ferasque
505 3443 573 3520 lyra
586 3443 683 3503 movit
697 3442 900 3519 Rhodopeius
915 3441 1067 3519 Orpheus,

287 3525 511 3602 Tartareosque
525 3526 613 3587 lacus
625 3526 889 3602 tergeminumque
901 3541 1017 3587 canem.
