2467 4042
433 212 469 263 11.
488 214 575 263 esa-
589 213 651 263 oso.
914 278 920 289 ¹
980 207 1044 271 247

125 377 169 437 Te
189 384 355 438 memorant
373 376 554 453 fratremque
574 384 659 436 tuum
678 408 711 417 -
726 393 795 435 nam
813 377 913 437 iuncta
932 376 1046 435 micatis

54 476 110 527 tuo
174 466 321 543 Signa-
344 464 419 525 duos
442 472 526 542 tergo
550 465 729 524 sustinuisse
752 463 841 524 deos.

126 553 303 614 Terribilem
327 551 475 633 quondam
499 553 616 630 fugiens
639 551 780 631 Typhona
803 551 913 631 Dione,

76 716 79 722 Ι
171 642 257 705 Tunc
280 660 348 702 curn
372 658 426 719 pro
450 640 531 700 caelo
555 639 688 719 luppiter
711 657 792 700 arma
815 639 900 719 tulit,

127 728 214 791 Venit
237 730 272 790 ad
296 729 468 808 Euphraten
491 731 629 788 comitata
652 726 797 807 Cupidine
820 746 928 807 parvo,

171 817 265 896 Inque
287 817 468 878 Palaestinae
491 818 624 894 margine
648 816 725 876 sedit
747 834 857 895 aquae.

54 916 111 967 465
127 905 259 985 Populos
283 913 313 965 et
335 922 446 966 cannae
469 906 601 984 riparum
626 921 740 965 summa
763 904 921 984 tenchant,

172 994 320 1074 Spemque
343 993 451 1055 dahaut
473 993 600 1073 salices,
622 993 678 1053 hos
701 1010 821 1072 quoque
845 1010 931 1072 posse
955 994 1031 1072 tegi.

125 1082 202 1143 Dum
225 1083 319 1164 latet,
341 1083 475 1143 insonuit
497 1090 584 1142 vento
608 1099 732 1141 nemin.
773 1079 821 1141 illa
845 1084 950 1141 timore

171 1170 286 1252 Pallet,
308 1178 339 1231 et
361 1170 484 1231 hostiles
508 1169 603 1231 credit
626 1170 729 1230 adesse
753 1186 875 1231 manus.

127 1257 225 1336 thue
248 1261 315 1320 sinu
338 1261 434 1319 tenuit
458 1264 559 1319 natum
571 1306 580 1337 ,
605 1251 811 1338 ‘succurrite‚
838 1258 1001 1339 nymphae,

57 1356 113 1406 470
173 1345 212 1406 Et
234 1346 280 1406 dis
303 1347 445 1408 auxilinm
467 1347 543 1406 terte
566 1340 716 1406 duobusl'
741 1348 798 1406 ait.

128 1432 189 1494 Nec
212 1451 317 1513 mora,
338 1433 498 1513 prosiluit.
538 1435 637 1512 pisces
660 1432 780 1494 suhiere
802 1434 936 1512 gemelli:

172 1520 232 1582 Pro
255 1539 314 1599 quo
338 1539 419 1582 nunc
442 1522 526 1581 cerni
549 1521 645 1581 sidera
669 1539 777 1581 munus
800 1521 926 1584 hahent.

127 1608 199 1670 lnde
222 1609 305 1669 nolas
328 1609 443 1670 ducunt
464 1626 559 1687 genus
581 1608 638 1669 hoc
662 1611 815 1689 imponere
838 1610 966 1691 mensis,

170 1696 232 1757 Nec
253 1697 365 1758 violant
387 1697 484 1758 timidi
505 1696 639 1777 piscihus
662 1714 713 1757 ora
738 1697 822 1777 Syri.

259 1835 309 1901 16.
332 1833 361 1899 (i
383 1833 450 1900 EN
498 1836 547 1900 lt.
570 1834 603 1899 Η
626 1831 816 1911 QVIR-NJ

58 1973 111 2024 tto
125 1962 263 2024 Proxima
285 1963 336 2024 lux
359 1981 449 2024 vacua
472 1972 539 2024 est.
581 1973 612 2025 at
634 1965 721 2024 tertia
745 1962 822 2023 dicta
847 1961 988 2033 Quirino.
1055 2047 1056 2057 ἵ

170 2050 227 2122 Qui
250 2059 333 2113 tenet
355 2051 412 2111 hoc
434 2069 565 2131 nomen,
583 2051 732 2124 ⁸Romulus
756 2059 824 2111 ante
848 2051 921 2111 luit:

126 2138 194 2201 Sive
217 2139 295 2218 qnod
319 2140 403 2200 hasta
426 2142 506 2200 curis
529 2141 637 2219 priscis
660 2148 706 2200 est
729 2139 807 2202 dicta
830 2138 965 2220 Sabinis,

169 2227 298 2290 Bellicus
321 2246 337 2286 a
360 2228 419 2288 telo
443 2230 576 2288 venitin
600 2236 679 2288 astra
703 2227 795 2287 deus:

126 2314 194 2377 Sire
217 2334 272 2376 suo
295 2318 358 2394 regi
381 2334 489 2376 nomen
512 2334 640 2395 posuere
664 2315 813 2387 Quirites:

61 2416 113 2465 480
172 2403 231 2465 Seu
256 2405 324 2483 quia
347 2404 486 2464 Romanis
509 2406 648 2465 iunxerat
669 2403 718 2464 ille
742 2402 854 2466 Cures.

125 2491 199 2552 Nam
221 2500 306 2572 pater
328 2495 509 2572 armipotens
532 2502 690 2571 postquam
717 2509 791 2553 nova
816 2492 932 2552 moenia
955 2491 1044 2574 vidit,

169 2580 319 2660 Multaque
342 2580 484 2641 Romulea
506 2579 583 2641 heila
605 2589 725 2659 peracta
747 2598 853 2661 manu,

126 2663 275 2748 ‘luppiter
287 2664 312 2750 ,'
335 2671 434 2748 inquit
456 2664 561 2730 ‘hahet
584 2669 714 2729 Romana
736 2670 869 2748 potentia
890 2671 986 2730 vires:

169 2756 328 2836 Sanguinis
350 2759 448 2818 officio
472 2776 532 2818 non
555 2766 623 2837 eget
645 2757 694 2817 illa
717 2760 793 2819 mei.

61 2858 111 2908 tat
133 2847 234 2907 Redde
257 2849 334 2927 patri
357 2855 481 2908 natum.
522 2848 657 2925 quamvis
680 2846 832 2908 intercidit
854 2846 946 2926 alter,

168 2935 227 2995 Pro
249 2954 282 2995 se
305 2953 420 3015 proque
443 2934 534 2995 Remo
558 2938 610 3013 qui
633 2934 706 2995 mihi
728 2943 844 3014 restat,
867 2938 941 2994 erit.

125 3018 237 3082 “Unus
261 3025 339 3102 erit,
362 3041 452 3101 quem
475 3032 507 3086 tu
531 3023 615 3084 tolles
639 3024 670 3082 in
694 3024 812 3084 caerula
835 3015 936 3082 caeli''

169 3108 215 3169 Tu
238 3109 311 3169 mihi
334 3111 451 3170 dixisti:
484 3113 544 3170 sint
567 3119 630 3171 rata
654 3108 731 3169 dicta
754 3103 865 3170 lovis.’

124 3196 257 3277 luppiter
280 3205 445 3258 annuerat.
486 3207 561 3259 notu
584 3198 776 3257 tremefactus
799 3205 926 3275 uterque

63 3297 113 3348 tto
168 3284 222 3347 Est
244 3284 330 3365 polos
343 3332 352 3365 ‚
376 3293 406 3346 et
429 3284 502 3345 caeli
525 3284 655 3363 pondera
679 3287 769 3345 movit
791 3284 890 3348 Atlas.

124 3374 177 3437 Est
198 3375 306 3453 locris,
328 3374 442 3451 antiqui
465 3372 594 3452 Capreae
618 3371 720 3433 dixere
743 3371 898 3452 paludem:

166 3462 257 3524 Forte
279 3464 340 3524 tuis
363 3461 444 3542 illic,
468 3459 592 3521 Romule
604 3508 614 3541 ,
638 3463 703 3522 iura
726 3460 833 3522 dahas.

125 3551 175 3613 Sol
197 3552 273 3631 sugit
284 3597 294 3632 ,
317 3558 349 3612 ct
371 3561 525 3612 removent
547 3549 707 3611 subeuntia
729 3549 829 3614 nubila
853 3548 984 3630 caelum,
1026 3617 1030 3623 ,
