2467 4042
301 535 420 629 llll}
445 534 618 628 inillis
646 536 773 629 tutti
799 536 1059 632 lttttttttll

501 717 641 783 uinus
670 720 855 786 uulnus.

251 1016 360 1134 Siquis
375 1056 406 1117 iu
421 1057 482 1118 hee
496 1063 591 1117 ertern
606 1059 723 1132 populo
740 1074 801 1119 non
817 1058 900 1118 novit
914 1061 1046 1134 amandi,
1107 1126 1110 1131 ,

294 1143 360 1203 Hoc
375 1141 456 1216 leget
470 1148 501 1202 et
513 1142 592 1202 leeto
609 1139 743 1203 carnum
757 1140 866 1203 doetus
883 1150 971 1202 amet.

251 1229 325 1288 Arte
342 1226 420 1286 eitee
433 1225 566 1300 veloque
580 1232 663 1286 retes
677 1240 825 1302 remoque
840 1234 1015 1287 moventur:

294 1312 366 1371 Arte
380 1313 466 1370 leves
480 1325 596 1370 currus.
617 1316 683 1370 erte
697 1310 852 1385 regendus
867 1326 961 1371 umor.

222 1394 397 1457 seunibus
411 1392 605 1454 Automedon
622 1393 774 1470 lentisque
790 1400 856 1454 erut
869 1401 958 1470 uptus
972 1395 1107 1458 habenis

292 1478 409 1555 Tiphys
425 1477 455 1538 in
471 1477 640 1539 Haemonia
654 1493 760 1554 puppe
777 1479 923 1553 magister-
937 1488 1017 1540 erat=

250 1560 299 1624 bie
313 1563 419 1624 Venus
434 1560 581 1623 artificem
596 1569 701 1622 tenero
718 1561 989 1638 praefecitAmeri.

292 1647 410 1726 Tiphys
424 1653 454 1706 et
468 1646 662 1707 Automedon
678 1646 764 1706 dieur
774 1647 901 1708 Amoris
915 1662 984 1722 ego.

250 1732 304 1792 ille
318 1731 441 1808 quidem
457 1731 542 1792 ierus
558 1737 606 1792 est
619 1737 650 1791 et
663 1730 715 1807 qui
730 1730 801 1790 mihi
818 1747 913 1806 saepe
927 1739 1096 1807 repugnet:

211 1826 243 1878 tu
295 1814 357 1876 Sed
374 1829 450 1891 puer
463 1821 526 1890 est,
548 1821 634 1875 aetas
648 1814 748 1874 mollis
763 1821 793 1874 et
806 1823 877 1891 apta
891 1816 964 1890 regi.

249 1898 432 1978 Phillyrides
448 1914 577 1975 puerum
594 1898 709 1959 eithara
723 1899 852 1974 perfecit
864 1898 1023 1972 Achillem,

291 1986 394 2060 Atque
408 1982 527 2044 animos
541 1982 663 2059 placide
678 1983 815 2044 contudit
829 1990 894 2044 arte
908 1984 1000 2043 ieros.

250 2068 307 2144 Qui
322 2069 433 2129 totiens
448 2067 568 2142 socios,
590 2067 703 2128 totiens
718 2067 863 2127 exterruit
877 2067 994 2140 hostes,

292 2152 430 2214 Creditur
441 2167 591 2213 annosum
606 2151 802 2226 pertimuisse
817 2167 932 2212 senem.

207 2248 240 2300 15
252 2237 334 2313 Quas
349 2237 464 2297 Hector
477 2251 626 2297 sensurus
643 2242 720 2310 erat,
743 2243 892 2311 poscente
905 2236 1051 2310 magistro

291 2318 478 2391 Verberibus
492 2320 595 2382 iussas
611 2319 750 2395 praebuit
764 2320 815 2380 ille
828 2336 946 2380 munus.

247 2404 404 2467 Aeacidae
420 2404 548 2479 Chiron,
567 2419 626 2479 ego
640 2420 709 2465 sum
723 2410 906 2480 praeceptor
918 2404 1052 2464 Amoris.

291 2488 410 2549 Saevus
424 2495 552 2564 uterque
567 2503 652 2564 puer.
675 2495 764 2549 nutus
778 2494 907 2564 uterque
921 2488 988 2549 deu.
1063 2518 1066 2543 t

248 2573 309 2636 Sed
328 2580 427 2637 temen
446 2580 477 2633 et
491 2572 569 2635 nuri
585 2573 690 2633 ceruix
706 2581 849 2634 oneretur
862 2579 972 2648 aratro,

204 2668 239 2722 ho
292 2658 451 2733 Frenaque
465 2657 649 2732 magnanimi
664 2656 755 2717 dente
768 2664 904 2717 teruntur
918 2657 998 2731 equi.

246 2742 283 2803 Et
300 2742 372 2802 mihi
389 2742 470 2802 cedit
483 2744 588 2801 Amor.
612 2741 753 2816 quamvis
770 2757 837 2802 mee
854 2742 993 2802 uulneret
1006 2757 1078 2801 eren

288 2827 431 2903 Pectore,
452 2826 579 2886 iactatas
596 2825 791 2901 excutiatque
806 2826 900 2886 iaces.

247 2911 311 2986 Quo
327 2927 376 2973 me
391 2910 456 2971 fixit
470 2911 580 2985 Amor,
603 2924 665 2985 quo
681 2926 730 2970 me
747 2910 911 2971 violentius
926 2910 1013 2984 ussit,

287 2997 354 3057 Hue
369 2992 477 3056 melior
490 2996 559 3054 iacti
575 2994 710 3054 uulneris
728 2995 807 3054 ultor
821 3011 885 3056 ero.
1066 3042 1069 3053 ,

203 3090 236 3143 ib
248 3080 315 3141 Non
330 3095 404 3157 ego,
423 3078 562 3153 Phoebe,
585 3079 673 3138 datas
688 3094 707 3138 a
721 3085 751 3139 te
767 3078 840 3138 mihi
854 3077 982 3138 mentiar
995 3083 1084 3148 artes,

286 3165 350 3225 Nee
365 3179 422 3224 nus
438 3162 540 3223 aeriae
553 3178 631 3222 vuee
646 3178 804 3223 monemur
818 3162 896 3236 avis,

245 3248 307 3309 Nee
321 3248 394 3308 mihi
409 3254 481 3307 sunt
494 3246 580 3307 visne
595 3244 660 3306 Clio
676 3246 821 3322 Cliusque
835 3261 960 3307 sorores

288 3330 428 3394 Servanti
443 3330 582 3408 pecudes
597 3331 743 3406 vallibus,
765 3331 881 3405 Ascra,
901 3329 971 3389 tuis.

244 3416 328 3478 Usus
344 3431 422 3491 opus
437 3422 540 3475 movet
555 3414 625 3473 hoe.
647 3415 707 3474 vati
722 3422 827 3489 purete
841 3414 957 3490 perituz

203 3510 236 3563 be
289 3503 373 3560 Vere
388 3515 505 3559 cenam.
529 3499 667 3573 coeptis,
689 3506 785 3557 mater
797 3495 935 3572 Amoris,
958 3497 1049 3557 edes!
