2467 4042
371 236 415 298 8

654 251 916 288 mwvnm
1200 229 1527 285 METAMM
1545 268 1564 288 .

547 398 903 459 Dissimilem
946 395 1166 476 populo
1212 397 1509 476 promittit
1551 398 1778 475 origine
1824 399 1973 459 mira
1991 444 2006 459 .

548 486 787 566 Iamque
835 492 965 546 erat
1005 487 1070 546 in
1113 491 1271 546 totas
1315 501 1632 564 sparsurus
1677 484 1922 546 fulmina
1966 493 2204 550 terras:

551 574 667 637 Sed
713 576 956 655 timuit,
1000 591 1075 634 ne
1121 573 1276 634 forte
1324 591 1492 634 sacer
1528 580 1619 634 tot
1663 573 1735 634 ab
1778 573 2016 652 ignibus
2053 575 2271 636 aether

419 674 521 725 255
552 663 907 741 Conciperet
941 660 1204 721 flammas
1229 708 1249 743 ,
1293 660 1625 740 longusque
1673 661 2014 723 ardesceret
2057 666 2187 724 axis
2210 695 2240 724 .-

549 752 696 811 Esse
743 767 980 829 quoque
1024 750 1089 810 in
1135 750 1269 810 fatis
1314 751 1718 810 reminiscitur
1743 796 1761 830 ,
1807 749 2010 811 adfore
2057 759 2305 832 tempus
2324 801 2350 835 ‚

550 840 680 911 Quo
726 855 888 899 mare
913 884 934 919 ,
980 855 1098 916 quo
1144 836 1321 898 tellus
1367 844 1758 917 correptaque
1795 841 1961 917 regia
2005 839 2153 900 caeli

548 927 768 988 Ardeat
811 933 874 987 et
917 925 1123 986 mundi
1164 925 1351 985 moles
1397 943 1647 1005 operosa
1691 924 1954 987 laboret.

547 1007 691 1076 Tela
734 1020 1110 1093 reponuntur
1154 1012 1428 1074 manibus
1474 1012 1755 1097 fabricata
1801 1012 2126 1094 Cyclopum
2143 1062 2158 1075 .

417 1116 520 1166 260
548 1103 746 1164 Poena
789 1101 984 1181 placet
1026 1100 1257 1163 diversa
1284 1148 1302 1181 ,
1347 1109 1537 1181 genus
1582 1100 1830 1162 mortale
1877 1102 1990 1162 sub
2034 1102 2221 1164 undis

548 1190 807 1253 Perdere
846 1198 906 1251 et
950 1208 1024 1250 ex
1069 1190 1229 1250 omni
1274 1188 1509 1250 mbos
1553 1188 1866 1250 demittere
1914 1189 2077 1251 caelo
2100 1237 2114 1251 .

547 1279 829 1341 Protinus
873 1277 1092 1339 Aeoliis
1136 1276 1489 1356 Aquilonem
1535 1277 1753 1338 claudit
1796 1280 1861 1338 in
1907 1280 2097 1339 antris

547 1367 624 1428 Et
669 1383 1075 1445 quaecumque
1121 1366 1330 1443 fugant
1370 1364 1644 1426 inductas
1688 1364 1925 1426 flamina
1968 1365 2161 1427 nubes
2178 1414 2202 1448 ‚

548 1454 896 1533 Emittitque
943 1453 1164 1514 Notum
1191 1499 1204 1513 .
1261 1451 1510 1514 madidis
1545 1452 1735 1515 Notus
1781 1453 1973 1514 evolat
2017 1453 2127 1515 alis
2141 1502 2161 1535 ‚

417 1553 519 1604 265
548 1542 901 1604 Terribilem
945 1544 1114 1621 picea
1158 1548 1355 1602 tectus
1402 1541 1648 1620 caligine
1693 1541 1957 1603 vultum:

550 1630 740 1691 Barba
785 1631 977 1709 gravis
1021 1628 1239 1689 nimbis
1264 1675 1284 1709 ,
1329 1631 1492 1690 canis
1536 1628 1669 1690 fluit
1711 1628 1869 1690 unda
1917 1629 2144 1709 capillis
2160 1677 2178 1711 ,

548 1719 769 1781 Fronte
816 1717 1028 1779 sedent-
1070 1716 1320 1777 nebulae
1347 1764 1367 1798 ,
1411 1724 1618 1777 rorant
1638 1734 2010 1796 pennaeque
2066 1720 2360 1799 sinusque

547 1806 742 1886 thue
779 1824 959 1866 manu
1001 1804 1118 1865 lata
1161 1805 1482 1884 pendentia
1526 1803 1726 1865 nubila
1769 1807 2025 1886 pressit,

546 1895 644 1956 Fit
686 1895 887 1973 fragor
911 1942 930 1976 ,
974 1891 1191 1954 inclusi
1236 1893 1569 1953 funduntur
1613 1891 1686 1953 ab
1731 1891 1971 1953 aethere
2018 1893 2243 1955 nimbi.

417 1994 520 2045 2⁷0
549 1982 767 2043 Nuntia
810 1981 1055 2043 Iunonis
1099 1982 1293 2041 varios
1338 1980 1546 2041 induta
1590 1979 1819 2041 colores

550 2069 821 2150 Concipit
866 2069 977 2131 Iris
1022 2085 1204 2148 aquas
1229 2116 1248 2150 ,
1295 2068 1686 2147 alimentaque
1723 2066 1982 2128 nubibus
2029 2069 2225 2131 adfert
2244 2115 2261 2131 .

552 2158 915 2219 Sternuntur
960 2163 1193 2236 segetes
1239 2163 1301 2217 et
1345 2155 1647 2236 deplorata
1695 2156 1888 2216 coloni

549 2245 695 2309 Vota
739 2246 976 2325 iacent,
1020 2245 1300 2323 longique
1344 2246 1502 2323 perit
1544 2243 1712 2304 labor
1755 2246 1961 2305 irritus
2010 2248 2155 2306 anni
2174 2291 2188 2306 .

555 2333 675 2393 Nec
719 2333 880 2394 caelo
927 2340 1206 2394 contenta
1252 2350 1362 2393 suo
1408 2339 1502 2393 est
1543 2330 1698 2392 Iovis
1741 2334 1831 2393 ira
1855 2378 1873 2412 ,
1919 2332 2025 2392 sed
2070 2332 2244 2394 illum

420 2437 519 2481 svs
551 2425 663 2485 Cae
671 2420 872 2483 ruleus
916 2422 1102 2482 frater
1145 2421 1308 2481 iuvat
1353 2419 1735 2481 auxiliaribus
1779 2418 1955 2480 undis
1974 2465 1990 2480 .

555 2513 848 2571 Convocat
890 2509 991 2570 hic
1034 2525 1239 2569 amnes
1267 2554 1281 2569 .
1340 2510 1445 2587 qui
1487 2514 1802 2587 postquam
1845 2514 2001 2568 tecta
2047 2511 2288 2588 tyranni

551 2597 848 2658 intravere
897 2598 992 2658 sui
1016 2644 1036 2678 ‚
1082 2592 1226 2657 ‘non
1274 2603 1368 2657 est
1408 2595 1741 2657 hortamine
1786 2594 1962 2674 longo

551 2680 743 2746 Nunc'
789 2686 871 2746 ait
917 2681 1229 2746 ‘utendum
1259 2730 1273 2744 .
1327 2685 1485 2744 vires
1531 2682 1814 2745 effundite
1858 2690 2089 2744 vestras
2104 2731 2124 2765 ‚

555 2777 651 2833 Sic
695 2792 846 2853 opus
893 2780 985 2834 est
1012 2818 1026 2833 .
1082 2774 1309 2852 aperite
1356 2772 1562 2833 domos
1595 2818 1613 2852 ,
1658 2789 1727 2832 ac
1772 2769 1925 2833 mole
1970 2779 2205 2833 remota

411 2873 511 2921 *23ss
543 2859 908 2922 Fluminibus
953 2862 1167 2921 vestris
1212 2866 1369 2921 totas
1412 2860 1693 2921 inmittite
1738 2858 2015 2920 habenas.
2036 2854 2058 2882 '

551 2953 811 3010 Iusserat
837 2996 851 3009 .
897 2948 961 3009 hi
1005 2947 1263 3009 redeunt
1287 2994 1305 3029 ‚
1350 2965 1419 3009 ac
1465 2946 1730 3008 fontibus
1775 2964 1879 3008 ora
1923 2946 2228 3030 relaxant,

551 3037 623 3097 Et
671 3037 972 3098 defrenato
1017 3035 1334 3097 volvuntur
1377 3038 1441 3096 in
1487 3053 1745 3114 aequora
1789 3052 1971 3096 cursu
1990 3080 2004 3095 .

551 3125 706 3201 lpse
731 3124 986 3185 tridente
1031 3142 1141 3186 suo
1188 3131 1412 3184 terram
1454 3125 1756 3203 percussit
1782 3169 1796 3183 .
1853 3130 1915 3183 at
1957 3121 2055 3183 illa

551 3213 862 3273 Intremuit
906 3219 1190 3290 motuque
1237 3213 1360 3273 vias
1404 3212 1687 3291 patefecit
1729 3228 2016 3289 aquarum
2035 3256 2049 3271 .

419 3313 519 3361 235
551 3301 886 3381 Exspatiata
931 3309 1118 3361 ruunt
1160 3318 1270 3379 per
1317 3307 1554 3379 apertos
1598 3298 1841 3360 flumina
1887 3315 2125 3378 campos
2142 3346 2162 3381 ,

551 3389 814 3466 Cumque
855 3390 998 3449 satis
1044 3385 1288 3449 arbusta
1333 3386 1509 3448 simul
1552 3387 1931 3467 pecudesque
1977 3389 2261 3466 virosque

551 3477 847 3554 Tectaque
872 3523 892 3557 ‚
938 3493 1194 3554 cumque
1243 3476 1367 3537 suis
1405 3477 1646 3555 rapiunt
1689 3474 2013 3555 penetralia
2058 3477 2247 3537 sacris
2265 3521 2281 3537 .

551 3565 731 3641 Siqua
777 3562 988 3623 domus
1035 3563 1251 3623 mansit
1295 3565 1606 3641 potuitque
1652 3565 1932 3624 resistere
1976 3569 2143 3624 tanto
