2467 4042
101 233 104 239 ’
211 224 256 293 24
621 226 825 288 AMORUM

296 378 371 440 Cum
384 379 464 438 bene
478 378 525 437 vir
538 378 631 438 traxit
644 381 775 455 vultum,
797 396 953 457 rugasque
969 384 1087 459 coegit,

339 462 428 536 Quod
442 461 538 523 voluit
551 462 618 522 fieri
633 463 746 523 blanda
761 465 878 540 puella,
898 466 979 525 lacit.

253 556 288 610 aa
300 545 363 607 Sed
377 555 478 606 tamen
494 547 645 607 interdum
660 555 760 607 tecum
777 564 904 623 quoque
918 550 1017 625 iurgia
1032 560 1123 613 uecta

336 631 375 690 Et
389 632 509 691 simulet
522 631 680 705 lacrimas,
703 632 939 708 carnificemque
954 642 1053 695 vocat.

295 715 340 777 Tu
355 722 461 776 annua
477 714 610 790 obicies,
632 731 713 789 quac
726 723 790 775 tuto
806 717 902 785 diluat
915 718 976 776 illa.

337 801 371 859 ln
386 815 494 859 verum
509 800 588 859 lalso
604 800 729 859 crimine
744 800 833 859 deme
847 801 949 861 fidem.

296 884 348 945 Sic
362 884 416 944 tibi
431 899 556 959 semper
569 884 687 957 honos,
709 886 755 944 sic
770 886 831 944 alta
844 886 966 960 peculia
980 896 1130 966 crescent

253 976 288 1031 40
339 969 424 1028 Haec
439 969 504 1042 iao,
525 968 555 1027 in
570 969 681 1042 exiguo
697 975 835 1045 tempora
849 970 926 1029 liber
941 971 1012 1034 eris.

295 1051 421 1129 Aspicis
435 1050 587 1127 indicibus
602 1068 700 1115 nexas
716 1068 773 1128 per
786 1053 866 1114 oolla
880 1060 1028 1117 catenast

338 1136 506 1211 Squalidus
521 1136 598 1196 orba
611 1136 675 1196 lide
689 1143 816 1211 pectora
830 1152 936 1198 carcer
950 1139 1052 1198 habat.

295 1221 417 1295 Quaerit
430 1236 530 1297 aquas
545 1221 576 1280 in
590 1220 681 1296 aquis
696 1228 727 1281 et
740 1237 831 1296 poma
847 1222 969 1297 fugacia
983 1231 1087 1297 captat

336 1305 491 1367 Tantalus.
520 1304 581 1364 hoc
596 1305 639 1364 illi
652 1306 776 1379 garrula
788 1304 893 1379 lingua
907 1306 1000 1369 dedit.

253 1397 286 1451 tt
299 1390 378 1450 Dum
392 1388 516 1450 nimium
531 1396 636 1451 servat
649 1395 755 1451 eustos
772 1389 919 1450 Iunonius
934 1390 998 1469 loa,

337 1475 417 1535 Aule
432 1486 506 1534 suos
522 1488 621 1533 annos
636 1473 758 1534 occidit.
788 1474 840 1541 illa
854 1475 953 1535 deast.

295 1557 367 1621 Vidi
383 1573 441 1633 ego
457 1557 660 1633 compedibus
676 1555 802 1621 liventia
816 1573 905 1617 crura
918 1566 1092 1637 gerentem,

337 1643 426 1704 Unde
439 1642 488 1701 vir
499 1643 652 1702 incestum
667 1642 748 1705 scira
763 1649 888 1713 coaetus
904 1650 978 1703 erat.

294 1727 398 1789 Poena
411 1729 510 1789 minor
524 1726 643 1785 merito.
671 1726 776 1786 nocuit
789 1728 870 1789 mala
883 1727 986 1801 lingua
1001 1728 1126 1793 dnobus

252 1822 286 1873 50
338 1810 395 1872 Vir
409 1810 514 1873 doluit.
542 1811 642 1869 lamae
656 1810 769 1870 damna
782 1811 886 1885 puella
900 1812 975 1879 tulit.

295 1896 393 1956 Crede
408 1895 495 1970 mibi,
518 1895 591 1959 nulli
606 1900 678 1955 sunt
692 1892 818 1953 crimina
835 1903 921 1969 grata
935 1896 1059 1971 marito,

336 1980 399 2039 Neo
415 1995 614 2060 quemquam,
637 1978 778 2052 quamvis
793 1979 911 2054 audiat,
934 1980 987 2041 illa
1002 1980 1115 2042 iuvant

295 2064 358 2125 Seu
371 2071 471 2139 tepet,
493 2063 639 2122 indicium
655 2078 781 2122 scamas
797 2063 901 2137 perdis
916 2066 957 2125 ad
971 2080 1078 2127 aurcs=

337 2146 411 2208 Sive
426 2155 521 2221 amat,
542 2147 646 2206 olfioio
661 2147 696 2207 lit
709 2147 803 2209 miser
815 2148 866 2207 illc
880 2157 943 2208 tuo

252 2242 286 2298 55
297 2232 393 2306 Culpa
407 2247 465 2290 nac
480 2247 519 2293 ex
530 2230 616 2293 lacili
632 2231 772 2305 quamvis
787 2231 948 2293 manifesta
964 2232 1122 2306 probatur.

334 2316 449 2375 iudicis
464 2315 515 2381 illa
530 2316 578 2379 sui
592 2321 657 2377 tuta
673 2316 780 2381 lavore
795 2316 884 2374 venit.

214 2407 216 2411 '
294 2400 413 2460 Viderit
426 2400 495 2475 ipse
511 2399 595 2473 licet,
620 2398 724 2463 credet
737 2404 838 2458 tamen
854 2400 904 2459 ille
919 2401 1056 2475 neganti,

263 2546 266 2549 .
336 2482 559 2557 Damnabitque
574 2483 683 2543 oculos
697 2489 728 2542 el
741 2482 799 2549 sibi
816 2483 910 2543 verba
924 2484 1017 2545 dabit.

293 2568 455 2643 Adspiciat
469 2568 611 2628 dominae
627 2566 783 2641 lacrimas,
805 2568 937 2641 plorabit
952 2575 982 2631 et
996 2570 1077 2643 ipse,

251 2664 286 2716 60
336 2653 374 2711 ill
390 2653 470 2712 dicet
484 2656 617 2728 ‘poenas
632 2651 774 2725 garrulus
788 2651 847 2719 iste
862 2652 980 2721 dabitt’

295 2736 373 2811 Quid
389 2736 494 2813 dispar
509 2743 663 2796 certamen
678 2735 758 2795 inis?
776 2734 830 2797 tibi
845 2737 976 2797 verbera
989 2738 1072 2798 victo

336 2821 467 2882 Adsunt.
499 2822 530 2881 in
545 2820 661 2896 gremio
677 2819 786 2879 iudicis
801 2820 853 2879 illa
867 2821 965 2885 sedet.

294 2905 360 2965 Non
373 2906 476 2965 scelus
491 2905 700 2980 adgredimur,
723 2919 785 2963 nou
799 2904 839 2967 ad
853 2905 1012 2967 miscenda
1026 2902 1150 2967 coimus

335 2989 465 3065 Toxica,
487 3006 547 3049 non
566 2988 671 3048 stricto
687 2988 825 3048 fulminat
840 3004 915 3049 ense
930 3006 1050 3049 manus.

252 3083 286 3138 65
298 3075 493 3149 Quaerimus,
515 3083 549 3134 ut
561 3080 626 3133 tuto
642 3088 697 3147 per
711 3080 742 3141 te
756 3073 914 3148 possimus
929 3089 1042 3137 amare.

338 3159 417 3232 Quid
432 3159 577 3233 precibus
593 3157 707 3221 nostris
723 3157 845 3217 mollius
860 3173 932 3218 esse
947 3164 1073 3233 potesta

241 3291 265 3384 3
295 3289 337 3385 Ei
352 3325 439 3400 mihi,
459 3326 543 3402 quod
558 3326 712 3393 dominam
731 3341 787 3393 nec
802 3325 849 3383 vir
863 3341 921 3385 nec
935 3327 1049 3393 femina
1063 3342 1189 3397 sarvas,

335 3409 440 3470 Mutua
454 3426 511 3470 neo
525 3410 657 3470 Veneris
673 3410 785 3484 gaudia
801 3425 895 3471 nosse
910 3417 1015 3485 potes!

295 3494 352 3568 Qui
367 3493 484 3568 primus
500 3494 603 3569 pneris
618 3494 762 3567 genitalia
776 3494 911 3555 membra
924 3494 1047 3567 recidit,
