2467 4042
162 245 226 310 118
609 243 721 299 IBIDIS

185 423 237 473 646
297 408 386 471 Orbis
408 411 439 471 in
462 411 628 470 innumeris
650 410 801 471 inveniare
823 408 928 488 locis]

249 498 343 578 luque
366 500 426 560 tuis
450 498 571 578 opifex,
593 498 652 557 vati
676 497 756 576 quod
778 499 849 559 fecit
871 498 1007 579 Achaeo,

293 585 387 647 Noxia
408 584 569 647 luminibus
593 584 706 664 spicula
728 584 837 647 condat
858 588 940 666 apis.

251 673 355 752 [Fixus
378 676 461 734 6616
484 672 568 735 duris
592 675 723 752 carparis
745 675 860 735 viscera
882 676 981 757 saxis,

294 761 333 823 Ut
355 764 404 823 661
426 761 539 840 Pyrrha
562 763 609 822 sui
632 760 691 822 filia
713 761 815 823 fratris
838 761 932 839 erat]

184 848 289 913 666116
311 867 387 929 puer
410 847 592 928 Harpagides
614 849 728 910 referas
749 848 885 929 exempla
907 848 1075 932 Thyestae,

293 937 387 1016 Inque
410 939 456 998 661
478 954 582 999 666666
605 938 720 997 viscera
741 938 836 1017 patris
858 955 927 999 eas.

251 1026 369 1086 Trunca
392 1043 478 1105 geras
501 1042 588 1086 saevo
610 1024 753 1086 mutilatis
776 1024 912 1103 partibus
934 1043 1024 1106 ense,

187 1146 224 1157 -
294 1114 398 1184 Qualia
420 1112 580 1174 Mamertae
602 1111 736 1174 membra
758 1113 850 1175 fuisse
874 1114 992 1176 ferunt.

251 1201 348 1281 thue
371 1200 527 1281 Syracosio
549 1203 726 1280 praestricta
748 1201 833 1262 fauce
856 1210 979 1281 poetae,

184 1301 235 1352 666
296 1289 346 1350 Sic
368 1291 481 1350 animae
503 1289 609 1367 laqueo
633 1290 674 1349 sit
695 1291 740 1349 616
763 1288 862 1350 clausa
885 1297 971 1350 tuae.

249 1377 370 1439 Nudave
393 1378 515 1457 derepta
537 1385 657 1456 pateant
679 1384 730 1438 tua
752 1379 867 1438 6166666
888 1376 965 1457 pelle
977 1423 986 1456 ,

292 1464 332 1526 Ut
354 1464 515 1545 Phrygium
538 1466 624 1525 ouius
647 1467 766 1526 nomina
787 1465 899 1527 flumen
921 1464 1026 1528 hahet.

249 1552 391 1615 Saxificae
414 1552 513 1614 videas
535 1551 638 1614 infelix
662 1570 714 1615 ora
736 1552 895 1633 Medusae,

294 1640 466 1721 Cephenum
490 1640 598 1702 multos
621 1658 697 1719 quae
721 1640 802 1702 dedit
824 1659 883 1703 una
905 1644 989 1704 neci.

183 1742 235 1792 666
248 1730 425 1791 Potniadum
448 1747 566 1790 morsus
589 1727 720 1810 subeas,
742 1737 776 1790 ut
798 1727 950 1810 Glaucus,
973 1744 1141 1810 equarum,

294 1817 400 1897 [lnque
423 1820 513 1878 maris
537 1817 645 1896 salias,
668 1815 797 1878 Glaucus
820 1825 855 1878 66
876 1816 972 1899 ulter,
995 1834 1089 1896 aquas
1099 1817 1121 1896 .]

251 1906 362 1986 [thue
381 1905 497 1966 duobus
519 1905 598 1966 idern
617 1905 704 1966 dictis
722 1904 810 1966 modo
828 1923 937 1967 nomen
955 1905 1096 1988 habenti,
1129 1918 1176 1972 (se)

292 1993 469 2055 Praefocent
491 1995 604 2054 animae
629 1996 715 2055 noxia
737 1993 823 2054 mella
845 1993 953 2071 viam]

250 2081 442 2161 Sollicitoque
465 2081 570 2163 bibas,
593 2083 681 2160 Anyti
703 2081 893 2144 doctissimus
915 2082 986 2143 olim

183 2183 235 2232 666
293 2168 502 2250 Inperturbato
524 2170 604 2249 quod
628 2168 703 2231 bibit
725 2188 778 2232 ore
800 2188 889 2232 reus.
970 2205 972 2209 ι

248 2257 309 2320 Nec
322 2258 409 2339 tihi,
432 2257 531 2338 siquid
553 2275 634 2319 amas
646 2304 655 2339 ,
678 2257 795 2319 felicius
817 2257 967 2321 Haemone
990 2258 1096 2321 cedat:

292 2345 390 2426 thue
414 2365 467 2408 sua
490 2345 664 2421 Macareus,
688 2349 731 2408 sic
753 2349 867 2426 potiare
890 2356 957 2410 tua.

248 2433 301 2495 Vel
323 2435 445 2509 videas,
468 2434 547 2514 quod
564 2436 624 2496 iam
643 2453 712 2495 cum
729 2434 862 2495 flammae
886 2442 992 2498 cuncta
1014 2443 1177 2519 tenerent,

197 2512 204 2525 ’
292 2521 458 2584 Hectoreus
480 2525 575 2603 patria
598 2522 671 2584 vidit
692 2522 729 2583 ah
752 2540 819 2584 arce
843 2542 937 2602 puer.

183 2623 234 2673 666
250 2611 398 2690 Sanguine
421 2610 531 2691 probra
553 2611 640 2690 luas,
663 2617 773 2673 66666
796 2614 931 2690 genitore
954 2620 1092 2693 creatus,

291 2698 349 2760 Per
372 2699 487 2760 facinus
509 2716 596 2760 soror
618 2707 665 2760 est
688 2702 737 2760 cui
760 2716 813 2761 sua
836 2700 912 2761 facta
934 2718 1058 2780 parens.

249 2786 373 2848 Ossibus
395 2791 487 2867 inque
509 2789 569 2849 6616
592 2787 645 2849 6611
667 2804 762 2866 genus
784 2787 904 2849 haereat
926 2787 1016 2868 illud,

292 2873 432 2937 'lraditur
455 2875 623 2954 166611666
647 2874 791 2937 cecidisse
814 2893 923 2955 gener.

249 2963 346 3043 thue
368 2964 475 3043 loquax
497 2966 529 3024 in
552 2981 629 3042 6666
652 2972 699 3024 666
721 2963 828 3025 elisum
850 2972 954 3043 guttur
976 2979 1106 3046 acerno,

182 3065 234 3114 666
302 3052 352 3112 Sic
375 3052 429 3113 tibi
452 3050 605 3113 claudatur
629 3051 735 3132 pollice
758 3054 838 3113 vocis
861 3055 936 3114 iter.

248 3141 307 3201 Aut
328 3148 363 3201 nt
384 3139 597 3219 Anaxarchus,
620 3140 679 3219 pila
701 3142 844 3202 minuaris
865 3143 897 3202 in
919 3140 993 3221 alta,

292 3228 412 3306 lotaque
435 3246 490 3308 pro
513 3228 607 3289 solitis
630 3227 766 3307 frugibus
789 3246 856 3289 ossa
879 3235 1000 3290 sonent.

249 3315 349 3396 thue
368 3324 483 3396 patrem
501 3314 690 3395 Psamathes,
715 3315 823 3378 condat
845 3324 874 3378 66
892 3315 1030 3378 Phoebus
1053 3317 1086 3377 in
1114 3320 1183 3380 ima

291 3404 436 3484 Tartara,
461 3403 538 3483 quod
562 3412 649 3466 natae
672 3404 785 3466 fecerat
806 3403 856 3466 ille
880 3422 969 3467 suae.

183 3491 343 3572 66616666
366 3500 434 3554 tuos
457 3511 491 3554 ea
514 3495 607 3571 pestis
630 3500 699 3573 eat,
723 3510 811 3572 quam
834 3492 938 3554 dextra
960 3491 1089 3554 Coroebi

292 3578 391 3660 Vicit,
413 3598 500 3660 opem
523 3582 641 3642 miseris
662 3579 870 3660 Argolisinque
892 3580 975 3642 tulit.
