2467 4042
175 237 220 304 40
591 236 762 288 rmsrmu

216 416 250 465 ro
264 401 344 463 llaeo
363 418 482 481 quoque
506 407 590 460 erant
613 398 739 482 pedibus
762 418 821 461 non
845 402 980 466 adeunda
1003 412 1111 474 meis.

263 490 325 552 Neo
348 508 417 570 me,
442 506 516 568 quae
540 487 636 549 dootls
659 496 819 567 patuerunt
842 494 937 569 prima
960 493 1097 581 libellis,

263 580 345 641 Atria
367 577 502 638 libertas
526 584 646 655 tangere
669 594 756 656 passa
779 596 833 639 sua
855 589 918 641 est.

263 668 296 729 ln
320 684 415 746 genus
438 666 568 726 auctoris
593 666 695 726 miseri
719 666 838 727 fortuna
861 668 1026 751 redundat,

263 755 301 816 Et
324 756 454 833 patimur
477 755 539 815 nali
551 800 560 834 ,
584 772 673 833 quam
696 753 765 815 tulit
788 756 870 835 ipse,
894 757 1011 837 lugam.

215 857 248 907 ⁷6
263 843 400 904 Forsitan
424 851 454 903 et
477 841 562 903 nobis
586 841 656 902 olim
679 844 778 903 minus
801 861 889 923 asper
911 854 941 906 et
963 845 1008 907 illi

262 931 384 993 Evictus
407 930 494 1009 longo
518 939 651 1009 temporo
675 929 783 992 Caesar
806 934 882 993 erit.

263 1019 321 1102 lli,
343 1037 473 1101 precor,
500 1026 588 1098 alque
613 1019 748 1080 adeo-
772 1037 869 1099 neque
899 1024 977 1082 enim
1002 1024 1078 1085 mibi
1105 1028 1199 1090 turba

666 1108 796 1187 roganda
820 1116 865 1169 est
887 1142 924 1152 -

263 1196 370 1258 Caesar
383 1243 392 1278 ,
416 1195 486 1256 ades
510 1204 578 1257 voto
591 1243 600 1277 ,
624 1198 750 1256 maxime
774 1196 862 1278 divo,
885 1197 972 1260 meol

262 1285 401 1366 lnlerea,
425 1286 564 1363 quoniam
588 1286 675 1345 statio
699 1285 772 1345 mihi
798 1284 917 1364 publioa
941 1285 1041 1348 clausa
1066 1300 1138 1373 est,

215 1385 248 1436 80
263 1374 380 1435 Privato
405 1372 491 1433 liceat
514 1373 667 1434 delituisse
691 1371 772 1433 loco!

263 1461 320 1522 Vos
345 1478 463 1541 quoque
476 1509 486 1542 ,
509 1463 535 1521 si
558 1463 601 1521 las
625 1471 670 1522 est
683 1509 692 1543 ,
716 1462 838 1522 confusa
860 1462 975 1540 pudore
998 1466 1146 1544 repulsae

263 1549 378 1612 Sumite
400 1548 533 1628 plebeiae
557 1552 687 1611 carmina
710 1555 811 1611 nostra
834 1551 954 1613 manusl

654 1744 700 1817 Π.

262 1903 341 1982 Ergo
364 1906 481 1965 eratin
505 1904 573 1965 fatis
597 1902 746 1983 So‘ylhiam
770 1922 888 1984 quoque
912 1906 1009 1965 visere
1032 1909 1173 1990 nostris,

263 1991 403 2071 Quaeque
427 1991 574 2071 Lycaonio
597 2000 678 2053 terra
702 1992 757 2053 sub
781 2010 834 2053 are
857 1990 960 2055 iacet?

262 2079 323 2141 Neo
348 2099 425 2156 vos,
448 2079 604 2161 Pierides,
628 2098 683 2141 neo
707 2083 798 2159 stirps
821 2080 946 2164 letoia,
968 2089 1069 2143 vestro

262 2167 353 2248 Docta
377 2168 525 2229 sacerdoli
547 2169 635 2230 turba
658 2168 768 2230 tulistis
791 2187 895 2248 opem.

232 2256 323 2318 oNeo
347 2256 442 2338 mihi,
466 2257 544 2337 quod
568 2258 628 2319 lusi
650 2275 721 2317 vero
745 2260 809 2318 sine
833 2260 980 2339 crimine,
1003 2258 1154 2345 prodest,

264 2344 408 2425 Quodque
432 2348 525 2425 magis
549 2348 607 2408 vita
631 2344 714 2406 Musa
737 2347 832 2407 iooala
855 2365 921 2407 mea
944 2353 1007 2427 est,

261 2433 393 2495 Plurima
416 2433 484 2494 sed·
491 2435 595 2514 pelago
619 2441 758 2513 terraque
781 2435 913 2514 pericula
936 2452 1056 2513 passum

260 2521 353 2582 Uslus
376 2522 412 2583 ab
436 2523 555 2584 assiduo
579 2524 689 2603 frigore
712 2521 825 2584 Pontus
848 2522 954 2584 habet.

263 2610 380 2691 Quique
405 2612 493 2689 fugax
516 2629 617 2673 rerum
641 2629 806 2689 securaque
829 2613 860 2672 ln
884 2614 945 2673 otia
967 2618 1074 2691 natus,

216 2710 248 2759 10
262 2697 358 2758 Mollis
382 2707 412 2760 et
435 2702 583 2778 inpatiens
607 2708 674 2761 ante
698 2698 808 2760 laboris
832 2717 931 2781 eram,

262 2786 369 2847 Ultima
392 2805 472 2849 nuno
495 2790 593 2866 patior
605 2835 614 2868 ,
645 2806 701 2848 neo
723 2805 771 2848 me
795 2806 875 2848 maro
903 2786 1049 2867 portubus
1078 2788 1197 2854 orbum

262 2874 415 2956 Perdere,
439 2874 572 2936 diversae
596 2894 652 2937 nec
675 2882 800 2955 potuere
823 2879 905 2957 riae,

263 2963 445 3044 Suffecilque
470 2964 554 3025 malis
578 2967 716 3026 animus.
753 2982 821 3025 nam
844 2983 954 3043 corpus
977 2964 1013 3026 ab
1035 2964 1087 3025 illo

263 3053 385 3132 Accepit
407 3055 486 3112 vires
509 3055 616 3133 virque
641 3052 763 3114 serenda
786 3053 872 3114 tulit.

216 3151 248 3201 15
263 3140 339 3201 Dum
363 3149 461 3202 lamen
485 3149 514 3203 el
537 3144 628 3203 terris
651 3141 759 3204 dubius
782 3140 914 3202 iactabar
938 3150 967 3204 et
989 3142 1097 3225 undis,

262 3228 393 3290 Fallebat
416 3247 503 3291 ouras
527 3248 673 3311 aegraque
697 3229 786 3291 eorda
809 3230 910 3291 labor:

262 3317 302 3378 Ut
325 3319 371 3378 via
394 3318 477 3381 linita
501 3328 546 3380 est
569 3327 697 3398 etopus
720 3321 867 3397 requievit
890 3319 998 3401 eundi,

192 3404 196 3412 ’
263 3405 303 3467 El
324 3424 437 3486 poenae
461 3407 549 3470 tellus
572 3415 618 3469 est
640 3406 714 3467 milri
737 3414 815 3468 tarta
838 3424 938 3488 meae,
1019 3467 1021 3472 .

263 3492 311 3553 Nil
333 3496 392 3554 nisi
414 3495 487 3556 llere
510 3493 583 3556 libel
594 3543 603 3578 ,
627 3514 682 3556 neo
706 3504 808 3556 nostro
831 3497 949 3575 parcior
971 3494 1066 3556 imber

215 3580 413 3657 solumina,
435 3582 471 3643 de
495 3600 584 3643 verna
607 3601 697 3661 quam
720 3586 786 3644 nive
810 3592 909 3645 manat
931 3602 1023 3663 aqua.
