<?xml version="1.0" encoding="UTF-8"?>
<!DOCTYPE html PUBLIC "-//W3C//DTD XHTML 1.0 Transitional//EN"
    "http://www.w3.org/TR/xhtml1/DTD/xhtml1-transitional.dtd">
<html xmlns="http://www.w3.org/1999/xhtml" xml:lang="en" lang="en">
 <head>
  <title>
</title>
<meta http-equiv="Content-Type" content="text/html;charset=utf-8" />
  <meta name='ocr-system' content='tesseract 3.04.00' />
  <meta name='ocr-capabilities' content='ocr_page ocr_carea ocr_par ocr_line ocrx_word'/>
</head>
<body>
  <div class='ocr_page' id='page_1' title='image "./povidiusnaso00ehwagoog_0742.png"; bbox 0 0 2467 4042; ppageno 0'>
   <div class='ocr_carea' id='block_1_1' title="bbox 152 233 745 301">
    <p class='ocr_par' dir='ltr' id='par_1_1' title="bbox 152 233 745 301">
     <span class='ocr_line' id='line_1_1' title="bbox 152 233 745 301; baseline -0.015 0"><span class='ocrx_word' id='word_1_1' title='bbox 152 234 216 301; x_wconf 80' lang='lat'><strong>322</strong></span> <span class='ocrx_word' id='word_1_2' title='bbox 356 253 431 291; x_wconf 79' lang='lat' dir='ltr'><strong>cneus</strong></span> <span class='ocrx_word' id='word_1_3' title='bbox 564 233 745 292; x_wconf 69' lang='lat' dir='ltr'><strong>uuum.</strong></span> 
     </span>
    </p>
   </div>
   <div class='ocr_carea' id='block_1_2' title="bbox 170 399 1197 3666">
    <p class='ocr_par' dir='ltr' id='par_1_2' title="bbox 170 399 1197 3666">
     <span class='ocr_line' id='line_1_2' title="bbox 236 399 969 482; baseline 0.003 -21"><span class='ocrx_word' id='word_1_4' title='bbox 236 399 373 481; x_wconf 78' lang='lat' dir='ltr'><strong>Insistit,</strong></span> <span class='ocrx_word' id='word_1_5' title='bbox 394 402 570 480; x_wconf 89' lang='lat' dir='ltr'><strong>priscosque</strong></span> <span class='ocrx_word' id='word_1_6' title='bbox 592 399 665 462; x_wconf 89' lang='lat' dir='ltr'><strong>deos</strong></span> <span class='ocrx_word' id='word_1_7' title='bbox 687 418 706 462; x_wconf 94' lang='grc'><strong>0</strong></span> <span class='ocrx_word' id='word_1_8' title='bbox 724 418 807 463; x_wconf 83' lang='lat' dir='ltr'><strong>more</strong></span> <span class='ocrx_word' id='word_1_9' title='bbox 829 411 969 482; x_wconf 81' lang='lat' dir='ltr'>precatus</span> 
     </span>
     <span class='ocr_line' id='line_1_3' title="bbox 238 483 1118 574; baseline 0.007 -26"><span class='ocrx_word' id='word_1_10' title='bbox 238 483 316 550; x_wconf 82' lang='lat' dir='ltr'><strong>‘list’</strong></span> <span class='ocrx_word' id='word_1_11' title='bbox 337 490 379 551; x_wconf 81' lang='lat' dir='ltr'><strong>ait</strong></span> <span class='ocrx_word' id='word_1_12' title='bbox 402 484 462 551; x_wconf 77' lang='lat' dir='ltr'><strong>‘bic</strong></span> <span class='ocrx_word' id='word_1_13' title='bbox 485 506 564 551; x_wconf 87' lang='lat' dir='ltr'><strong>unus</strong></span> <span class='ocrx_word' id='word_1_14' title='bbox 576 536 586 571; x_wconf 94' lang='lat'><strong>,</strong></span> <span class='ocrx_word' id='word_1_15' title='bbox 609 506 700 569; x_wconf 89' lang='lat' dir='ltr'><strong>quem</strong></span> <span class='ocrx_word' id='word_1_16' title='bbox 721 506 774 550; x_wconf 89' lang='lat' dir='ltr'><strong>vos</strong></span> <span class='ocrx_word' id='word_1_17' title='bbox 796 491 855 551; x_wconf 91' lang='lat' dir='ltr'><strong>nisi</strong></span> <span class='ocrx_word' id='word_1_18' title='bbox 876 489 986 570; x_wconf 87' lang='lat' dir='ltr'><strong>pellitis</strong></span> <span class='ocrx_word' id='word_1_19' title='bbox 1008 490 1118 574; x_wconf 63' lang='lat' dir='ltr'><strong>urbe,</strong></span> 
     </span>
     <span class='ocr_line' id='line_1_4' title="bbox 172 575 1197 659; baseline 0.005 -21"><span class='ocrx_word' id='word_1_20' title='bbox 172 588 223 638; x_wconf 79' lang='grc'><strong>100</strong></span> <span class='ocrx_word' id='word_1_21' title='bbox 237 575 301 638; x_wconf 83' lang='lat' dir='ltr'><strong>Rex</strong></span> <span class='ocrx_word' id='word_1_22' title='bbox 324 579 403 639; x_wconf 88' lang='lat' dir='ltr'><strong>erit.</strong></span> <span class='ocrx_word' id='word_1_23' title='bbox 429 580 456 638; x_wconf 90' lang='lat' dir='ltr'><strong>is</strong></span> <span class='ocrx_word' id='word_1_24' title='bbox 479 578 530 657; x_wconf 93' lang='lat' dir='ltr'><strong>qul</strong></span> <span class='ocrx_word' id='word_1_25' title='bbox 552 578 614 659; x_wconf 85' lang='lat' dir='ltr'><strong>sit,</strong></span> <span class='ocrx_word' id='word_1_26' title='bbox 637 579 721 657; x_wconf 74' lang='lat' dir='ltr'><strong>signo</strong></span> <span class='ocrx_word' id='word_1_27' title='bbox 734 624 744 659; x_wconf 98' lang='lat'><strong>,</strong></span> <span class='ocrx_word' id='word_1_28' title='bbox 766 595 827 639; x_wconf 93' lang='lat' dir='ltr'><strong>non</strong></span> <span class='ocrx_word' id='word_1_29' title='bbox 849 580 968 640; x_wconf 79' lang='grc'><strong>0000100</strong></span> <span class='ocrx_word' id='word_1_30' title='bbox 991 579 1105 643; x_wconf 80' lang='lat' dir='ltr'><strong>dicem:</strong></span> <span class='ocrx_word' id='word_1_31' title='bbox 1190 580 1197 589; x_wconf 83' lang='grc'>’</span> 
     </span>
     <span class='ocr_line' id='line_1_5' title="bbox 238 664 1093 749; baseline 0 -22"><span class='ocrx_word' id='word_1_32' title='bbox 238 665 357 727; x_wconf 82' lang='lat' dir='ltr'><strong>Cornua</strong></span> <span class='ocrx_word' id='word_1_33' title='bbox 378 666 477 728; x_wconf 80' lang='grc'><strong>100010</strong></span> <span class='ocrx_word' id='word_1_34' title='bbox 499 667 598 745; x_wconf 74' lang='lat' dir='ltr'><strong>gerit.</strong></span> <span class='ocrx_word' id='word_1_35' title='bbox 627 683 716 745; x_wconf 90' lang='lat' dir='ltr'><strong>quem</strong></span> <span class='ocrx_word' id='word_1_36' title='bbox 737 664 825 728; x_wconf 89' lang='lat' dir='ltr'><strong>nobis</strong></span> <span class='ocrx_word' id='word_1_37' title='bbox 847 666 959 728; x_wconf 85' lang='lat' dir='ltr'><strong>indicat</strong></span> <span class='ocrx_word' id='word_1_38' title='bbox 981 685 1093 749; x_wconf 78' lang='lat' dir='ltr'><strong>augur,</strong></span> 
     </span>
     <span class='ocr_line' id='line_1_6' title="bbox 238 752 1020 835; baseline 0.004 -20"><span class='ocrx_word' id='word_1_39' title='bbox 238 752 270 815; x_wconf 90' lang='lat' dir='ltr'><strong>Si</strong></span> <span class='ocrx_word' id='word_1_40' title='bbox 291 753 415 816; x_wconf 80' lang='lat' dir='ltr'><strong>Romam</strong></span> <span class='ocrx_word' id='word_1_41' title='bbox 436 755 578 835; x_wconf 89' lang='lat' dir='ltr'><strong>intrarit,</strong></span> <span class='ocrx_word' id='word_1_42' title='bbox 600 753 754 815; x_wconf 78' lang='lat' dir='ltr'><strong>famularia</strong></span> <span class='ocrx_word' id='word_1_43' title='bbox 775 756 842 816; x_wconf 77' lang='lat' dir='ltr'><strong>iura</strong></span> <span class='ocrx_word' id='word_1_44' title='bbox 863 754 1020 818; x_wconf 84' lang='lat' dir='ltr'><strong>daturum.</strong></span> 
     </span>
     <span class='ocr_line' id='line_1_7' title="bbox 238 840 1028 924; baseline 0.004 -21"><span class='ocrx_word' id='word_1_45' title='bbox 238 840 291 903; x_wconf 90' lang='lat' dir='ltr'><strong>Ille</strong></span> <span class='ocrx_word' id='word_1_46' title='bbox 314 842 435 922; x_wconf 90' lang='lat' dir='ltr'><strong>quidem</strong></span> <span class='ocrx_word' id='word_1_47' title='bbox 456 843 555 921; x_wconf 89' lang='lat' dir='ltr'><strong>potuit</strong></span> <span class='ocrx_word' id='word_1_48' title='bbox 575 851 678 924; x_wconf 89' lang='lat' dir='ltr'><strong>portas</strong></span> <span class='ocrx_word' id='word_1_49' title='bbox 699 844 868 923; x_wconf 87' lang='lat' dir='ltr'><strong>irrumpere</strong></span> <span class='ocrx_word' id='word_1_50' title='bbox 891 854 1028 923; x_wconf 88' lang='lat' dir='ltr'><strong>apertas:</strong></span> 
     </span>
     <span class='ocr_line' id='line_1_8' title="bbox 240 927 1032 1013; baseline 0.005 -23"><span class='ocrx_word' id='word_1_51' title='bbox 240 927 300 999; x_wconf 83' lang='lat' dir='ltr'><strong>Sed</strong></span> <span class='ocrx_word' id='word_1_52' title='bbox 322 948 378 993; x_wconf 92' lang='grc'><strong>000</strong></span> <span class='ocrx_word' id='word_1_53' title='bbox 400 930 592 1013; x_wconf 86' lang='lat' dir='ltr'><strong>obstitimus,</strong></span> <span class='ocrx_word' id='word_1_54' title='bbox 615 932 749 1010; x_wconf 86' lang='lat' dir='ltr'><strong>quamvls</strong></span> <span class='ocrx_word' id='word_1_55' title='bbox 771 933 959 993; x_wconf 88' lang='lat' dir='ltr'><strong>conlunctior</strong></span> <span class='ocrx_word' id='word_1_56' title='bbox 981 932 1032 994; x_wconf 92' lang='lat' dir='ltr'><strong>lllo</strong></span> 
     </span>
     <span class='ocr_line' id='line_1_9' title="bbox 170 1016 1160 1104; baseline 0.005 -24"><span class='ocrx_word' id='word_1_57' title='bbox 170 1030 223 1081; x_wconf 86' lang='grc'><strong>000</strong></span> <span class='ocrx_word' id='word_1_58' title='bbox 236 1016 330 1080; x_wconf 90' lang='lat' dir='ltr'><strong>Nemo</strong></span> <span class='ocrx_word' id='word_1_59' title='bbox 348 1018 422 1081; x_wconf 88' lang='lat' dir='ltr'><strong>mibi</strong></span> <span class='ocrx_word' id='word_1_60' title='bbox 439 1027 506 1081; x_wconf 89' lang='lat' dir='ltr'><strong>est.</strong></span> <span class='ocrx_word' id='word_1_61' title='bbox 533 1037 586 1080; x_wconf 90' lang='lat' dir='ltr'><strong>vos</strong></span> <span class='ocrx_word' id='word_1_62' title='bbox 603 1018 680 1081; x_wconf 88' lang='lat' dir='ltr'><strong>urbe</strong></span> <span class='ocrx_word' id='word_1_63' title='bbox 697 1020 796 1081; x_wconf 85' lang='lat' dir='ltr'><strong>virum</strong></span> <span class='ocrx_word' id='word_1_64' title='bbox 812 1019 992 1102; x_wconf 86' lang='lat' dir='ltr'><strong>prohibete,</strong></span> <span class='ocrx_word' id='word_1_65' title='bbox 1011 1021 1160 1104; x_wconf 73' lang='lat' dir='ltr'>Quirites,</span> 
     </span>
     <span class='ocr_line' id='line_1_10' title="bbox 236 1103 1040 1193; baseline 0.005 -27"><span class='ocrx_word' id='word_1_66' title='bbox 236 1103 289 1169; x_wconf 85' lang='lat' dir='ltr'><strong>Vel</strong></span> <span class='ocrx_word' id='word_1_67' title='bbox 300 1154 310 1190; x_wconf 97' lang='lat'><strong>,</strong></span> <span class='ocrx_word' id='word_1_68' title='bbox 333 1109 360 1169; x_wconf 92' lang='lat' dir='ltr'><strong>si</strong></span> <span class='ocrx_word' id='word_1_69' title='bbox 382 1107 489 1187; x_wconf 74' lang='lat' dir='ltr'><strong>dignus</strong></span> <span class='ocrx_word' id='word_1_70' title='bbox 511 1110 591 1189; x_wconf 87' lang='lat' dir='ltr'><strong>erit,</strong></span> <span class='ocrx_word' id='word_1_71' title='bbox 613 1107 753 1187; x_wconf 80' lang='lat' dir='ltr'><strong>gravibus</strong></span> <span class='ocrx_word' id='word_1_72' title='bbox 775 1109 885 1170; x_wconf 84' lang='lat' dir='ltr'><strong>vincite</strong></span> <span class='ocrx_word' id='word_1_73' title='bbox 901 1110 1040 1193; x_wconf 79' lang='grc'><strong>0010010,</strong></span> 
     </span>
     <span class='ocr_line' id='line_1_11' title="bbox 239 1192 948 1276; baseline 0 -18"><span class='ocrx_word' id='word_1_74' title='bbox 239 1196 403 1258; x_wconf 80' lang='grc'><strong>10110110</strong></span> <span class='ocrx_word' id='word_1_75' title='bbox 425 1203 539 1258; x_wconf 84' lang='lat' dir='ltr'><strong>metum</strong></span> <span class='ocrx_word' id='word_1_76' title='bbox 561 1195 658 1258; x_wconf 71' lang='lat' dir='ltr'><strong>fatalis</strong></span> <span class='ocrx_word' id='word_1_77' title='bbox 680 1205 778 1258; x_wconf 86' lang='lat' dir='ltr'><strong>morte</strong></span> <span class='ocrx_word' id='word_1_78' title='bbox 799 1192 948 1276; x_wconf 73' lang='lat' dir='ltr'><strong>tyranni?</strong></span> 
     </span>
     <span class='ocr_line' id='line_1_12' title="bbox 237 1283 1001 1366; baseline 0 -20"><span class='ocrx_word' id='word_1_79' title='bbox 237 1284 341 1358; x_wconf 83' lang='lat' dir='ltr'><strong>Qualia</strong></span> <span class='ocrx_word' id='word_1_80' title='bbox 363 1286 525 1347; x_wconf 74' lang='lat' dir='ltr'><strong>succinctis</strong></span> <span class='ocrx_word' id='word_1_81' title='bbox 536 1332 546 1366; x_wconf 93' lang='lat'><strong>,</strong></span> <span class='ocrx_word' id='word_1_82' title='bbox 569 1283 622 1345; x_wconf 92' lang='lat' dir='ltr'><strong>ubi</strong></span> <span class='ocrx_word' id='word_1_83' title='bbox 644 1293 715 1346; x_wconf 89' lang='lat' dir='ltr'><strong>trux</strong></span> <span class='ocrx_word' id='word_1_84' title='bbox 736 1283 868 1346; x_wconf 85' lang='lat' dir='ltr'><strong>insibilat</strong></span> <span class='ocrx_word' id='word_1_85' title='bbox 890 1302 1001 1366; x_wconf 89' lang='lat' dir='ltr'><strong>eurus,</strong></span> 
     </span>
     <span class='ocr_line' id='line_1_13' title="bbox 236 1371 964 1454; baseline -0.001 -19"><span class='ocrx_word' id='word_1_86' title='bbox 236 1373 388 1435; x_wconf 89' lang='lat' dir='ltr'><strong>llurmura</strong></span> <span class='ocrx_word' id='word_1_87' title='bbox 409 1375 519 1453; x_wconf 88' lang='lat' dir='ltr'><strong>pinetis</strong></span> <span class='ocrx_word' id='word_1_88' title='bbox 541 1372 639 1454; x_wconf 87' lang='lat' dir='ltr'><strong>dunt,</strong></span> <span class='ocrx_word' id='word_1_89' title='bbox 662 1381 714 1435; x_wconf 89' lang='lat' dir='ltr'><strong>aut</strong></span> <span class='ocrx_word' id='word_1_90' title='bbox 735 1372 832 1453; x_wconf 82' lang='lat' dir='ltr'><strong>quella</strong></span> <span class='ocrx_word' id='word_1_91' title='bbox 854 1371 964 1435; x_wconf 89' lang='lat' dir='ltr'><strong>ilnctus</strong></span> 
     </span>
     <span class='ocr_line' id='line_1_14' title="bbox 171 1460 1019 1543; baseline 0.002 -22"><span class='ocrx_word' id='word_1_92' title='bbox 171 1471 222 1523; x_wconf 86' lang='grc'><strong>000</strong></span> <span class='ocrx_word' id='word_1_93' title='bbox 236 1463 387 1541; x_wconf 76' lang='lat' dir='ltr'><strong>Aequorei</strong></span> <span class='ocrx_word' id='word_1_94' title='bbox 409 1461 522 1523; x_wconf 86' lang='lat' dir='ltr'><strong>iaciunt</strong></span> <span class='ocrx_word' id='word_1_95' title='bbox 533 1508 543 1543; x_wconf 94' lang='lat'><strong>,</strong></span> <span class='ocrx_word' id='word_1_96' title='bbox 566 1463 662 1541; x_wconf 84' lang='lat' dir='ltr'><strong>siquis</strong></span> <span class='ocrx_word' id='word_1_97' title='bbox 684 1461 791 1542; x_wconf 86' lang='lat' dir='ltr'><strong>procul</strong></span> <span class='ocrx_word' id='word_1_98' title='bbox 812 1460 913 1524; x_wconf 78' lang='lat' dir='ltr'><strong>audiat</strong></span> <span class='ocrx_word' id='word_1_99' title='bbox 933 1460 1019 1543; x_wconf 89' lang='lat' dir='ltr'><strong>illos,</strong></span> 
     </span>
     <span class='ocr_line' id='line_1_15' title="bbox 236 1548 1072 1630; baseline -0.001 -18"><span class='ocrx_word' id='word_1_100' title='bbox 236 1549 307 1612; x_wconf 80' lang='lat' dir='ltr'><strong>&#39;lale</strong></span> <span class='ocrx_word' id='word_1_101' title='bbox 330 1559 417 1611; x_wconf 87' lang='lat' dir='ltr'><strong>sonat</strong></span> <span class='ocrx_word' id='word_1_102' title='bbox 437 1548 588 1630; x_wconf 91' lang='lat' dir='ltr'><strong>populus.</strong></span> <span class='ocrx_word' id='word_1_103' title='bbox 616 1548 670 1611; x_wconf 89' lang='lat' dir='ltr'><strong>sed</strong></span> <span class='ocrx_word' id='word_1_104' title='bbox 691 1567 747 1630; x_wconf 89' lang='lat' dir='ltr'><strong>por</strong></span> <span class='ocrx_word' id='word_1_105' title='bbox 770 1550 894 1612; x_wconf 85' lang='grc'><strong>0001000</strong></span> <span class='ocrx_word' id='word_1_106' title='bbox 915 1549 1072 1611; x_wconf 72' lang='lat' dir='ltr'><strong>momentis</strong></span> 
     </span>
     <span class='ocr_line' id='line_1_16' title="bbox 236 1633 1161 1719; baseline 0.001 -20"><span class='ocrx_word' id='word_1_107' title='bbox 236 1637 333 1699; x_wconf 78' lang='lat' dir='ltr'><strong>Verbo</strong></span> <span class='ocrx_word' id='word_1_108' title='bbox 354 1647 454 1699; x_wconf 88' lang='lat' dir='ltr'><strong>tamen</strong></span> <span class='ocrx_word' id='word_1_109' title='bbox 476 1636 557 1717; x_wconf 77' lang='lat' dir='ltr'><strong>volgi</strong></span> <span class='ocrx_word' id='word_1_110' title='bbox 578 1655 635 1698; x_wconf 76' lang='lat' dir='ltr'><strong>vos</strong></span> <span class='ocrx_word' id='word_1_111' title='bbox 658 1639 771 1699; x_wconf 89' lang='lat' dir='ltr'><strong>eminet</strong></span> <span class='ocrx_word' id='word_1_112' title='bbox 790 1655 873 1719; x_wconf 91' lang='lat' dir='ltr'><strong>una,</strong></span> <span class='ocrx_word' id='word_1_113' title='bbox 896 1633 976 1717; x_wconf 72' lang='lat' dir='ltr'><strong>‘qnls</strong></span> <span class='ocrx_word' id='word_1_114' title='bbox 1003 1637 1052 1700; x_wconf 88' lang='lat' dir='ltr'><strong>ille</strong></span> <span class='ocrx_word' id='word_1_115' title='bbox 1076 1635 1161 1701; x_wconf 70' lang='lat' dir='ltr'><strong>esti&#39;</strong></span> 
     </span>
     <span class='ocr_line' id='line_1_17' title="bbox 236 1725 1161 1808; baseline 0.001 -20"><span class='ocrx_word' id='word_1_116' title='bbox 236 1725 276 1789; x_wconf 82' lang='lat' dir='ltr'><strong>Et</strong></span> <span class='ocrx_word' id='word_1_117' title='bbox 298 1734 434 1807; x_wconf 87' lang='lat' dir='ltr'><strong>spectant</strong></span> <span class='ocrx_word' id='word_1_118' title='bbox 455 1727 593 1808; x_wconf 79' lang='grc'><strong>1000100,</strong></span> <span class='ocrx_word' id='word_1_119' title='bbox 615 1725 827 1806; x_wconf 87' lang='lat' dir='ltr'><strong>praedictaque</strong></span> <span class='ocrx_word' id='word_1_120' title='bbox 854 1743 967 1788; x_wconf 88' lang='lat' dir='ltr'><strong>cornua</strong></span> <span class='ocrx_word' id='word_1_121' title='bbox 994 1737 1161 1806; x_wconf 86' lang='lat' dir='ltr'><strong>quaerunt.</strong></span> 
     </span>
     <span class='ocr_line' id='line_1_18' title="bbox 235 1809 1161 1896; baseline 0.001 -20"><span class='ocrx_word' id='word_1_122' title='bbox 235 1814 353 1877; x_wconf 80' lang='lat' dir='ltr'><strong>Rursus</strong></span> <span class='ocrx_word' id='word_1_123' title='bbox 370 1815 407 1877; x_wconf 85' lang='lat' dir='ltr'><strong>ed</strong></span> <span class='ocrx_word' id='word_1_124' title='bbox 425 1814 480 1875; x_wconf 92' lang='lat' dir='ltr'><strong>hos</strong></span> <span class='ocrx_word' id='word_1_125' title='bbox 499 1813 590 1895; x_wconf 81' lang='lat' dir='ltr'>Cipus</span> <span class='ocrx_word' id='word_1_126' title='bbox 609 1809 711 1893; x_wconf 74' lang='lat' dir='ltr'><strong>‘quem</strong></span> <span class='ocrx_word' id='word_1_127' title='bbox 728 1814 852 1895; x_wconf 90' lang='lat' dir='ltr'><strong>poscitis</strong></span> <span class='ocrx_word' id='word_1_128' title='bbox 864 1809 886 1896; x_wconf 90' lang='lat'><strong>,&#39;</strong></span> <span class='ocrx_word' id='word_1_129' title='bbox 910 1816 1008 1894; x_wconf 91' lang='lat' dir='ltr'><strong>inquit</strong></span> <span class='ocrx_word' id='word_1_130' title='bbox 1021 1810 1161 1877; x_wconf 78' lang='lat' dir='ltr'><strong>‘habetis’</strong></span> 
     </span>
     <span class='ocr_line' id='line_1_19' title="bbox 170 1900 1037 1985; baseline 0.001 -21"><span class='ocrx_word' id='word_1_131' title='bbox 170 1914 222 1965; x_wconf 81' lang='grc'><strong>010</strong></span> <span class='ocrx_word' id='word_1_132' title='bbox 235 1902 274 1965; x_wconf 86' lang='lat' dir='ltr'><strong>Et</strong></span> <span class='ocrx_word' id='word_1_133' title='bbox 296 1904 386 1984; x_wconf 88' lang='lat' dir='ltr'><strong>capiti</strong></span> <span class='ocrx_word' id='word_1_134' title='bbox 407 1902 548 1985; x_wconf 85' lang='lat' dir='ltr'><strong>dempta,</strong></span> <span class='ocrx_word' id='word_1_135' title='bbox 569 1901 680 1983; x_wconf 91' lang='lat' dir='ltr'><strong>populo</strong></span> <span class='ocrx_word' id='word_1_136' title='bbox 702 1900 902 1984; x_wconf 87' lang='lat' dir='ltr'><strong>probibente,</strong></span> <span class='ocrx_word' id='word_1_137' title='bbox 925 1919 1037 1965; x_wconf 84' lang='lat' dir='ltr'><strong>corona</strong></span> 
     </span>
     <span class='ocr_line' id='line_1_20' title="bbox 235 1991 1003 2072; baseline 0.001 -20"><span class='ocrx_word' id='word_1_138' title='bbox 235 1991 378 2053; x_wconf 82' lang='lat' dir='ltr'><strong>Exhibuit</strong></span> <span class='ocrx_word' id='word_1_139' title='bbox 399 1992 517 2072; x_wconf 75' lang='lat' dir='ltr'><strong>gemino</strong></span> <span class='ocrx_word' id='word_1_140' title='bbox 539 1992 708 2071; x_wconf 71' lang='lat' dir='ltr'><strong>praesignia</strong></span> <span class='ocrx_word' id='word_1_141' title='bbox 729 1998 863 2071; x_wconf 90' lang='lat' dir='ltr'><strong>tempora</strong></span> <span class='ocrx_word' id='word_1_142' title='bbox 886 2009 1003 2053; x_wconf 86' lang='lat' dir='ltr'><strong>cornu.</strong></span> 
     </span>
     <span class='ocr_line' id='line_1_21' title="bbox 235 2078 1013 2162; baseline 0 -21"><span class='ocrx_word' id='word_1_143' title='bbox 235 2078 388 2142; x_wconf 76' lang='lat' dir='ltr'><strong>Demisere</strong></span> <span class='ocrx_word' id='word_1_144' title='bbox 411 2079 513 2142; x_wconf 89' lang='lat' dir='ltr'><strong>oculos</strong></span> <span class='ocrx_word' id='word_1_145' title='bbox 536 2097 641 2140; x_wconf 89' lang='lat' dir='ltr'><strong>omnes</strong></span> <span class='ocrx_word' id='word_1_146' title='bbox 662 2081 864 2159; x_wconf 79' lang='lat' dir='ltr'><strong>gemitumque</strong></span> <span class='ocrx_word' id='word_1_147' title='bbox 888 2078 1013 2162; x_wconf 83' lang='lat' dir='ltr'><strong>dedere,</strong></span> 
     </span>
     <span class='ocr_line' id='line_1_22' title="bbox 235 2165 1160 2248; baseline 0.002 -20"><span class='ocrx_word' id='word_1_148' title='bbox 235 2169 331 2247; x_wconf 78' lang='lat' dir='ltr'><strong>Atque</strong></span> <span class='ocrx_word' id='word_1_149' title='bbox 344 2168 418 2231; x_wconf 88' lang='lat' dir='ltr'><strong>illud</strong></span> <span class='ocrx_word' id='word_1_150' title='bbox 438 2170 552 2230; x_wconf 88' lang='lat' dir='ltr'><strong>meritis</strong></span> <span class='ocrx_word' id='word_1_151' title='bbox 570 2167 683 2229; x_wconf 88' lang='lat' dir='ltr'><strong>clarum</strong></span> <span class='ocrx_word' id='word_1_152' title='bbox 697 2199 740 2213; x_wconf 91' lang='lat'><strong>-—</strong></span> <span class='ocrx_word' id='word_1_153' title='bbox 754 2168 821 2247; x_wconf 89' lang='lat' dir='ltr'><strong>quis</strong></span> <span class='ocrx_word' id='word_1_154' title='bbox 840 2167 964 2230; x_wconf 84' lang='lat' dir='ltr'><strong>credere</strong></span> <span class='ocrx_word' id='word_1_155' title='bbox 981 2165 1103 2248; x_wconf 81' lang='lat' dir='ltr'><strong>possit?</strong></span> <span class='ocrx_word' id='word_1_156' title='bbox 1116 2202 1160 2216; x_wconf 87' lang='lat'><em>-</em></span> 
     </span>
     <span class='ocr_line' id='line_1_23' title="bbox 235 2255 918 2337; baseline 0 -20"><span class='ocrx_word' id='word_1_157' title='bbox 235 2256 322 2318; x_wconf 83' lang='lat' dir='ltr'><strong>Inviti</strong></span> <span class='ocrx_word' id='word_1_158' title='bbox 344 2256 444 2318; x_wconf 89' lang='lat' dir='ltr'><strong>videre</strong></span> <span class='ocrx_word' id='word_1_159' title='bbox 467 2263 578 2337; x_wconf 75' lang='lat' dir='ltr'><strong>capuit</strong></span> <span class='ocrx_word' id='word_1_160' title='bbox 600 2273 657 2317; x_wconf 88' lang='lat' dir='ltr'><strong>nec</strong></span> <span class='ocrx_word' id='word_1_161' title='bbox 679 2255 792 2318; x_wconf 91' lang='lat' dir='ltr'><strong>honore</strong></span> <span class='ocrx_word' id='word_1_162' title='bbox 816 2273 918 2318; x_wconf 87' lang='lat' dir='ltr'><strong>carcre</strong></span> 
     </span>
     <span class='ocr_line' id='line_1_24' title="bbox 172 2343 997 2428; baseline 0.002 -23"><span class='ocrx_word' id='word_1_163' title='bbox 172 2356 222 2405; x_wconf 81' lang='grc'><strong>010</strong></span> <span class='ocrx_word' id='word_1_164' title='bbox 236 2343 368 2407; x_wconf 84' lang='lat' dir='ltr'><strong>Ulterius</strong></span> <span class='ocrx_word' id='word_1_165' title='bbox 390 2346 471 2426; x_wconf 87' lang='grc'><strong>00001</strong></span> <span class='ocrx_word' id='word_1_166' title='bbox 483 2394 493 2428; x_wconf 91' lang='lat'><strong>,</strong></span> <span class='ocrx_word' id='word_1_167' title='bbox 516 2346 622 2407; x_wconf 82' lang='grc'><strong>1001000</strong></span> <span class='ocrx_word' id='word_1_168' title='bbox 644 2346 815 2424; x_wconf 85' lang='lat' dir='ltr'><strong>imposuere</strong></span> <span class='ocrx_word' id='word_1_169' title='bbox 838 2361 997 2407; x_wconf 90' lang='lat' dir='ltr'><strong>coronam.</strong></span> 
     </span>
     <span class='ocr_line' id='line_1_25' title="bbox 237 2433 1035 2516; baseline 0 -22"><span class='ocrx_word' id='word_1_170' title='bbox 237 2435 276 2495; x_wconf 82' lang='grc'><strong>11</strong></span> <span class='ocrx_word' id='word_1_171' title='bbox 297 2451 461 2516; x_wconf 83' lang='lat' dir='ltr'><strong>proceres,</strong></span> <span class='ocrx_word' id='word_1_172' title='bbox 484 2434 625 2513; x_wconf 90' lang='lat' dir='ltr'><strong>quonlam</strong></span> <span class='ocrx_word' id='word_1_173' title='bbox 646 2450 749 2516; x_wconf 82' lang='lat' dir='ltr'><strong>muros</strong></span> <span class='ocrx_word' id='word_1_174' title='bbox 771 2434 884 2494; x_wconf 89' lang='lat' dir='ltr'><strong>intrare</strong></span> <span class='ocrx_word' id='word_1_175' title='bbox 907 2433 1035 2516; x_wconf 86' lang='lat' dir='ltr'><strong>vetaris,</strong></span> 
     </span>
     <span class='ocr_line' id='line_1_26' title="bbox 236 2519 992 2604; baseline 0 -21"><span class='ocrx_word' id='word_1_176' title='bbox 236 2520 327 2584; x_wconf 87' lang='lat' dir='ltr'><strong>Ruris</strong></span> <span class='ocrx_word' id='word_1_177' title='bbox 349 2521 487 2584; x_wconf 89' lang='lat' dir='ltr'><strong>honorati</strong></span> <span class='ocrx_word' id='word_1_178' title='bbox 508 2529 625 2583; x_wconf 76' lang='lat' dir='ltr'><strong>tentum</strong></span> <span class='ocrx_word' id='word_1_179' title='bbox 647 2521 723 2602; x_wconf 93' lang='lat' dir='ltr'><strong>tibi,</strong></span> <span class='ocrx_word' id='word_1_180' title='bbox 747 2519 818 2601; x_wconf 85' lang='lat' dir='ltr'><strong>Cipo</strong></span> <span class='ocrx_word' id='word_1_181' title='bbox 830 2569 841 2604; x_wconf 94' lang='lat'><strong>,</strong></span> <span class='ocrx_word' id='word_1_182' title='bbox 863 2520 992 2601; x_wconf 85' lang='lat' dir='ltr'><strong>dedere,</strong></span> 
     </span>
     <span class='ocr_line' id='line_1_27' title="bbox 240 2607 960 2689; baseline -0.003 -16"><span class='ocrx_word' id='word_1_183' title='bbox 240 2611 391 2683; x_wconf 84' lang='lat' dir='ltr'><strong>Quantum</strong></span> <span class='ocrx_word' id='word_1_184' title='bbox 413 2611 554 2689; x_wconf 90' lang='lat' dir='ltr'><strong>depresso</strong></span> <span class='ocrx_word' id='word_1_185' title='bbox 578 2609 721 2671; x_wconf 86' lang='lat' dir='ltr'><strong>subiectis</strong></span> <span class='ocrx_word' id='word_1_186' title='bbox 742 2607 839 2671; x_wconf 89' lang='lat' dir='ltr'><strong>bobus</strong></span> <span class='ocrx_word' id='word_1_187' title='bbox 862 2617 960 2671; x_wconf 87' lang='lat' dir='ltr'><strong>aratro</strong></span> 
     </span>
     <span class='ocr_line' id='line_1_28' title="bbox 239 2696 967 2779; baseline -0.004 -18"><span class='ocrx_word' id='word_1_188' title='bbox 239 2698 403 2779; x_wconf 80' lang='lat' dir='ltr'><strong>Complecti</strong></span> <span class='ocrx_word' id='word_1_189' title='bbox 424 2715 529 2778; x_wconf 89' lang='lat' dir='ltr'><strong>posses</strong></span> <span class='ocrx_word' id='word_1_190' title='bbox 552 2698 589 2759; x_wconf 93' lang='lat' dir='ltr'><strong>ad</strong></span> <span class='ocrx_word' id='word_1_191' title='bbox 611 2698 701 2760; x_wconf 86' lang='lat' dir='ltr'><strong>finem</strong></span> <span class='ocrx_word' id='word_1_192' title='bbox 723 2697 798 2759; x_wconf 87' lang='lat' dir='ltr'><strong>lucis</strong></span> <span class='ocrx_word' id='word_1_193' title='bbox 821 2696 858 2759; x_wconf 89' lang='lat' dir='ltr'><strong>ab</strong></span> <span class='ocrx_word' id='word_1_194' title='bbox 881 2705 967 2759; x_wconf 90' lang='lat' dir='ltr'><strong>ortu.</strong></span> 
     </span>
     <span class='ocr_line' id='line_1_29' title="bbox 173 2787 1005 2866; baseline 0.001 -19"><span class='ocrx_word' id='word_1_195' title='bbox 173 2797 224 2848; x_wconf 80' lang='grc'><strong>000</strong></span> <span class='ocrx_word' id='word_1_196' title='bbox 239 2787 416 2866; x_wconf 82' lang='lat' dir='ltr'><strong>Cornuaque</strong></span> <span class='ocrx_word' id='word_1_197' title='bbox 439 2788 547 2848; x_wconf 91' lang='lat' dir='ltr'><strong>aeratis</strong></span> <span class='ocrx_word' id='word_1_198' title='bbox 570 2788 675 2849; x_wconf 90' lang='lat' dir='ltr'><strong>miram</strong></span> <span class='ocrx_word' id='word_1_199' title='bbox 697 2787 858 2849; x_wconf 80' lang='lat' dir='ltr'><strong>referentia</strong></span> <span class='ocrx_word' id='word_1_200' title='bbox 880 2787 1005 2848; x_wconf 88' lang='lat' dir='ltr'><strong>iormam</strong></span> 
     </span>
     <span class='ocr_line' id='line_1_30' title="bbox 237 2874 1118 2957; baseline -0.002 -19"><span class='ocrx_word' id='word_1_201' title='bbox 237 2874 377 2938; x_wconf 86' lang='lat' dir='ltr'><strong>Postibus</strong></span> <span class='ocrx_word' id='word_1_202' title='bbox 399 2874 593 2957; x_wconf 90' lang='lat' dir='ltr'><strong>insculpunt,</strong></span> <span class='ocrx_word' id='word_1_203' title='bbox 615 2874 737 2955; x_wconf 79' lang='lat' dir='ltr'><strong>longum</strong></span> <span class='ocrx_word' id='word_1_204' title='bbox 759 2893 897 2937; x_wconf 88' lang='lat' dir='ltr'><strong>mansura</strong></span> <span class='ocrx_word' id='word_1_205' title='bbox 919 2892 975 2955; x_wconf 89' lang='lat' dir='ltr'><strong>per</strong></span> <span class='ocrx_word' id='word_1_206' title='bbox 997 2892 1118 2937; x_wconf 84' lang='lat' dir='ltr'><strong>aevum.</strong></span> 
     </span>
     <span class='ocr_line' id='line_1_31' title="bbox 282 2963 1157 3047; baseline -0.001 -21"><span class='ocrx_word' id='word_1_207' title='bbox 282 2963 405 3026; x_wconf 83' lang='lat' dir='ltr'><strong>Pandite</strong></span> <span class='ocrx_word' id='word_1_208' title='bbox 419 2981 499 3027; x_wconf 91' lang='lat' dir='ltr'><strong>nunc</strong></span> <span class='ocrx_word' id='word_1_209' title='bbox 507 3011 517 3047; x_wconf 94' lang='lat'><strong>,</strong></span> <span class='ocrx_word' id='word_1_210' title='bbox 530 2963 631 3026; x_wconf 86' lang='lat' dir='ltr'><strong>blusae</strong></span> <span class='ocrx_word' id='word_1_211' title='bbox 645 3011 654 3045; x_wconf 93' lang='lat'><strong>,</strong></span> <span class='ocrx_word' id='word_1_212' title='bbox 672 2965 840 3043; x_wconf 87' lang='lat' dir='ltr'><strong>praesentia</strong></span> <span class='ocrx_word' id='word_1_213' title='bbox 853 2965 974 3026; x_wconf 88' lang='lat' dir='ltr'><strong>numina</strong></span> <span class='ocrx_word' id='word_1_214' title='bbox 988 2971 1105 3046; x_wconf 89' lang='lat' dir='ltr'><strong>vatum,</strong></span> <span class='ocrx_word' id='word_1_215' title='bbox 1116 2997 1157 3010; x_wconf 93' lang='lat'><em>-</em></span> 
     </span>
     <span class='ocr_line' id='line_1_32' title="bbox 240 3046 1071 3136; baseline -0.005 -19"><span class='ocrx_word' id='word_1_216' title='bbox 240 3055 329 3117; x_wconf 88' lang='lat' dir='ltr'><strong>Scitis</strong></span> <span class='ocrx_word' id='word_1_217' title='bbox 351 3053 454 3136; x_wconf 90' lang='lat' dir='ltr'><strong>enim,</strong></span> <span class='ocrx_word' id='word_1_218' title='bbox 475 3070 532 3115; x_wconf 89' lang='lat' dir='ltr'><strong>nec</strong></span> <span class='ocrx_word' id='word_1_219' title='bbox 545 3046 605 3114; x_wconf 62' lang='lat' dir='ltr'><strong>&#39;vos</strong></span> <span class='ocrx_word' id='word_1_220' title='bbox 628 3051 702 3114; x_wconf 88' lang='lat' dir='ltr'><strong>lallit</strong></span> <span class='ocrx_word' id='word_1_221' title='bbox 724 3054 852 3133; x_wconf 87' lang='lat' dir='ltr'><strong>spatiosa</strong></span> <span class='ocrx_word' id='word_1_222' title='bbox 873 3059 1005 3114; x_wconf 87' lang='lat' dir='ltr'><strong>vetustas</strong></span> <span class='ocrx_word' id='word_1_223' title='bbox 1028 3083 1071 3096; x_wconf 91' lang='lat'><strong>-·</strong></span> 
     </span>
     <span class='ocr_line' id='line_1_33' title="bbox 241 3139 996 3222; baseline -0.003 -18"><span class='ocrx_word' id='word_1_224' title='bbox 241 3143 323 3205; x_wconf 91' lang='lat' dir='ltr'><strong>Unde</strong></span> <span class='ocrx_word' id='word_1_225' title='bbox 347 3140 516 3204; x_wconf 84' lang='lat' dir='ltr'><strong>Coroniden</strong></span> <span class='ocrx_word' id='word_1_226' title='bbox 539 3141 712 3204; x_wconf 81' lang='lat' dir='ltr'><strong>circumflua</strong></span> <span class='ocrx_word' id='word_1_227' title='bbox 733 3139 892 3222; x_wconf 75' lang='lat' dir='ltr'><strong>Thybridis</strong></span> <span class='ocrx_word' id='word_1_228' title='bbox 915 3141 996 3203; x_wconf 88' lang='lat' dir='ltr'><strong>alveo</strong></span> 
     </span>
     <span class='ocr_line' id='line_1_34' title="bbox 173 3228 920 3294; baseline 0.001 -3"><span class='ocrx_word' id='word_1_229' title='bbox 173 3243 224 3294; x_wconf 77' lang='grc'><strong>000</strong></span> <span class='ocrx_word' id='word_1_230' title='bbox 239 3230 338 3294; x_wconf 78' lang='lat' dir='ltr'><strong>Insula</strong></span> <span class='ocrx_word' id='word_1_231' title='bbox 359 3228 519 3293; x_wconf 77' lang='lat' dir='ltr'><strong>Romuleae</strong></span> <span class='ocrx_word' id='word_1_232' title='bbox 543 3231 636 3292; x_wconf 88' lang='lat' dir='ltr'><strong>sacris</strong></span> <span class='ocrx_word' id='word_1_233' title='bbox 658 3231 797 3292; x_wconf 86' lang='lat' dir='ltr'><strong>acciverit</strong></span> <span class='ocrx_word' id='word_1_234' title='bbox 819 3228 920 3292; x_wconf 89' lang='lat' dir='ltr'><strong>urbis.</strong></span> 
     </span>
     <span class='ocr_line' id='line_1_35' title="bbox 240 3316 990 3400; baseline -0.003 -18"><span class='ocrx_word' id='word_1_235' title='bbox 240 3320 308 3382; x_wconf 85' lang='lat' dir='ltr'><strong>Dira</strong></span> <span class='ocrx_word' id='word_1_236' title='bbox 330 3319 395 3382; x_wconf 90' lang='lat' dir='ltr'><strong>lues</strong></span> <span class='ocrx_word' id='word_1_237' title='bbox 418 3319 567 3399; x_wconf 86' lang='lat' dir='ltr'><strong>quondam</strong></span> <span class='ocrx_word' id='word_1_238' title='bbox 589 3316 687 3380; x_wconf 84' lang='grc'><strong>101100</strong></span> <span class='ocrx_word' id='word_1_239' title='bbox 710 3320 863 3381; x_wconf 82' lang='lat' dir='ltr'><strong>vitiaverat</strong></span> <span class='ocrx_word' id='word_1_240' title='bbox 886 3335 990 3400; x_wconf 85' lang='lat' dir='ltr'><strong>auras,</strong></span> 
     </span>
     <span class='ocr_line' id='line_1_36' title="bbox 239 3404 1025 3487; baseline -0.003 -17"><span class='ocrx_word' id='word_1_241' title='bbox 239 3408 408 3487; x_wconf 85' lang='lat' dir='ltr'><strong>Pallidaque</strong></span> <span class='ocrx_word' id='word_1_242' title='bbox 432 3408 573 3487; x_wconf 79' lang='lat' dir='ltr'><strong>exsangvd</strong></span> <span class='ocrx_word' id='word_1_243' title='bbox 596 3404 770 3485; x_wconf 89' lang='lat' dir='ltr'><strong>squalebant</strong></span> <span class='ocrx_word' id='word_1_244' title='bbox 792 3424 918 3487; x_wconf 86' lang='lat' dir='ltr'><strong>corpora</strong></span> <span class='ocrx_word' id='word_1_245' title='bbox 939 3405 1025 3469; x_wconf 88' lang='grc'><strong>1010.</strong></span> 
     </span>
     <span class='ocr_line' id='line_1_37' title="bbox 240 3493 988 3576; baseline 0.001 -20"><span class='ocrx_word' id='word_1_246' title='bbox 240 3493 407 3558; x_wconf 79' lang='lat' dir='ltr'><strong>Funeribus</strong></span> <span class='ocrx_word' id='word_1_247' title='bbox 430 3496 502 3558; x_wconf 88' lang='lat' dir='ltr'><strong>lessi</strong></span> <span class='ocrx_word' id='word_1_248' title='bbox 523 3503 681 3576; x_wconf 86' lang='lat' dir='ltr'><strong>postquam</strong></span> <span class='ocrx_word' id='word_1_249' title='bbox 703 3494 837 3558; x_wconf 83' lang='lat' dir='ltr'><strong>mortalia</strong></span> <span class='ocrx_word' id='word_1_250' title='bbox 860 3503 988 3557; x_wconf 86' lang='lat' dir='ltr'><strong>cernunt</strong></span> 
     </span>
     <span class='ocr_line' id='line_1_38' title="bbox 240 3582 1103 3666; baseline 0.002 -22"><span class='ocrx_word' id='word_1_251' title='bbox 240 3583 464 3664; x_wconf 82' lang='lat' dir='ltr'><strong>Temptamonta</strong></span> <span class='ocrx_word' id='word_1_252' title='bbox 485 3583 559 3645; x_wconf 89' lang='lat' dir='ltr'><strong>nlbil</strong></span> <span class='ocrx_word' id='word_1_253' title='bbox 571 3630 581 3665; x_wconf 95' lang='lat'><strong>,</strong></span> <span class='ocrx_word' id='word_1_254' title='bbox 603 3582 678 3646; x_wconf 90' lang='lat' dir='ltr'><strong>nibil</strong></span> <span class='ocrx_word' id='word_1_255' title='bbox 700 3592 780 3647; x_wconf 89' lang='lat' dir='ltr'><strong>artes</strong></span> <span class='ocrx_word' id='word_1_256' title='bbox 801 3601 890 3666; x_wconf 87' lang='lat' dir='ltr'><strong>posse</strong></span> <span class='ocrx_word' id='word_1_257' title='bbox 912 3583 1103 3663; x_wconf 85' lang='lat' dir='ltr'><strong>medentum,</strong></span> 
     </span>
    </p>
   </div>
   <div class='ocr_carea' id='block_1_3' title="bbox 0 0 1245 4042">
    <p class='ocr_par' dir='ltr' id='par_1_3' title="bbox 0 0 1245 4042">
     <span class='ocr_line' id='line_1_39' title="bbox 0 0 1245 4042; baseline 0 0"><span class='ocrx_word' id='word_1_258' title='bbox 0 0 1245 4042; x_wconf 95' lang='lat' dir='ltr'><strong> </strong></span> 
     </span>
    </p>
   </div>
  </div>
 </body>
</html>
