2467 4042
204 183 271 248 240
611 184 805 236 rrsrorrir

336 347 488 409 Turbidus
510 346 644 407 bibernis
666 346 716 407 ille
737 345 849 408 lluebet
870 350 957 426 equis
979 384 1020 395 -

293 436 395 497 tamn
418 436 484 496 loeo
506 442 640 514 ponunt:
672 434 823 498 destrictis
845 437 972 497 ensibus
995 442 1060 518 ipsi

337 524 525 602 Tyrrhenum
547 523 643 584 vuido
664 522 759 583 litte
780 541 835 603 pet·
857 543 966 603 agmen
987 537 1088 608 euut3

293 613 359 673 Non
381 612 491 693 alna,
515 630 604 691 quem
627 629 697 672 eum
719 610 828 691 libyes
849 613 888 674 de
910 632 990 692 rupe
1011 615 1121 677 leuues

227 714 279 762 210
337 699 1025 780 lovaduuspmostuaperamgreges.

293 788 457 867 llilluginnt
478 788 603 865 hostes,
625 787 840 867 inhonestaque
863 789 985 851 volnera
1008 801 1102 871 tergo

337 878 517 956 deripiunt:
547 876 647 937 Tusco
669 880 814 955 sanguine
835 886 917 940 terre
938 877 1054 941 rubet.

294 965 343 1025 Sic
365 968 498 1044 iterun,
520 967 564 1025 sie
587 982 676 1043 saepe
699 965 830 1026 endunt.
870 965 924 1026 ubi
945 969 1077 1030 vincere
1100 979 1185 1049 operte

337 1053 403 1113 Nou
426 1054 536 1132 datur,
558 1052 681 1114 insidias
702 1071 843 1131 armique
866 1062 945 1115 reeta
966 1066 1100 1132 parent.

229 1151 281 1202 215
295 1142 423 1220 Campus
446 1150 510 1202 erit
522 1187 532 1220 ‚
554 1144 653 1220 campi
673 1140 850 1202 deudebnnt
870 1141 978 1203 ultima
1000 1144 1100 1207 eolles

338 1230 476 1308 Silnqne
499 1238 653 1289 montanas
674 1228 812 1292 ooeuue
835 1238 902 1309 epte
924 1231 1025 1295 ierus.

294 1318 326 1379 lo
350 1318 447 1378 medio
470 1335 581 1396 murus
604 1327 796 1396 armentaque
819 1336 887 1380 rare
906 1318 1108 1398 relinquunt,

338 1406 444 1467 Ceteri
466 1405 602 1484 virgultis
625 1404 723 1466 abdite
745 1405 833 1468 turba
854 1405 944 1468 tant.

295 1494 373 1555 Eece
397 1493 479 1555 vetut
500 1503 621 1555 torrens
643 1494 731 1556 undis
752 1494 929 1573 pluvialibus
950 1505 1065 1558 uuelus

228 1596 281 1644 220
339 1586 398 1644 Aut
419 1586 510 1663 nive,
532 1601 608 1661 quae
630 1582 760 1662 zephyro
781 1585 858 1644 vieta
880 1592 1004 1663 tepente
1026 1585 1118 1667 fluit,

295 1671 352 1732 Per
375 1680 437 1732 satu
459 1689 572 1751 perque
595 1672 659 1732 ries
679 1671 776 1732 lertur
789 1718 797 1751 ,
819 1689 898 1752 nee,
920 1680 956 1732 ut
978 1681 1052 1734 ente
1078 1675 1193 1738 solebat.

339 1760 482 1838 lliparum
504 1759 620 1820 eleusis
641 1762 774 1837 margine
796 1760 862 1822 linit
884 1777 994 1838 aquas:

297 1849 346 1909 Sie
370 1848 454 1909 Fabii
474 1847 577 1908 vellem
600 1847 667 1908 letis
690 1846 875 1912 discursibus
896 1847 1042 1930 implent,

340 1936 485 2016 Quodque
503 1936 626 2015 rident,
644 1945 802 1997 sternunt:
838 1946 1011 1998 neomutus
1030 1938 1113 2001 ulter
1132 1945 1199 2002 inest

230 2036 282 2086 225
301 2024 367 2096 Quo
389 2027 500 2104 ruitis,
522 2042 667 2103 generosa
688 2020 826 2085 domus?
856 2024 932 2085 mele
954 2025 1087 2089 creditis
1111 2029 1192 2091 hom.

341 2112 472 2193 Simplex
493 2112 655 2191 nobilitas,
676 2112 788 2191 perlida
812 2112 868 2173 tels
891 2111 978 2174 curel

295 2201 411 2262 Fraude
434 2203 513 2280 perit
535 2203 652 2262 virtus.
692 2203 724 2261 iu
745 2208 866 2280 apertus
887 2201 1020 2279 undique
1045 2223 1171 2287 campos

339 2290 502 2350 Proslliunt
524 2289 626 2349 hostes
649 2297 680 2349 el
701 2287 778 2350 latus
801 2306 888 2349 omne
911 2298 1033 2351 tenent.

296 2378 373 2450 Quid
397 2378 505 2439 leniant
527 2380 613 2456 peuri
637 2384 740 2437 eontra
761 2384 807 2437 tot
828 2376 907 2437 milia
930 2376 1054 2440 furtes?

229 2478 281 2528 230
340 2464 476 2541 Quidve,
499 2464 578 2544 quud
601 2467 633 2526 in
656 2467 764 2525 misero
788 2473 921 2544 tempore
943 2473 1065 2548 restet,
1092 2466 1190 2532 idest?

297 2555 383 2615 Sicut
403 2572 475 2634 oper
497 2555 583 2633 lunge
607 2553 688 2614 silvis
710 2552 909 2614 Laurentibus
931 2561 1017 2616 aetus

340 2642 494 2703 Fulmineo
516 2642 631 2702 celeres
652 2641 850 2720 dissipatore
874 2659 978 2721 cenes,

296 2730 362 2791 ttox
387 2739 485 2791 nmen
508 2734 573 2809 ipse
595 2731 674 2809 perit
686 2774 695 2810 ,
718 2732 761 2790 sie
785 2747 844 2789 nou
867 2731 1038 2792 moriuntur
1065 2735 1172 2808 inulti,

339 2818 524 2897 Vulneraque
547 2817 660 2880 alterne
682 2818 812 2897 dantque
835 2818 995 2896 feruntque
1019 2836 1136 2884 mauu.

229 2919 282 2969 235
297 2908 360 2970 Une
381 2907 446 2968 dies
470 2906 576 2968 tatius
598 2906 636 2967 ad
659 2905 767 2967 bellum
790 2907 911 2967 miseret
932 2924 1057 2989 omnes,

339 2995 383 3059 Ad
407 2994 516 3056 bellum
540 2998 647 3055 missos
668 2994 798 3074 perdidit
821 3012 879 3055 una
901 2994 983 3055 dies.

295 3084 334 3146 Ut
357 3093 454 3146 lamen
477 3082 641 3145 llereulese
664 3090 858 3161 superessent
878 3084 989 3144 semina
1014 3089 1141 3168 gentis,

340 3172 487 3234 Credibile
510 3181 556 3233 est
577 3175 660 3250 ipsos
681 3170 867 3232 consuluisse
890 3171 978 3232 deos.

267 3309 270 3314 ,
295 3261 369 3323 Nem
391 3279 467 3341 puer
490 3259 626 3339 impubes
647 3264 678 3320 et
700 3259 797 3322 adhue
819 3278 879 3322 nen
902 3258 982 3321 utilis
1005 3264 1105 3325 minis

229 3360 282 3411 240
340 3349 425 3411 Unus
446 3350 482 3411 de
505 3348 595 3410 Fabia
617 3356 705 3427 genle
729 3347 851 3409 relictus
874 3355 956 3409 eret:

297 3435 418 3497 Sellloet
438 3445 473 3496 ut
494 3454 598 3516 posses
621 3435 691 3495 olim
714 3444 747 3497 tu
759 3482 768 3516 ,
791 3434 939 3515 llerime,
960 3438 1061 3517 nasei,

341 3521 397 3581 Cui
418 3540 468 3582 ree
491 3522 657 3586 cunctando
680 3524 862 3584 restituenda
886 3524 980 3586 leret.
