2467 4042
194 216 260 283 204
605 217 654 267 rex
671 216 791 268 rouro

328 381 440 443 Cedere
464 381 613 441 Danuvius
637 397 669 440 se
692 378 768 458 tibi,
792 378 879 459 Nile,
902 388 1007 459 negat.

283 468 374 550 Ccpia
397 479 441 532 tct
463 469 608 550 laticum,
632 485 705 547 quas
729 475 839 547 auget,
862 467 1007 529 adulterat
1033 471 1154 555 undas,

235 571 269 621 cu
328 557 389 618 Nec
412 559 523 638 patitur
547 559 624 617 vires
648 574 760 635 aequor
782 554 893 616 habere
916 574 1001 617 suas.

283 645 361 720 Quin
385 648 496 726 etiam,
519 652 622 724 stagno
646 644 750 705 similis
772 645 933 723 pigraeque
954 644 1075 726 paludi,
1157 662 1210 710 uss

328 733 489 795 Caeruleus
512 735 560 794 vix
584 740 630 794 est
653 730 836 810 diluiturque
860 732 958 792 cclcr.

283 821 399 884 Innatat
421 820 500 884 unda
523 820 599 882 frete
623 820 740 901 dulcis,
762 820 914 899 leviorque
937 824 1051 883 marina
1075 833 1149 908 est,

329 910 410 983 Quae
433 912 588 991 proprium
612 911 703 970 mixte
727 909 764 970 de
788 908 848 969 sale
870 909 987 988 pondus
1009 910 1128 974 habet.

236 1010 269 1062 cn
285 998 317 1060 Si
339 1006 426 1079 reget
447 998 521 1059 baec
544 997 651 1076 aliquis
673 1015 728 1058 cur
751 1000 811 1058 sint
834 1005 951 1058 narrata
972 998 1110 1082 Pedoni,

328 1086 441 1157 Quidve
465 1085 545 1165 loqui
569 1088 659 1146 certis
682 1087 791 1147 iuverit
812 1087 869 1146 ista
891 1083 1012 1147 modis?

284 1174 424 1255 betium,
448 1173 565 1254 dicam,
588 1181 707 1252 tempus
731 1190 877 1252 curasque
900 1173 1008 1235 fefelli.

329 1261 415 1323 lluuc
439 1262 568 1324 fructum
591 1279 734 1342 praesens
757 1261 855 1323 attulit
877 1261 950 1322 bcra
971 1262 1065 1325 mihi.

287 1352 423 1412 Aluimus
446 1351 555 1429 solitu,
578 1350 649 1412 duim
672 1350 831 1411 scribimus
853 1352 931 1430 ista,
954 1349 1076 1431 dolore,

237 1452 271 1501 ἰο
329 1439 363 1501 ln
386 1439 491 1500 mediis
514 1456 570 1500 nec
594 1456 648 1500 nos
672 1440 820 1499 sensimus
843 1456 908 1499 esse
932 1437 1031 1500 Getis.

284 1529 322 1589 At
343 1536 399 1609 tu,
422 1545 481 1589 uon
506 1526 631 1607 dubito,
655 1545 723 1587 cum
746 1526 861 1587 Thesea
884 1528 1014 1587 carmine
1038 1527 1168 1612 laudes,

328 1616 466 1677 Materiae
490 1615 593 1677 titulos
616 1617 689 1694 quin
712 1623 814 1676 tueare
839 1624 924 1693 tuae,

284 1704 438 1784 Quemque
462 1705 580 1783 refers,
603 1705 720 1765 imitere
739 1705 858 1764 virum.
895 1709 972 1764 vetat
994 1703 1046 1764 ille
1071 1709 1207 1785 proiecte

328 1791 493 1871 Tranquilli
515 1794 652 1853 comitem
676 1793 820 1871 temperis
843 1808 908 1851 esse
932 1792 1036 1852 [idem.

236 1892 269 1943 ⁷5
295 1881 353 1952 Qui
376 1898 552 1959 quamquam
577 1888 623 1941 est
645 1881 730 1940 lactis
753 1882 858 1958 ingens
881 1886 911 1940 et
934 1879 1074 1942 conditur
1098 1901 1119 1943 a
1144 1895 1174 1947 te

329 1967 380 2029 Vir
403 1977 508 2050 tante,
531 1976 641 2048 quante
665 1967 768 2028 debuit
791 1985 842 2027 cre
866 1969 949 2047 cani,

286 2056 339 2119 Est
361 2065 460 2118 tamen
484 2074 521 2117 ex
543 2056 593 2117 illc
616 2055 702 2117 nobis
724 2054 866 2116 imitabile
889 2055 1047 2134 quiddam:

328 2144 421 2224 lnque
445 2145 502 2206 lide
525 2143 659 2206 Theseus
678 2143 807 2223 quilibet
829 2160 895 2205 esse
918 2153 1032 2222 potest.

284 2232 349 2293 Non
373 2232 427 2293 tibi
450 2241 520 2294 sunt
543 2233 644 2294 hostes
667 2232 747 2293 ferro
771 2231 910 2311 clavaque
933 2232 1091 2316 domandi,

236 2334 270 2383 80
330 2320 387 2382 Per
411 2339 485 2400 quos
509 2323 557 2382 vix
580 2320 633 2381 ulli
655 2323 775 2400 pervius
798 2319 926 2381 isthmus
949 2328 1029 2381 erat:

286 2408 344 2470 Sed
367 2410 562 2489 praestandus
585 2426 668 2470 amor
680 2455 689 2490 ,
712 2427 762 2470 res
785 2426 845 2469 unu
868 2423 991 2488 operosa
1013 2409 1151 2475 volenti.

273 2487 279 2501 '
330 2497 403 2570 Quis
427 2497 509 2559 labor
532 2506 578 2558 est
599 2515 705 2576 puram
728 2515 788 2558 uon
811 2504 972 2558 temerasse
994 2495 1117 2560 iidem?

283 2584 362 2647 llaec
384 2585 462 2667 tibi,
486 2588 537 2665 qui
559 2594 675 2663 perstas
698 2584 895 2647 indeclinatus
918 2586 1030 2666 amico,
1154 2604 1206 2653 (un

329 2673 394 2734 Non
417 2682 463 2735 est
486 2672 564 2754 quod
588 2673 688 2754 lingua
711 2674 788 2735 dicta
812 2682 955 2752 querente
978 2679 1087 2752 putes.

666 2867 726 2939 XI.

284 3024 398 3107 Gallis,
422 3027 535 3086 crimen
559 3026 616 3087 erit
639 3027 686 3087 vix
710 3022 877 3086 excusabile
900 3024 1002 3106 nubis,

328 3114 465 3175 Carmine
488 3124 518 3175 te
541 3131 649 3176 nomen
673 3130 732 3174 non
756 3113 894 3174 babuisse
917 3131 1001 3174 meo.

284 3201 329 3263 Tu
354 3219 473 3282 quoque
496 3205 576 3263 enim
593 3235 630 3245 -
648 3204 769 3272 memini
786 3234 821 3245 -
845 3200 965 3263 caelesti
983 3203 1114 3283 cuspide
1136 3210 1206 3271 lacta

329 3289 441 3353 Fecisti
463 3291 592 3352 lacrimis
614 3289 737 3351 vulnera
761 3298 862 3350 nostra
885 3292 962 3350 tuis.

253 3378 379 3458 ndtquc
403 3381 516 3440 utinam
540 3380 617 3458 rapti
640 3380 752 3439 iactura
777 3378 874 3439 laesus
897 3379 983 3439 amici

328 3465 478 3527 Sensisses
501 3466 578 3527 ultra
592 3513 601 3545 ,
613 3465 704 3545 ‘quud
728 3483 912 3545 quererere,
934 3464 1025 3528 nihili

282 3551 347 3612 ”nn
370 3555 411 3613 ita
434 3553 479 3614 dis
501 3554 634 3634 placuit,
657 3555 762 3632 quite
785 3554 912 3632 spoliare
935 3553 1042 3633 pudica
