2467 4042
163 197 228 267 266
375 218 436 256 mx
578 200 758 259 lflf'ldllli.

251 365 328 428 Iluic
351 366 417 428 dato
431 360 451 427 f'
474 373 506 427 et
527 366 658 429 ostendit
680 368 798 447 signum
820 367 906 430 fatale
929 367 1103 432 Minervae.

294 453 373 516 bleta
390 471 495 515 manns
508 472 668 535 procerum
686 464 754 536 est,
773 456 887 535 etquid
901 456 1042 519 facundia
1055 468 1185 542 posset,

251 541 295 605 lle
311 544 429 623 patuit3
452 542 599 622 fortfsquo
620 544 677 604 riri
700 543 769 605 tulit
791 561 871 605 arma
894 543 1046 607 disertm.

250 630 380 693 Hectora
402 630 455 709 qui
477 629 558 692 solus
570 677 580 713 ,
604 633 656 710 qui
678 630 793 695 ferrum
815 634 972 712 ignemque
994 632 1169 714 lovemque

185 728 238 782 000
253 718 403 781 Sustinuit
424 719 556 799 totiens,
579 736 670 780 unam
692 736 753 781 non
775 721 903 781 sustinet
924 722 1018 784 ham:

250 805 456 885 Invictumque
478 808 575 868 nrum
598 809 690 868 vincit
712 806 817 868 dolor.
845 809 949 888 arripit
971 827 1097 892 ensem,

250 892 289 967 Et
311 890 408 957 ‘mens
430 893 479 956 hlc
502 901 583 956 certe
606 902 674 956 est.
702 912 740 957 an
763 902 794 956 et
814 894 895 956 hunc
918 894 974 956 sibi
995 900 1099 977 poscit

1049 983 1189 1050 UlIxes?

251 1066 328 1133 Iloc'
351 1073 391 1133 alt
409 1066 566 1133 ‘utendum
585 1079 632 1132 est
653 1073 685 1133 iu
707 1089 755 1133 me
777 1071 871 1133 mihi.
898 1074 1009 1152 quique
1035 1092 1156 1136 cruore

252 1158 346 1242 Saepe
364 1158 514 1240 Phrygum
532 1159 666 1242 maduit,
689 1159 899 1222 dominianus
917 1160 1006 1222 caede
1025 1162 1172 1227 madebit

184 1258 238 1310 000
250 1247 295 1308 Ne
318 1249 475 1327 qnisquam
496 1247 614 1310 Aiacem
637 1249 732 1327 possit
754 1266 896 1329 superare
918 1250 978 1310 nisi
998 1245 1107 1312 Aiax?

250 1335 330 1398 flixit
341 1383 351 1417 ,
374 1337 458 1398 etin
480 1343 588 1416 pectus
610 1344 676 1399 tum
699 1335 819 1398 domurn
840 1335 961 1398 vulnera
983 1355 1113 1418 passum

250 1422 315 1494 Qua
337 1426 434 1504 patuit
455 1425 590 1506 ferrum,
612 1423 730 1487 letalem
753 1423 885 1486 condidit
906 1442 1025 1487 ensem.

250 1510 313 1574 Nee
334 1511 453 1574 valuero
476 1529 582 1574 manus
604 1512 728 1573 infixum
750 1511 879 1575 educere
901 1512 1012 1577 telum:

218 1596 372 1681 ,Expulit
393 1603 458 1680 lpse
481 1617 593 1682 cruor,
615 1599 828 1680 madefactaque
851 1603 994 1681 sauguine
1016 1602 1112 1664 tellus

185 1700 238 1756 ati
249 1686 439 1768 Purpureum
460 1688 548 1749 vlridi
570 1690 673 1768 genuit
691 1688 728 1750 da
746 1689 875 1768 caespite
893 1689 1015 1771 florem,
1039 1703 1062 1743 ¹.
1076 1703 1187 1748 ouva.

251 1775 310 1850 um
331 1778 416 1857 prius
439 1774 559 1838 Oebalio
582 1776 681 1840 fuerat
703 1776 740 1837 de
762 1775 885 1838 vulnere
906 1784 1011 1839 natus.

250 1863 362 1926 Littera
385 1865 550 1927 communis
573 1864 682 1926 mediis
703 1882 857 1945 pueroque
880 1865 1003 1944 viroque

250 1951 396 2034 Inscripta
419 1961 465 2016 est
486 1951 586 2035 foliis,
607 1951 682 2014 haec
704 1954 854 2035 nominis,
875 1951 924 2013 illa
947 1953 1117 2032 querellae.

295 2040 397 2103 Victor
419 2041 456 2103 ad
478 2040 653 2122 hypsipyles
675 2042 800 2120 patriam
823 2040 954 2119 clarique
976 2040 1126 2105 Thoantis

184 2142 237 2193 400
250 2129 289 2192 Et
311 2138 446 2193 veterum
468 2137 563 2191 terras
586 2128 710 2190 infames
733 2128 822 2190 caede
845 2130 977 2190 virorum

251 2217 321 2280 Vela
343 2218 414 2300 dat,
436 2226 477 2280 nt
493 2217 604 2279 referat
625 2215 780 2296 Tirynthia
801 2216 882 2299 tela,
905 2219 1043 2296 sagittas.

252 2307 334 2378 Quae
347 2315 503 2387 postquam
518 2304 554 2366 ad
568 2304 693 2387 Graios,
711 2304 830 2366 domino
846 2306 1022 2386 comitante,
1040 2309 1186 2392 revexit,

251 2395 382 2474 Inposita
403 2402 450 2456 est
472 2410 540 2455 sero
559 2392 678 2454 tandem
700 2411 805 2454 marrus
827 2392 930 2455 ultima
951 2391 1046 2455 hello.

253 2482 356 2561 [Troia
383 2482 471 2544 simul
492 2482 688 2560 Priamusque
716 2482 848 2543 cadunt:
869 2480 1015 2542 Priameia
1042 2484 1186 2549 coniunx

185 2582 238 2633 ton
252 2569 384 2634 Perdidit
405 2570 508 2632 infelix
529 2570 659 2631 hominis
680 2577 749 2650 post
772 2570 870 2631 omnia
892 2569 1034 2652 formam,

251 2659 458 2738 Externasque
481 2675 557 2720 novo
579 2658 688 2719 latratu
710 2659 819 2719 terruit
841 2675 945 2738 auras,

250 2746 370 2828 Longus
392 2749 424 2808 in
447 2754 605 2827 angustum
628 2762 687 2825 qua
709 2745 857 2807 clauditur
878 2743 1126 2828 Hellespontus]

251 2835 326 2898 Ilion
349 2833 492 2917 ardebat,
515 2852 613 2913 neque
637 2833 733 2895 adhuc
756 2833 931 2895 consederat
953 2834 1049 2917 iguis,

253 2923 473 3004 [Exiguumque
495 2924 576 2983 senis
597 2920 708 2982 Priami
730 2920 807 2982 lovis
829 2938 879 2982 ara
901 2938 1040 2982 cruorem

185 3024 238 3076 010
252 3010 452 3073 Conbiberat.
480 3018 604 3072 tractata
627 3011 720 3070 comis
743 3009 874 3070 antistita
895 3005 1009 3070 Phoebi

250 3099 318 3161 Non
340 3100 526 3180 profecturas
548 3096 689 3160 tendebat
710 3096 746 3159 ad
769 3096 889 3158 aethera
911 3095 1039 3176 palmas.

251 3186 431 3249 Dardanidas
453 3193 564 3248 matres
586 3187 752 3266 patriorum
774 3186 857 3264 signa
880 3184 1023 3267 deorum,

251 3275 328 3337 Ilum
349 3275 441 3356 licet,
464 3274 634 3354 amplexas,
657 3291 858 3351 succensaque
882 3272 991 3353 templa
1013 3282 1156 3340 tenentes

251 3362 397 3424 Invidiosa
420 3361 542 3423 trahunt
563 3364 693 3423 victores
715 3363 846 3441 praemia
869 3359 955 3422 Grai.

184 3459 236 3509 415
251 3449 378 3510 Mittitur
400 3449 545 3529 Astyanax
567 3448 627 3510 illis
650 3449 688 3510 de
710 3448 867 3532 turribus,
890 3448 970 3510 unde

250 3534 435 3615 Pugnantcm
457 3553 512 3615 pro
536 3554 569 3597 sc
590 3538 783 3617 proavitaque
806 3553 897 3617 regna
919 3543 1056 3598 tuentem

1180 1212 1190 1248 f
