2467 4042
189 251 229 317 48
597 248 801 311 AMORUM

230 415 266 470 80
319 403 387 465 Sint
404 419 488 478 mea,
511 404 572 464 sint
586 403 730 464 dominae
745 405 793 463 iac
808 411 875 464 rata
888 410 961 465 vota
975 416 1080 467 meae!

273 488 350 550 Sunt
365 487 507 550 dominae
520 495 588 549 rata
602 495 676 548 vota
690 502 787 548 meae.
815 488 885 548 Mea
900 495 971 548 vota
985 505 1189 567 supersumus

316 574 369 633 Ille
384 580 467 634 tenet
481 573 625 648 palmam.
655 572 759 648 palma
777 572 910 648 peteuda
924 587 993 633 mea
1008 579 1082 637 est?

272 658 365 732 Risit,
389 663 418 717 et
432 655 546 732 argutis
562 656 709 731 quiddam
725 657 867 732 promisit
880 657 997 717 ocellis.

313 743 381 804 Hoc
395 741 471 802 satis
487 741 546 801 hic.
577 742 637 801 alio
653 747 755 801 cetera
769 740 867 801 redde
880 742 961 802 loco.

219 876 244 968 3
275 877 360 972 Esse
376 911 453 970 deos
468 909 492 984 i,
515 909 621 969 credet
644 909 750 969 Fidem
764 909 861 970 iurata
876 910 996 985 fefellit,

315 996 353 1055 Et
368 994 464 1054 iacies
479 994 522 1053 ilii
538 1009 619 1070 quae
633 994 688 1054 fuit
703 1001 788 1070 aute,
808 1002 920 1054 menet.

273 1082 370 1157 Quam
384 1081 494 1154 longos
510 1078 617 1139 habuit
632 1078 769 1139 nondum
783 1078 907 1154 periura
921 1078 1069 1154 capilloS,

316 1166 389 1224 Tam
404 1164 528 1238 longos,
551 1169 716 1238 postquam
731 1162 856 1222 numina
868 1162 972 1237 laesit,
992 1162 1098 1227 habet.

245 1249 411 1310 scandula
427 1247 592 1308 candorem
606 1262 700 1307 roseo
718 1245 837 1308 suffusa
851 1246 964 1307 rubore

315 1334 395 1393 Ante
410 1332 473 1392 luit.
502 1331 594 1391 niveo
610 1332 691 1392 lucet
705 1333 736 1392 iu
751 1346 805 1391 ore
818 1330 922 1393 rubor.

272 1418 331 1478 Pes
347 1423 412 1477 erat
426 1416 567 1492 exiguus.
599 1416 689 1490 pedis
705 1421 753 1476 est
767 1415 921 1475 artissima
936 1417 1043 1478 forma.

315 1503 421 1576 Longa
436 1500 613 1574 decensque
629 1500 695 1562 luit.
724 1501 817 1576 longa
832 1500 1009 1577 decensque
1025 1512 1144 1567 manet.

273 1590 409 1662 Argutos
423 1584 542 1657 habuit,
564 1584 686 1646 radiant
702 1591 735 1646 ut
749 1584 836 1645 sidus
855 1585 958 1659 ocelli,

234 1682 266 1735 10
318 1670 376 1730 Per
391 1686 472 1746 quos
487 1670 611 1730 mentita
627 1677 675 1731 est
689 1670 809 1745 perlida
823 1684 919 1745 saepe
934 1670 1015 1729 mlhl.

275 1753 398 1814 Scilicet
412 1760 536 1814 aeterno
553 1754 664 1814 laisum
679 1754 780 1815 iurare
794 1753 905 1829 puellis

315 1839 352 1899 Di
369 1854 494 1915 quoque
509 1839 697 1914 concedunt,
722 1840 882 1912 formaque
896 1853 1007 1898 numen
1025 1837 1132 1900 habat.

272 1923 392 2000 Perque
411 1939 486 1985 suos
505 1923 587 1982 illam
602 1938 702 1999 nuper
717 1922 836 1984 iurasse
850 1922 1000 1983 recordor

314 2008 434 2084 Perque
449 2023 535 2067 meos
551 2008 674 2080 oculos,
697 2015 728 2067 at
742 2008 868 2068 doluere
884 2006 952 2065 mei.

232 2102 265 2154 15
277 2091 389 2165 Dicite,
413 2091 460 2166 di,
482 2093 509 2150 si
523 2107 581 2153 vos
596 2092 721 2167 impunc
736 2092 885 2152 fefellerat
898 2090 963 2163 ilia,

315 2175 450 2236 Alterius
466 2174 563 2235 meriti
579 2192 634 2236 our
648 2191 706 2251 ego
724 2177 834 2236 damna
848 2175 922 2236 tulit

273 2260 389 2319 Atrion
405 2259 539 2319 invidiae
553 2259 644 2319 vobis
660 2260 795 2335 Cepheia
808 2259 895 2334 virgo
913 2266 973 2333 cst,

315 2344 373 2406 Pro
388 2344 468 2404 male
483 2344 643 2405 formonsa
658 2344 746 2405 iussa
759 2351 887 2421 parente
901 2344 999 2405 morit

273 2428 341 2490 Non
357 2425 433 2490 satis
448 2435 510 2503 est,
533 2430 618 2504 quod
633 2444 692 2489 vos
706 2428 799 2489 habui
815 2429 882 2490 sine
901 2427 1163 2507 ponderatores,

230 2523 265 2576 20
319 2513 357 2572 Et
371 2528 489 2575 mecum
504 2514 591 2574 lusos
606 2514 686 2574 ridet
701 2513 794 2573 inulta
810 2513 909 2573 deost

274 2599 313 2659 Ut
327 2614 384 2659 sua
400 2614 455 2674 per
469 2605 604 2660 nostram
619 2597 749 2658 redimat
766 2596 899 2673 periuria
914 2612 1063 2673 poenam,

315 2682 447 2743 Victima
464 2683 613 2759 deceptus
630 2681 810 2758 decipientis
826 2688 900 2743 erot

273 2770 335 2828 Aut
349 2768 416 2827 sine
430 2783 464 2827 re
477 2783 589 2828 nomen
605 2767 683 2827 deus
699 2774 761 2841 est,
781 2767 956 2842 frustraque
969 2767 1104 2831 timetur.

152 2854 156 2861 '
313 2849 352 2911 Et
367 2852 460 2911 stulta
477 2853 611 2926 populos
628 2851 805 2912 credulitate
820 2859 938 2913 movet:

231 2941 265 2995 25
276 2934 338 2993 Aut
354 2935 451 3010 siquis
469 2935 546 2995 deus
562 2943 624 3011 est,
646 2942 768 2997 teneras
784 2943 864 2996 amat
879 2935 930 2996 ille
945 2935 1078 3013 puellas,

313 3019 352 3077 Et
364 3018 489 3079 nimium
507 3020 591 3080 solas
609 3021 709 3081 omnia
726 3036 821 3096 posse
836 3021 927 3082 iubet.

273 3101 368 3161 Nobis
383 3103 502 3164 fatifero
518 3104 643 3165 Mavors
659 3105 826 3182 aecingitur
840 3121 930 3166 ense=
1043 3119 1048 3127 ·
1084 3172 1099 3197 ἢ

316 3186 380 3247 Nos
397 3189 470 3263 petit
484 3189 597 3250 invicta
611 3189 745 3252 Palladis
760 3190 849 3251 hasta
862 3208 968 3252 mauu:

273 3269 369 3332 Nobis
384 3269 537 3336 flexibiles
552 3282 717 3335 curvantur
730 3275 883 3351 Apollinis
899 3291 1004 3336 arcus:

231 3363 267 3418 30
322 3356 358 3415 ln
372 3372 430 3419 nos
446 3359 507 3422 alta
520 3360 604 3420 lovis
621 3360 748 3420 dextera
766 3361 879 3420 fulmen
897 3361 1003 3420 habau

274 3438 461 3504 Formonsas
476 3444 580 3521 superi
595 3451 731 3505 metuunt
746 3444 904 3506 offendere
918 3443 1009 3519 laesi,

315 3525 418 3602 Atque
433 3529 512 3588 ultro
531 3545 611 3605 quae
627 3544 662 3589 se
676 3545 738 3590 nou
754 3530 896 3601 timuere.
919 3530 1034 3591 timent.
