2467 4042
301 234 329 303 1,
352 230 552 295 755-772.
590 234 633 306 ll,
656 233 789 296 1-49.
998 234 1059 297 189

154 388 233 448 Arte
246 400 314 445 mea
330 392 423 461 captu
438 391 495 446 est.
518 392 583 445 arte
595 387 729 446 tenenda
742 402 812 448 mea
824 398 883 448 est.

111 472 178 531 Nee
193 470 292 530 minor
304 476 355 530 est
370 470 483 542 virtum
506 485 598 545 quam
614 486 778 546 quaerere,
802 478 890 547 parta
903 481 989 532 tuen.

157 556 256 616 Casus
272 555 353 613 inest
365 554 438 614 illio.
460 554 592 614 hoderit
606 554 679 614 artis
696 570 786 630 opus.

66 640 204 701 latinns
218 638 306 713 mihi,
329 637 500 714 siquando,
523 654 600 713 puer
613 645 644 699 et
659 638 823 715 Cytherea,
843 641 951 710 favete,

154 723 242 784 Nune
256 722 359 783 Erato.
382 737 455 783 nam
469 729 501 782 tu
515 737 628 782 nomen
643 723 757 783 amoris
770 721 878 785 babes.

111 807 226 881 Magna
240 822 333 882 paro,
357 821 439 881 quas
453 807 553 881 possit
566 810 663 868 Amor
677 822 835 867 remanere
851 824 906 884 per
921 817 1010 878 artes,

152 892 279 965 Dicere,
302 897 363 949 tam
379 897 470 951 vasto
484 907 641 966 pervagus
656 891 732 952 orbe
748 907 831 966 puer.

110 975 147 1034 Et
160 974 241 1035 levis
256 981 320 1047 est,
343 983 374 1035 et
388 974 481 1035 babet
493 974 647 1050 geminas,
671 975 782 1051 quihus
797 977 916 1049 avolet,
935 978 1015 1037 alas:

65 1070 103 1120 so
156 1059 290 1120 Difficile
309 1067 357 1120 est
370 1058 430 1119 iliis
444 1059 623 1134 inposuisse
636 1060 772 1121 modum.

112 1144 250 1219 Hospitis
265 1140 381 1219 effugio
397 1150 626 1218 praestruxerat
640 1145 743 1204 omnia
755 1144 872 1204 Minos=

150 1228 316 1288 Audacem
331 1227 434 1303 pinnis
447 1228 584 1303 repperit
598 1228 648 1288 iile
661 1229 751 1288 viam.

66 1384 70 1389 ⁵
109 1311 269 1372 Daedalus
285 1318 320 1372 ut
334 1310 446 1372 elausit
459 1319 643 1387 conceptum
658 1313 784 1374 erimine
798 1312 903 1373 matris

152 1393 415 1471 Semibovemque
429 1396 527 1457 virum
541 1396 780 1473 semivirumque
797 1396 919 1472 bovem,

64 1489 99 1539 ib
111 1478 174 1540 ‘sit
186 1478 301 1540 modus
316 1479 409 1539 exitio
416 1484 437 1553 ,'
460 1481 536 1541 dixit
550 1480 731 1541 ‘iustissime
745 1481 862 1542 Minos:

150 1563 298 1638 Accipiat
310 1563 432 1624 eineres
445 1572 527 1625 terra
540 1572 669 1640 paterna
683 1580 779 1628 meos.

107 1646 146 1707 m
160 1647 309 1722 quoniam
324 1647 355 1707 in
370 1648 482 1723 patria,
501 1648 571 1710 fatis
586 1649 719 1724 agtutus
736 1649 859 1724 iniquis,

150 1732 268 1791 Vivere
282 1746 345 1790 non
360 1732 461 1806 potui,
484 1732 525 1792 da
539 1733 612 1792 mihi
627 1747 724 1809 posse
738 1732 824 1793 niori.

107 1815 155 1875 Da
168 1815 302 1877 reditum
317 1831 430 1890 puero,
450 1816 535 1877 senis
552 1824 601 1878 est
614 1816 643 1878 si
657 1818 754 1892 mana
766 1817 851 1878 viiis=

66 1907 101 1960 eo
156 1898 267 1959 Sinon
283 1899 331 1958 vis
348 1914 443 1975 puero
458 1915 600 1975 parcere,
622 1916 716 1976 parce
730 1902 820 1963 seni’

108 1984 234 2044 Dixerat
246 1983 335 2043 haee.
373 1981 437 2044 Sed
451 1985 573 2046 ethaeo
587 1992 617 2046 et
631 1987 725 2047 multo
742 1989 829 2062 ptura
843 1987 953 2048 licebat

148 2066 272 2127 meare.
293 2081 457 2142 regressus
472 2084 535 2129 non
550 2069 643 2129 dabat
656 2071 707 2130 ilie
720 2071 797 2132 viro.

108 2151 195 2224 Quod
219 2152 311 2212 simul
327 2158 361 2212 ut
375 2151 487 2227 sensit,
508 2156 617 2229 muno,
640 2170 737 2228 nune,
759 2155 956 2227 obtundam?
979 2157 1051 2216 dixit

149 2234 324 2309 Materiam,
346 2251 408 2311 qna
422 2236 466 2296 sis
480 2235 677 2313 ingeniosus,
698 2239 806 2301 babes.

64 2328 98 2382 ³5
108 2317 254 2380 Possidet
267 2325 298 2378 et
310 2327 424 2395 terras,
447 2327 477 2380 et
490 2322 633 2397 possidet
646 2337 783 2399 aequora
795 2323 912 2384 Minos:

148 2403 214 2463 Nec
225 2403 317 2464 teitus
331 2410 470 2478 nostrae,
494 2421 552 2465 neo
565 2414 649 2481 patet
662 2408 746 2468 unda
759 2409 859 2483 togae.

108 2487 215 2547 Restat
229 2487 288 2548 iter
301 2488 389 2548 caeli.
412 2489 499 2549 eaelo
512 2491 729 2565 temptabimus
745 2492 799 2551 ire.

148 2570 197 2631 Da
211 2572 334 2631 veniam
348 2579 475 2647 ooepto,
497 2573 611 2648 iupiter
626 2577 701 2650 alte,
720 2592 805 2637 meo=

106 2656 172 2716 Non
189 2670 249 2730 ego
266 2656 405 2717 sidereas
419 2656 542 2719 adtente
559 2666 683 2734 tangere
697 2660 807 2722 sedes=

66 2750 98 2802 to
150 2738 219 2814 Qua
232 2740 346 2815 ingiam
361 2739 531 2817 dominum,
554 2744 652 2817 uuila,
674 2744 733 2804 nisi
748 2745 821 2818 ista,
845 2744 894 2804 via
909 2756 964 2806 est.

105 2822 162 2884 Per
179 2822 281 2900 Styga
295 2823 386 2885 detur
398 2825 470 2899 iter,
493 2824 618 2905 Stygias
635 2828 861 2890 transnabimus
875 2829 985 2890 undas.

147 2906 217 2967 Sint
230 2907 303 2966 mihi
319 2915 446 2969 naturae
460 2910 686 2973 innonovanda
700 2918 833 2974 meae...'

106 2992 264 3067 ingenium
283 2995 365 3052 mala
381 3008 478 3069 saepe
492 3002 627 3056 movent
661 2996 736 3072 Quis
751 2998 889 3058 erederet
903 3014 1046 3072 umquam

143 3076 259 3136 Aerias
273 3076 427 3137 hominem
442 3093 570 3154 carpere
585 3096 682 3156 posse
697 3080 786 3142 vias?

66 3171 95 3220 ts
105 3158 280 3235 Remigium
294 3162 454 3223 volucrum
469 3163 605 3240 disponit
617 3166 647 3225 in
664 3166 772 3226 ordine
786 3167 905 3241 pinnas.

142 3243 182 3304 Et
198 3244 268 3304 leve
281 3260 339 3320 per
354 3245 406 3306 tini
421 3246 544 3308 vinnula
558 3248 651 3310 neotit
665 3265 754 3325 opuS,

102 3327 229 3403 Imaque
244 3343 320 3403 pars
334 3331 414 3391 ceris
428 3331 627 3408 adstringitur
641 3335 712 3409 igne
726 3336 846 3408 solutis,

142 3411 328 3489 Finitusque
342 3430 442 3475 novae
457 3416 517 3477 iam
531 3417 621 3477 labor
635 3418 708 3480 artis
723 3427 797 3487 erat

99 3476 262 3556 Trneffibat
276 3513 442 3575 ceramque
455 3516 533 3576 puer
545 3503 720 3578 pinnasque
726 3482 892 3573 'renidens
