2467 4042
128 330 131 331 f
214 244 274 310 110
601 248 851 315 uonornos

296 399 374 475 Quid
389 400 472 462 iuvat
486 401 640 463 admotam
655 418 711 478 per
724 419 852 464 avorum
867 404 991 466 nomina
1006 408 1095 470 caelo

337 486 418 545 Inter
433 492 580 561 cognatos
597 502 693 562 posse
708 488 824 548 referre
837 489 963 550 loveml

293 568 370 628 Num
384 570 484 630 minus
500 569 659 645 infestum,
682 570 822 632 funebria
834 587 976 645 munera,
1001 573 1117 636 ferrum

252 664 287 715 20
339 652 484 714 Feminea
497 660 603 726 teneo,
626 670 689 714 non
702 670 772 715 mea
786 655 861 729 tela,
883 664 995 716 manui

296 736 463 814 trutinam,
482 737 642 813 Macareu‚
666 754 744 815 quae
759 754 817 801 nos
834 739 985 800 commisit
997 740 1030 801 in
1043 758 1149 818 uuum¹

336 822 484 883 Venisset
496 823 557 883 leto
572 823 671 883 serior
682 823 760 883 hora
774 831 859 884 meo!

295 905 354 965 Cur
367 921 513 981 umquam
528 909 598 981 plus
613 922 677 980 me,
701 907 807 982 irater,
830 922 921 983 qnam
936 909 1044 982 irater,
1066 906 1188 982 amasti¹

336 990 373 1049 ut
386 988 439 1050 tibi
454 1007 516 1052 non
531 990 623 1051 debet
639 991 723 1065 quod
737 1007 827 1052 soror
841 1006 928 1066 esse,
950 993 1013 1052 luir

251 1082 285 1134 25
297 1074 370 1149 lpsa
385 1090 510 1149 quoque
524 1074 645 1135 incalui.
668 1075 851 1152 qualemque
866 1075 974 1137 audire
987 1077 1139 1152 solebam,

336 1158 448 1219 Nescio
464 1175 555 1234 quem
570 1158 655 1220 sensi
670 1158 765 1219 corde
779 1166 901 1236 tepente
916 1161 1017 1222 deum.

293 1241 424 1318 Fugerat
438 1258 493 1303 ore
507 1244 602 1304 color.
625 1244 740 1305 macies
756 1244 926 1317 adduxerat
940 1251 1039 1305 artus:

336 1325 504 1387 Sumebant
518 1327 660 1388 minimos
675 1342 731 1388 ora
745 1336 852 1389 coacta
866 1327 968 1388 cibosz

293 1409 356 1471 Nec
370 1412 468 1472 somni
484 1411 606 1484 laciles,
631 1418 662 1472 et
675 1427 739 1472 nox
753 1419 819 1472 erat
831 1427 933 1472 annua
945 1411 1045 1488 nobis,

251 1503 286 1556 30
339 1495 377 1555 Et
390 1496 535 1570 gemitum
552 1496 636 1556 nullo
652 1498 738 1557 laesa
753 1497 860 1557 dolore
875 1494 1002 1556 dabam=

293 1579 370 1654 Nec,
391 1579 695 1654 curhaeclacerem,
718 1587 857 1655 poteram
868 1579 940 1639 mihi
951 1579 1086 1640 reddere
1098 1592 1228 1646 causum.

334 1663 397 1723 Nec
412 1678 534 1739 noram,
558 1664 633 1740 quid
647 1680 753 1724 amans
771 1671 864 1724 esset.
887 1671 918 1724 at
931 1662 1006 1724 illud
1020 1679 1118 1727 eram.

293 1747 393 1806 Prima
408 1748 520 1807 malum
534 1748 636 1809 nutrix
650 1748 751 1808 animo
768 1749 941 1823 praesensit
954 1748 1036 1821 anili,

335 1830 436 1892 Prima
449 1832 523 1892 mibi
537 1832 639 1892 nutrix
653 1833 785 1906 ‘Aeoli‚'
807 1831 884 1893 dixit
898 1833 1019 1892 ‘amas’

252 1914 426 1989 asdrubal,
447 1916 628 1992 gremioque
643 1916 744 1992 pudor
758 1916 868 1977 deiecit
884 1917 1009 1976 ocellos.
1050 1971 1053 1977 ,
1097 1960 1101 1965 -

335 2000 420 2061 Haec
435 2000 510 2061 satis
526 2001 556 2060 in
572 2001 663 2060 tacita
678 2001 766 2074 signa
782 2000 903 2060 latentis
918 2006 1012 2060 erant.

293 2084 419 2158 lamque
433 2084 644 2145 tumescebant
658 2084 753 2143 vitiati
768 2084 907 2159 pondera
920 2083 1047 2155 ventris

335 2170 502 2243 Aegraque
515 2169 659 2229 furtivum
673 2167 809 2228 membra
822 2165 970 2242 gravabat
983 2182 1075 2228 onus.

295 2251 376 2326 Quas
391 2251 464 2312 mihi
478 2268 540 2313 non
555 2252 682 2325 herbas,
705 2268 785 2328 quae
798 2267 861 2312 non
876 2248 1081 2312 medicamina
1095 2247 1200 2316 nuu'm

251 2346 285 2400 lo
337 2336 444 2398 Attulit
458 2336 567 2397 audaci
582 2335 809 2412 supposuitque
825 2351 927 2411 manu,
1022 2378 1023 2381 η

292 2420 334 2482 Ut
346 2421 467 2496 penitus
482 2420 628 2482 nostris...
644 2419 704 2480 hoc
717 2427 748 2480 te
763 2419 930 2480 celavimus
943 2434 1070 2480 unum...

334 2504 516 2564 Visceribus
532 2520 675 2564 crescens
691 2510 884 2564 excuteretur
898 2511 991 2564 onus!

292 2590 335 2649 At
358 2589 483 2649 nimium
497 2588 591 2649 vivax
605 2587 736 2648 admotis
751 2587 862 2647 restitit
874 2587 975 2648 inians

334 2672 475 2746 Artibus,
495 2679 526 2733 et
539 2678 619 2733 tecto
635 2679 716 2735 tutus
731 2670 770 2731 ab
784 2670 875 2733 hoste
889 2672 952 2732 luit.

250 2766 283 2820 45
296 2757 358 2817 lam
372 2755 502 2818 noviens
518 2763 583 2817 erat
592 2762 665 2818 orta
678 2771 768 2817 soror
782 2756 986 2832 pulcherrima
1002 2754 1131 2838 Phoebi,

335 2843 483 2916 Denaqne
497 2841 643 2901 luciferos
658 2841 744 2901 Luna
758 2841 901 2902 movebat
917 2855 1032 2916 equos=

291 2924 416 2999 Nescia,
440 2941 520 3000 quae
534 2925 649 2985 iaceret
663 2925 782 2988 subitos
796 2922 869 2984 mibi
885 2939 981 2985 causa
995 2924 1137 3002 dolores,

333 3010 371 3070 Et
387 3010 472 3070 rudis
487 3010 527 3070 ad
543 3015 648 3085 partus
662 3016 693 3070 et
707 3025 789 3070 nova
803 3011 889 3070 miles
905 3025 1000 3071 eram.

291 3095 354 3154 Nec
369 3092 450 3153 tenui
466 3109 583 3154 vocem.
618 3093 722 3168 ‘Quid’
738 3095 781 3154 ait
795 3097 860 3156 ‘tua
874 3092 1002 3155 crimina
1015 3091 1162 3169 prodier

250 3189 283 3240 50
338 3177 459 3253 Oraque
474 3176 633 3239 clamantis
649 3177 775 3239 conscia
793 3177 907 3254 pressit
919 3194 1007 3239 anus.

293 3261 372 3336 Quid
386 3262 495 3321 inciam
510 3262 636 3322 inlelixt
657 3263 786 3337 gemitus
801 3264 892 3324 dolor
905 3262 998 3325 edere
1013 3261 1105 3337 cogit

334 3345 397 3406 Sed
411 3346 502 3406 timor
515 3352 545 3407 et
558 3345 661 3407 nutrix
675 3353 706 3406 et
720 3346 822 3422 pudor
836 3348 904 3422 ipse
918 3352 1030 3406 vetant.

293 3430 439 3490 Contineo
455 3431 584 3505 gemitus
599 3430 768 3506 elapsaque
781 3429 876 3491 verba
889 3428 1052 3507 reprendo,

226 3550 232 3560 ·
333 3515 371 3574 lit
384 3529 480 3589 cogor
493 3516 634 3575 lacrimas
650 3514 815 3576 conbibere
828 3515 898 3591 ipsa
912 3530 1008 3574 meas.
