2467 4042
193 224 259 291 252
599 224 794 277 rtsronmt

218 404 269 456 666
283 391 404 470 lamque
426 389 479 452 ubi
499 389 638 450 suadebit
659 388 791 468 placidos
818 406 875 449 nox
897 389 1001 449 umida
1027 406 1174 473 somnos,

328 478 421 558 Larga
445 480 597 557 precaturi
621 480 729 538 sumite
751 479 817 538 rina
840 492 947 559 mann,

283 568 322 629 Et
344 563 438 628 ‘bene
461 584 514 627 eos
526 615 536 647 ,
558 565 635 627 bene
659 573 711 646 te,
734 569 854 714 partriapJ
869 574 976 714 66εὲ6613
1001 568 1125 647 optime

328 743 422 806 lllotte
447 740 560 805 suffuso
582 758 638 822 per
661 742 737 804 bona
760 670 972 803 verbaarerrero.

549 882 602 948 23.
624 880 651 946 F
674 879 844 946 'PER-N)

285 1008 350 1070 Nox
373 1006 425 1069 ubl
448 1010 621 1091 transierit,
646 1006 732 1069 solito
756 1008 924 1070 celebretur
946 1008 1067 1070 honere

220 1110 271 1160 646
328 1096 455 1176 Separat
477 1097 586 1157 indicio
611 1099 662 1176 qui
685 1094 759 1159 deus
782 1112 849 1158 arva
872 1114 946 1157 suo.

286 1186 447 1266 Termine,
471 1188 532 1246 sire
555 1184 652 1267 lapis,
675 1188 736 1246 sive
760 1202 792 1247 es
816 1185 950 1246 defossus
971 1186 1006 1246 in
1031 1204 1111 1265 agro

186 1282 189 1285 '
333 1273 453 1355 Stipes,
477 1272 513 1334 ab
537 1276 667 1352 antiquis
690 1283 722 1335 tn
746 1291 864 1354 quoque
886 1290 998 1334 numen
1022 1274 1142 1338 habes.

285 1361 327 1423 Te
351 1364 410 1424 dero
434 1362 550 1423 diversa
572 1362 684 1423 domini
707 1381 761 1443 pro
784 1372 868 1442 parte
891 1372 1056 1443 coronant,

331 1450 463 1529 Binaque
486 1458 566 1511 serta
589 1450 645 1511 tibi
667 1451 794 1531 binaque
817 1450 876 1511 liba
897 1450 1018 1512 lerunt.

221 1551 272 1604 646
287 1540 344 1601 Ara
367 1541 418 1600 ttt:
441 1540 500 1600 huc
523 1540 622 1618 ignem
646 1547 731 1600 curto
755 1541 813 1599 lert
833 1531 946 1600 rustica
969 1547 1053 1601 testu
1173 1555 1204 1605 to

331 1628 489 1707 Sumptum
512 1628 549 1688 de
571 1628 682 1706 tepidis
702 1628 767 1706 ipsa
790 1627 893 1689 colona
915 1628 1008 1690 loeis.

288 1716 379 1796 Ligna
403 1732 493 1776 senex
517 1716 645 1796 minuit,
669 1719 846 1795 concisaque
869 1718 1020 1777 construit
1043 1726 1136 1801 arte,

332 1804 370 1864 Et
394 1805 486 1865 solida
509 1822 607 1865 ramos
631 1804 721 1884 figere
744 1812 856 1883 pugnat
878 1805 985 1865 humo:

288 1894 363 1954 Tum
388 1895 467 1953 sicco
490 1895 601 1972 primas
624 1894 726 1963 inritat
748 1896 861 1954 cortice
884 1894 1036 1975 flammas;

222 1994 273 2046 666
334 1982 398 2041 Stat
420 2000 496 2060 puer
519 1989 549 2041 et
572 1981 708 2042 manibus
731 1981 788 2041 lata
812 1983 938 2042 canistra
963 1989 1066 2043 tenet.

287 2070 359 2131 lude
383 2070 434 2130 ubi
458 2079 504 2130 ter
526 2069 629 2148 fruges
653 2071 765 2130 medios
788 2071 909 2130 immisit
929 2071 962 2129 in
984 2071 1090 2153 ignis,

332 2158 461 2236 Porrigit
482 2160 592 2219 incisos
615 2158 674 2218 ntia
695 2174 785 2237 parva
808 2156 905 2219 laves.

288 2246 360 2306 Vina
384 2254 487 2307 tenent
510 2247 580 2307 alii:
613 2245 743 2308 libentur
765 2245 880 2325 singula
903 2246 1050 2328 llammis3

335 2335 497 2415 Spectant,
521 2342 550 2396 et
571 2332 828 2413 tingntscanuua
852 2334 938 2396 turba
961 2333 1060 2396 lavet.
1219 2414 1220 2417 Ἴ

223 2434 273 2487 666
289 2422 444 2503 Spargitur
469 2431 499 2484 et
522 2438 608 2484 caeso
631 2425 796 2484 eommunis
817 2420 977 2484 Terminus
1000 2438 1083 2502 agno
1096 2476 1107 2507 ‚
1219 2430 1220 2433 ’

333 2513 394 2572 Ν66
418 2515 575 2592 queritur,
598 2512 711 2573 laetans
734 2530 802 2573 cunt
825 2512 881 2573 sibi
904 2528 994 2592 porea
1018 2510 1136 2577 datur.

289 2602 495 2681 Conveniunt,
519 2600 729 2681 celebrantque
753 2598 842 2681 dapes
864 2602 971 2661 ricinia
994 2600 1150 2685 simplex,

332 2690 370 2749 Et
393 2698 513 2750 cantant
534 2688 659 2770 landes,
682 2686 821 2750 Termine
844 2694 944 2750 sancte
957 2735 966 2769 ,
989 2696 1080 2752 tuas:

289 2772 351 2838 ‘Tu
376 2777 500 2856 populos
520 2777 674 2858 urbesque
698 2787 728 2839 et
750 2795 840 2857 regna
862 2778 993 2857 ingentia
1015 2776 1112 2842 finis:

223 2880 274 2930 666
333 2865 437 2933 Omnis
461 2868 518 2926 erit
540 2869 604 2927 sine
629 2876 657 2928 te
680 2866 826 2946 litigiosus
849 2884 935 2946 ager.

289 2955 373 3016 Nulla
399 2955 453 3014 tibi
476 2955 596 3015 ambitio
621 2965 687 3034 est,
710 2955 790 3016 mrllo
815 2954 1017 3034 corrumperis
1040 2970 1143 3040 auro,

334 3043 475 3122 Legitima
500 3046 605 3104 servas
624 3042 735 3105 credita
758 3061 828 3104 rura
851 3043 929 3105 lide.

290 3132 379 3193 Situ
404 3136 551 3211 signasses
575 3130 645 3193 olim
669 3132 845 3211 Thyreatida
867 3140 996 3212 terram,

334 3221 464 3301 Corpora
488 3236 548 3282 uon
571 3218 631 3281 leto
654 3223 742 3281 missa
765 3229 899 3282 trecenta
922 3218 1039 3302 leserat,

223 3322 276 3373 666
291 3308 351 3371 Ν66
377 3312 452 3371 l'oret
476 3309 642 3389 Othryades
664 3312 813 3388 congestis
836 3309 931 3370 lectus
953 3312 984 3368 in
1002 3312 1127 3373 'armis

334 3398 359 3458 0
383 3410 526 3477 quantum
549 3400 661 3477 patriae
685 3400 837 3477 sanguinis
859 3397 908 3458 ille
932 3396 1030 3459 dediti

292 3485 390 3562 Quid,
415 3504 487 3545 nova
512 3502 579 3545 curn
602 3484 709 3546 fierent
731 3483 904 3565 Capitolia?
935 3502 1043 3565 nempe
1070 3486 1198 3552 deorum

335 3571 447 3631 Cuncta
470 3572 531 3633 lori
555 3577 646 3633 cessit
668 3572 778 3652 turba,
801 3573 959 3653 locumque
983 3571 1085 3637 dedit.

321 3689 331 3720 Ι
