2467 4042
609 250 812 311 AMORUM

326 405 371 464 Tu
385 405 470 479 mihi,
493 405 584 479 siqua
600 403 697 475 fides,
721 418 795 462 cura
810 405 953 478 perennis
975 404 1047 464 eris.

283 489 395 549 Tecum
412 505 492 566 quos
512 488 654 548 dederint
670 502 768 547 anuos
784 488 858 546 mihi
873 489 926 548 fila
939 506 1098 564 sororum,

325 573 441 633 Vivere
457 573 628 647 contingat,
650 578 744 646 teque
760 571 883 633 dolente
897 574 986 632 mori.

282 657 325 716 Τ1
339 656 412 716 mihi
426 658 582 716 materiem
597 656 718 715 felicem
731 656 763 714 in
781 656 916 716 carmina
930 656 1045 733 praebe

241 750 275 800 11
327 739 513 802 Provenient
527 756 624 800 causa
639 738 773 799 carmina
788 740 882 814 digna
898 758 964 801 sua.

286 825 426 885 Carmine
441 839 554 886 nomen
567 823 683 883 habeut
701 825 844 884 exterrita
859 824 1003 884 comibus
1017 825 1051 886 Io

325 909 364 969 Et
380 925 472 985 quam
487 907 635 969 fluminea
652 906 725 967 lusit
741 907 860 968 adulter
875 925 948 981 ave,

285 993 433 1068 Quaeque
447 1010 542 1068 super
556 998 684 1068 pontum
699 992 840 1054 simtdato
856 1002 946 1053 vecta
959 994 1091 1055 iuvenco

328 1078 475 1153 Virginea
489 1077 585 1139 tenuit
602 1091 718 1135 cornua
731 1091 808 1135 vara
825 1094 927 1138 manu.

242 1170 275 1223 25
285 1162 350 1221 Nos
369 1177 492 1237 quoque
509 1176 566 1236 per
579 1167 675 1221 totum
691 1159 805 1234 pariter
822 1161 1011 1223 cantabimur
1026 1161 1146 1234 orbem,

326 1246 495 1320 Iunctaque
515 1260 639 1320 semper
654 1251 741 1302 erunt
759 1245 883 1304 nomina
899 1255 1005 1307 nostra
1021 1246 1093 1307 tuis.

226 1461 253 1552 4
283 1457 345 1552 Vir
360 1499 431 1552 tuus
447 1501 495 1552 est
512 1494 620 1568 epulas
633 1493 724 1553 nobis
741 1492 882 1552 aditurus
898 1490 1034 1550 easdem.

327 1577 439 1637 Ultima
460 1592 559 1637 coena
577 1584 630 1637 tuo
647 1577 699 1652 sit,
715 1592 841 1652 precor,
862 1574 914 1635 illa
930 1575 1007 1636 viro.

284 1662 366 1736 Ergo
383 1675 441 1735 ego
458 1659 600 1721 dilectam
614 1668 731 1722 tantum
744 1660 880 1721 conviva
895 1660 1028 1734 puellam

277 1789 280 1795 ,
326 1744 507 1820 Aspiciam?
527 1744 609 1820 tangi
626 1761 717 1818 quem
731 1745 830 1818 iuvet,
852 1745 929 1803 alter
945 1744 1022 1802 eriti

255 1829 483 1904 salteriusque
498 1828 585 1889 sinus
603 1836 675 1905 apte
693 1828 831 1889 subiecta
846 1826 990 1888 fovebis?

325 1914 434 1975 Iniciet
448 1914 528 1974 coilo
546 1929 616 1973 cum
628 1914 713 1973 volet
727 1914 778 1972 ille
792 1918 936 1971 manunt

283 1997 399 2058 Desine
413 1998 530 2071 mirari,
551 1997 654 2072 posito
670 1997 754 2072 quod
773 1995 905 2055 candida
920 1995 992 2053 vino

326 2080 449 2142 Atracis
466 2081 629 2156 ambiguos
643 2081 735 2140 traxit
748 2081 779 2139 in
794 2096 879 2138 arnna
893 2079 990 2138 viros.
1067 2079 1206 2156 ssraerent:

284 2165 347 2225 Nee
367 2165 441 2224 mihi
470 2166 549 2224 silva
577 2164 703 2238 domus,
731 2181 789 2225 nec
818 2179 900 2239 equo
921 2179 991 2222 mea
1011 2164 1148 2224 membra
1167 2179 1205 2223 co

243 2262 276 2313 10
329 2249 391 2308 Vix
406 2266 426 2308 1
439 2255 470 2308 te
486 2248 595 2308 videor
611 2264 709 2324 posse
723 2257 828 2308 tenere
839 2263 959 2308 manus.

284 2334 368 2409 Quae
382 2332 436 2393 tibi
453 2332 515 2393 sint
532 2331 674 2393 iacienda
691 2341 809 2406 tamen,
832 2347 997 2406 cognosce.
1031 2347 1090 2392 nec
1106 2332 1183 2393 euris

326 2417 472 2490 Demea,
495 2433 553 2477 nec
568 2417 682 2494 tepidis
697 2415 795 2476 verba
808 2416 937 2475 terenda
952 2415 1042 2475 notis.

284 2502 366 2561 Ante
379 2502 466 2572 veni,
491 2517 582 2576 quarn
596 2501 655 2560 vir.
690 2517 748 2561 nec
765 2499 854 2574 quid,
875 2501 903 2564 si
921 2500 1044 2559 veneris
1060 2509 1147 2576 ante,

326 2584 430 2646 Possit
448 2585 512 2660 agi,
534 2585 637 2646 video.
672 2584 730 2645 sed
742 2591 844 2644 tamen
859 2584 1027 2644 anteveni.

245 2681 277 2733 15
290 2669 362 2729 Cum
378 2676 497 2744 premet
509 2670 561 2729 ille
580 2677 693 2745 torum,
714 2669 801 2729 vultu
817 2683 922 2728 comes
937 2667 1007 2742 ipsa
1021 2667 1163 2729 modesto

327 2751 405 2828 Ibis,
427 2761 459 2811 ut
474 2753 656 2829 accumbas,
679 2755 756 2813 clani
771 2751 844 2811 mihi
859 2759 952 2826 tange
966 2751 1089 2826 pedem.

285 2837 334 2895 Me
351 2843 458 2912 specta
473 2844 628 2914 nutusque
642 2854 730 2899 meos
746 2837 924 2912 vultumque
938 2836 1115 2911 loquacem:

328 2921 447 2996 Excipe
462 2922 591 2982 furtivas
608 2928 639 2981 et
654 2922 736 2981 11111
751 2921 821 2996 ipsa
842 2926 943 2981 notas.

285 3005 389 3065 Verba
403 3005 576 3081 superciliis
595 3006 662 3065 sine
678 3020 756 3066 voce
771 3005 928 3080 loquentia
943 3002 1058 3063 dicam:

244 3098 278 3149 11
329 3089 434 3149 Verba
449 3090 534 3164 leges
550 3088 668 3165 digitis,
691 3087 788 3149 verba
804 3095 908 3149 notata
925 3102 1021 3148 mero.

287 3173 361 3233 Cum
375 3172 429 3233 tibi
446 3183 605 3234 succurret
621 3174 745 3233 veneris
760 3173 888 3232 lascivia
902 3179 1038 3247 nostrae,

330 3256 502 3334 Purpureas
519 3266 625 3319 tenero
645 3257 755 3333 pollice
771 3264 864 3332 tange
877 3272 984 3332 genas.

287 3340 396 3415 Siquid
417 3344 489 3425 erit,
509 3342 549 3402 de
562 3358 611 3402 111
630 3343 720 3402 tacita
736 3340 821 3417 quod
835 3349 936 3402 mente
951 3341 1105 3417 loquaris,

327 3426 463 3487 Pendeat
479 3435 616 3488 extrema
632 3426 732 3489 mollis
748 3427 786 3486 ab
801 3442 875 3486 aure
892 3442 1009 3485 manus.

243 3510 361 3571 1501111
375 3510 430 3570 tibi
445 3528 523 3587 quae
546 3511 671 3586 faciam,
694 3527 760 3571 mea
776 3512 843 3586 lux,
867 3511 1020 3584 dicamve,
1044 3508 1206 3587 placebunt
