2467 4042
205 230 270 296 258
612 229 806 282 Fnsrosuu

337 394 398 456 lam
421 395 492 456 satis
514 399 561 455 est
582 395 678 454 virtus
700 392 884 455 dissimulata
906 390 994 455 diu.'

228 494 280 546 set
293 481 346 544 illa
368 485 468 544 iacens
490 480 527 542 ad
551 481 640 542 rerba
663 481 766 542 oeulos
789 484 853 543 sine
876 481 988 544 lumine
1014 489 1134 567 movit,

337 569 463 650 Visaque
487 587 631 631 enneussa
654 570 733 630 dicta
755 569 881 649 probare
905 589 1010 632 noma.

293 658 403 721 Fertur
424 660 457 720 in
479 660 619 737 exequias
641 660 731 719 animi
754 666 888 719 matrona
911 658 1007 721 virilis

338 747 376 808 Et
398 765 500 809 seeum
523 745 660 807 lacrimas
681 746 880 825 invidiamque
904 746 1015 807 trahit.

294 833 406 896 Vulnus
427 837 514 896 inane
538 841 640 913 patet.
682 833 794 896 Brutus
817 834 946 896 clamore
968 835 1113 906 Quirites

227 934 279 987 8⁶0
337 924 494 1003 Concitet,
518 930 548 984 et
570 924 650 1001 regis
672 922 749 984 iacta
772 921 898 984 nefanda
920 923 1034 985 refert.

293 1010 473 1091 Tarquinius
495 1029 563 1072 num
586 1010 670 1090 prole
693 1010 790 1089 iugit.
831 1014 910 1092 capit
931 1029 1032 1073 annua
1058 1015 1169 1076 consul

338 1098 429 1161 lura:
461 1097 524 1160 dies
547 1101 648 1178 regnis
670 1097 719 1159 ilia
742 1116 881 1179 suprema
903 1099 976 1163 init.

518 1235 570 1302 25.
593 1232 659 1302 ΗΟ
705 1235 757 1302 26.
781 1232 811 1301 Α
833 1232 907 1301 ElN

295 1361 458 1444 Fallimur,
481 1381 518 1424 an
540 1364 620 1424 veris
642 1364 818 1443 praenuntia
841 1364 922 1424 venit
943 1362 1080 1425 hirundo

337 1451 376 1513 Et
398 1453 525 1534 metuit,
547 1469 585 1512 ne
608 1467 667 1530 qua
689 1468 774 1512 versa
797 1458 932 1512 recurrat
955 1451 1074 1514 hiems.

227 1551 279 1603 utta
294 1539 388 1619 Saepe
411 1547 532 1621 tamen,
555 1536 693 1618 Procne,
716 1540 839 1599 nimium
858 1557 1036 1619 properasse
1062 1546 1209 1621 querens,

340 1627 449 1707 Virque
472 1637 525 1689 tue
547 1627 663 1688 Tereus
686 1628 796 1705 frigore
820 1626 914 1689 laetus
937 1629 1014 1690 erit.

487 1764 540 1830 at.
561 1762 590 1827 Β
613 1762 746 1840 EQ·N³
791 1762 843 1829 28.
867 1760 924 1830 CO

294 1891 415 1971 lamque
438 1890 513 1974 qluae
536 1898 651 1951 restant
672 1897 775 1951 noctes
798 1889 835 1950 de
858 1907 959 1951 mense
983 1894 1144 1977 seeundo,

338 1980 475 2058 Marsque
499 1980 574 2040 eitns
597 1980 707 2040 iunctis
730 1977 869 2040 curribus
891 1988 979 2059 urget
1002 1999 1120 2059 equos.

293 2067 337 2129 Ex
361 2085 431 2128 vero
453 2068 585 2146 positum
606 2068 771 2146 permansit
792 2065 930 2145 Equirria
953 2085 1085 2149 nomen,

228 2169 281 2218 860
340 2155 421 2226 Quae
445 2155 518 2217 deus
540 2157 571 2216 in
595 2153 704 2234 Campo
727 2156 873 2236 prospicit
893 2157 958 2235 ipse
981 2174 1054 2218 suo.

293 2244 362 2305 lure
385 2245 493 2325 venis,
514 2242 663 2304 Gradive:
695 2242 793 2304 laeum
816 2252 866 2304 tua
889 2251 1022 2323 tempera
1045 2259 1199 2331 poscunt,

339 2331 538 2411 signatusque
561 2339 612 2392 tuo
637 2332 756 2392 nomine
779 2332 889 2395 mensis
912 2331 1012 2394 adest.

295 2418 437 2481 Venimus
459 2421 490 2481 in
513 2427 656 2500 portum,
679 2418 755 2480 libro
779 2437 847 2480 uum
870 2437 972 2481 mense
994 2431 1144 2501 peracto.

337 2507 460 2588 Naviget
482 2507 551 2570 hine
574 2506 631 2568 alia
653 2509 712 2569 iam
734 2507 807 2569 mihi
828 2507 917 2570 linter
939 2527 1030 2588 aqua.

518 2764 658 2848 hinnu
685 2763 893 2905 TERlIUS.

293 2948 425 3029 Belitae,
447 2947 590 3030 depositis
613 2948 709 3027 clipeo
732 2949 883 3029 paulisper
906 2957 936 3010 et
959 2949 1059 3030 hasta,

337 3036 438 3120 llars,
460 3037 531 3098 ades
553 3045 585 3099 et
606 3037 715 3100 nitidas
738 3038 851 3099 casside
874 3037 956 3098 solve
978 3056 1096 3101 eomas.

295 3125 431 3188 Forsitan
454 3127 518 3206 ipse
541 3143 651 3206 rages,
674 3125 746 3206 quid
769 3128 809 3187 sit
830 3143 899 3187 enm
921 3124 1015 3188 llarte
1034 3129 1182 3205 poetae?

339 3214 364 3275 Α
387 3223 439 3290 te,
463 3216 515 3294 qni
537 3216 676 3295 canitur,
699 3215 818 3275 nomina
840 3217 952 3276 mensis
973 3214 1080 3277 habet.

263 3301 360 3383 alpse
383 3302 465 3364 vides
487 3301 623 3363 manibus
646 3305 747 3383 peragi
770 3303 832 3363 iera
854 3301 932 3363 bella
953 3302 1127 3369 Minervae:

338 3389 426 3469 Num.
439 3392 538 3452 minus
561 3392 698 3470 ingenuis
721 3390 835 3452 artibus
858 3390 908 3451 illa
930 3387 1036 3452 vacat?

295 3476 421 3550 Palladis
444 3477 576 3558 exemplo
600 3478 754 3557 ponendae
777 3487 910 3559 tempora
933 3497 1017 3541 sume

339 3559 497 3643 Cuspidis.
537 3567 671 3627 invenies
694 3575 724 3627 et
746 3565 826 3647 quud
848 3569 972 3629 inermis
993 3585 1079 3647 agas.
