2467 4042
179 204 244 269 174
585 205 636 255 EX
652 205 773 257 PONTO

311 367 461 448 Discipulo
484 369 561 447 perii
584 367 665 429 solus
689 367 726 428 ab
748 370 813 448 ipse
838 386 920 430 meo.

266 456 342 519 Dum
366 456 469 517 damus
492 473 573 516 arma
595 455 673 535 tibi,
696 456 768 517 dum
790 466 844 536 te,
871 457 1000 536 lascire,
1030 458 1197 541 docemus,

311 544 390 605 llaec
412 553 442 604 te
465 543 611 624 discipulo
636 544 712 605 dona
735 547 876 624 magister
899 544 1003 607 habet.

268 632 333 693 Scis
357 641 478 711 tamen,
501 638 535 692 ut
557 631 669 710 liquido
692 634 808 693 iuratus
832 632 931 694 dicere
953 636 1074 715 possis,

219 732 253 783 50
311 720 376 781 Nou
400 737 446 781 me
470 720 617 798 legitimos
640 718 813 782 sollicitasse
836 728 936 781 toros.

268 807 448 886 Scripsimus
471 807 544 868 baec
567 808 647 883 illis,
671 826 797 887 quarum
820 827 876 870 neo
900 811 970 869 vitta
992 810 1130 891 pudicos
1232 877 1233 884 χ

311 895 462 975 Contingit
484 897 605 977 crines,
629 913 685 957 nec
708 897 782 957 stola
804 897 892 975 longa
913 897 1023 977 pedes.

267 983 342 1065 bic,
365 1001 495 1064 precor,
518 984 671 1062 ecquando
695 984 825 1045 didicisti
848 985 949 1046 lallere
972 995 1087 1066 nuptas

311 1071 350 1132 Et
373 1071 470 1132 iacere
493 1074 641 1132 incertum
664 1089 719 1152 per
742 1090 807 1133 mea
830 1075 910 1133 iussa
934 1071 1057 1153 genus?

218 1171 252 1222 ὁὸ
267 1161 312 1221 An
335 1162 374 1220 sit
397 1159 433 1219 ab
456 1159 503 1220 his
526 1163 623 1220 omnis
644 1160 740 1239 rigide
764 1169 911 1222 summota
933 1160 1060 1244 libellis,

312 1247 406 1318 Quam
429 1247 476 1309 lex
500 1248 626 1309 furtivos
649 1257 731 1309 arcet
752 1247 863 1309 habere
888 1245 992 1310 viros?

268 1336 346 1407 Quid
369 1344 468 1397 tamen
491 1336 547 1396 boc
569 1335 715 1417 prodest,
738 1338 822 1397 vetiti
844 1338 871 1397 si
893 1336 958 1415 lege
981 1355 1092 1399 severa

311 1423 424 1485 Credon
447 1423 584 1485 adulterii
607 1426 809 1503 composuisse
833 1421 949 1485 notas?

267 1512 304 1573 at
327 1520 378 1573 tu:
401 1513 444 1573 sic
466 1511 576 1573 babeas
599 1513 748 1573 lerientes·
765 1521 873 1593 cuncta
896 1514 1034 1592 sagittas,

219 1612 254 1663 60
313 1599 362 1661 Sic
385 1618 546 1679 numquam
569 1599 672 1678 rapido
695 1599 845 1679 lampades
866 1603 935 1678 igne
958 1610 1087 1665 vacent:

268 1687 318 1749 Sic
341 1697 425 1767 regat
447 1689 606 1767 imperium
629 1696 785 1766 terrasque
808 1696 944 1749 coerceat
967 1707 1075 1751 omnes

312 1775 440 1855 Caesar,
464 1775 500 1837 ab
524 1776 623 1836 leuca
646 1786 692 1837 est
715 1778 767 1854 qui
790 1775 844 1837 tibi
867 1776 958 1838 fratre
981 1783 1073 1838 tuus:

267 1864 361 1925 Ellice
373 1910 383 1945 ,
406 1866 445 1925 sit
468 1863 552 1925 uobis
575 1882 636 1924 non
658 1862 841 1942 inplacabilis
864 1865 926 1943 ira,

312 1952 418 2032 Meque
441 1951 507 2013 loco
530 1951 620 2031 plecti
644 1951 843 2013 commodiore
867 1947 964 2013 velit?

220 2052 253 2104 oo
268 2040 348 2102 llaec
371 2058 426 2120 ego
450 2042 530 2102 visus
553 2058 635 2100 eram
657 2058 752 2120 puero
775 2040 885 2101 dixisse
908 2039 1040 2101 volucri.
1158 2059 1201 2110 (οη

313 2127 374 2189 llos
397 2130 478 2189 visus
501 2127 587 2189 nobis
609 2127 658 2188 ille
682 2127 799 2190 dedisse
822 2145 929 2189 sonos:

270 2212 344 2277 ‘Per
366 2234 431 2276 mea
455 2215 512 2277 tela
525 2262 535 2297 ,
558 2216 638 2277 laces
662 2224 692 2277 et
713 2233 768 2296 per
791 2233 856 2277 mea
879 2214 958 2297 tela,
981 2218 1134 2303 sagittas,

312 2304 370 2365 Per
393 2311 518 2366 matrem
540 2306 607 2365 iuro
631 2302 867 2382 Caesareumque
890 2311 996 2383 caput,

267 2392 315 2454 Nil
337 2394 396 2454 nisi
418 2411 593 2454 concessum
612 2409 668 2452 nos
690 2400 719 2453 te
744 2392 882 2453 didicisse
905 2394 1065 2474 magistro,

221 2494 255 2544 ἰο
314 2480 436 2542 Artibus
459 2489 490 2542 et
512 2480 626 2542 nullum
649 2483 762 2541 crimen
785 2482 883 2540 inesse
907 2482 982 2541 tuis.

268 2569 366 2650 thue
389 2569 469 2650 hoc,
492 2572 535 2631 sic
558 2572 671 2630 utinam
695 2567 854 2629 defendere
878 2576 977 2629 cetera
998 2571 1134 2646 posses!

297 2658 380 2742 ‚Scis
402 2656 503 2737 aliud,
526 2655 605 2736 quod
629 2666 659 2718 te
682 2656 821 2735 laeserit,
845 2674 933 2736 esse,
956 2658 1066 2735 magis.

270 2746 419 2825 Quidquid
437 2745 467 2806 id
486 2755 552 2826 est,
570 2763 668 2824 neque
688 2747 766 2805 enim
781 2743 869 2804 debet
883 2743 967 2805 dolor
984 2746 1050 2823 ipse
1068 2748 1200 2828 referri,

314 2834 379 2895 Non
403 2841 489 2913 potes
512 2852 528 2894 a
551 2834 638 2913 culpa
660 2833 760 2894 dicere
783 2831 886 2892 abesse
910 2840 977 2893 tua.

223 2935 255 2986 '15
271 2924 317 2986 Tu
339 2923 410 2984 licet
432 2923 543 2983 erroris
567 2921 622 2982 sub
646 2923 772 3000 imagine
796 2923 909 2981 crimen
932 2918 1120 3006 obumbres,

315 3010 380 3072 Non
403 3012 519 3090 gravior
542 3012 649 3071 merito
671 3010 796 3070 vindicis
817 3010 862 3069 ira
885 3008 958 3069 luit.

271 3099 309 3162 Ut
332 3108 430 3161 tamen
454 3101 616 3178 aspicerem
641 3096 869 3175 consolarerque
892 3099 1056 3176 iacentem,

315 3187 410 3268 lapsa
431 3206 486 3268 per
509 3190 658 3248 inmensas
681 3194 728 3248 est
750 3202 815 3245 mea
837 3186 926 3263 pinna
948 3185 1028 3244 vias.

271 3276 350 3338 llaec
373 3277 437 3336 loca
460 3285 532 3336 tunc
554 3277 684 3355 primum
707 3273 788 3356 vidi,
813 3290 881 3335 cum
904 3280 998 3333 matre
1021 3283 1156 3351 rogante

223 3375 258 3426 80
316 3365 438 3426 Phasias
461 3370 507 3425 est
529 3363 596 3425 telis
620 3364 676 3423 lixa
698 3360 796 3441 puella
819 3362 910 3421 meis.

272 3452 353 3524 Quae
377 3470 432 3513 cur
455 3469 535 3514 nuuc
557 3452 667 3512 iterum
690 3457 758 3528 post
780 3448 897 3509 saecula
919 3448 1005 3526 longa
1028 3450 1188 3534 revisam,

317 3540 362 3601 Tu
386 3540 480 3621 lacis,
504 3557 521 3598 o
546 3541 651 3601 castris
674 3539 759 3599 miles
783 3538 875 3599 amice
900 3537 990 3598 meis.
