2467 4042
437 244 483 295 v1.
500 246 648 297 tae-537:
982 241 1045 307 347

173 404 342 467 Verticibus
364 405 450 467 densi
472 405 629 484 Thybridis
651 423 704 467 ora
725 414 848 469 tenent.

129 494 229 555 Lucus
251 501 337 574 erat,
359 492 483 555 dubium
506 493 661 574 Semelae,
685 493 864 556 Stimulaene
887 501 1027 556 uocetur:

174 581 328 643 llaenadas
350 581 495 642 lemnias
517 581 677 643 incoluisse
700 584 818 644 ferunt.

64 680 117 731 505
132 669 255 740 Quaerit
277 668 313 729 ab
336 668 383 730 his
405 668 480 749 lno,
504 687 579 748 quae
598 686 670 748 gons
693 671 793 731 ferret.v
828 669 957 732 Arcadas
979 687 1045 732 esse

173 757 285 838 ludit,
307 764 339 817 et
360 755 530 818 Evandrum
551 764 669 837 sceptra
690 764 794 819 tenere
817 757 891 819 loci.

130 844 318 906 llissimulata
340 844 425 906 deam
448 843 545 906 Latias
567 844 705 909 Saturnia
728 845 854 907 bacchas

173 932 341 995 instimulat
361 933 439 994 fictis
460 931 602 994 insidiosa
625 935 730 994 sonist‘

131 1015 172 1081 ‘0
195 1021 320 1082 nimium
342 1019 464 1102 faciles,
487 1039 504 1080 o
528 1029 591 1082 toto
613 1028 735 1100 pectore
758 1018 878 1099 captae!

62 1119 116 1169 510
173 1107 239 1169 Non
262 1111 343 1170 veuit
365 1109 438 1170 haec
460 1110 571 1169 nostris
593 1108 703 1188 hospes
726 1111 818 1170 amica
841 1109 956 1170 choris.

129 1195 245 1258 Fraude
268 1198 344 1275 petit
355 1244 364 1277 ‚
387 1198 523 1277 sacrique
545 1206 630 1276 parat
652 1214 833 1277 cognoscere
855 1198 963 1257 ritum.

174 1282 239 1354 Quo
262 1286 358 1363 possit
380 1302 489 1362 poenas
511 1285 665 1364 pendere,
687 1287 794 1364 pignus
816 1278 939 1345 habet.'

130 1369 185 1430 Vix
207 1370 284 1431 bene
308 1371 457 1450 desierat,
481 1371 631 1448 complent
651 1370 813 1432 ululatibus
836 1389 923 1433 amas
1002 1420 1010 1434 .

174 1457 341 1538 Thyiades,
365 1459 466 1519 effusis
488 1474 544 1536 per
567 1475 620 1519 sua
643 1458 717 1519 oolla
738 1460 850 1539 comis,

61 1556 116 1607 515
130 1544 319 1624 iniciuntque
341 1563 468 1623 manus,
490 1563 678 1625 puerumque
700 1546 843 1607 reuellere
865 1553 1015 1626 pugnant.

174 1632 256 1704 Quos
278 1635 394 1711 ignorat
416 1632 513 1694 adhuc
525 1679 534 1713 ,
556 1635 675 1695 invocat
696 1633 746 1694 illa
768 1634 856 1695 deos:

130 1716 241 1799 ‘ilique
263 1723 379 1800 virique
402 1721 482 1803 loci,
504 1722 630 1783 miserae
654 1724 820 1784 succurrite
842 1717 962 1784 matrii’

175 1809 291 1869 Clamor
313 1808 451 1869 Aventini
473 1827 542 1869 saxa
563 1812 730 1890 propinqua
751 1811 840 1870 ferit.

128 1896 290 1976 Appulerat
311 1899 393 1976 ripae
416 1914 518 1958 vaccas
540 1896 669 1959 Oetaeus
691 1896 837 1959 Hiberas:

61 1994 116 2046 520
175 1984 264 2045 Audit
275 2031 285 2064 ,
308 1991 340 2045 et
361 1984 397 2045 ad
419 2002 522 2046 vocem
545 1988 680 2047 concitus
703 1995 790 2065 urget
811 1988 887 2048 iter.
911 1984 913 1988 ’

131 2071 268 2135 Herculis
291 2072 417 2133 adveatu
441 2090 517 2152 quae
539 2076 598 2134 vim
620 2073 709 2134 modo
732 2074 812 2134 ferre
834 2072 1007 2154 parabant,

174 2159 285 2239 Turpia
308 2160 452 2221 femineae
473 2168 558 2240 terga
580 2161 690 2222 dedere
711 2161 817 2240 fugae.

130 2242 223 2318 ‘Quid
251 2249 329 2327 petis
353 2247 424 2308 hinc
437 2242 461 2327 ,⁹
485 2281 519 2293 -
542 2257 685 2328 cognorat
711 2251 791 2309 enim
811 2281 847 2291 -
871 2245 1044 2310 ‘matertera

407 2396 409 2399 .
675 2332 809 2397 Bacchi?

172 2421 218 2482 An
240 2439 351 2483 numen
373 2421 453 2500 quod
476 2441 546 2497 me,
568 2431 599 2484 te
623 2441 743 2502 quoque
765 2419 895 2486 vexat?'
920 2426 976 2485 ait.

60 2506 183 2571 5051110
205 2508 292 2570 docet
314 2512 444 2591 partim,
466 2513 574 2590 partim
595 2514 764 2590 praesentia
787 2514 849 2573 uati

175 2594 335 2677 Continet,
358 2603 388 2658 et
411 2596 496 2658 furiis
518 2600 550 2659 in
573 2599 671 2660 scelus
693 2602 753 2660 isse
775 2598 887 2679 pudet.

129 2683 265 2764 Rumor,
287 2692 322 2745 ut
343 2692 391 2745 est
412 2683 518 2765 velox,
541 2687 657 2765 agitatis
679 2687 812 2766 pervolat
834 2686 904 2767 alis,

173 2769 286 2850 Estque
309 2773 474 2851 frequens,
496 2772 572 2855 100,
594 2791 703 2835 nomen
725 2775 756 2835 in
778 2792 832 2838 ore
853 2785 956 2837 tuum.

128 2857 251 2939 Hospita
274 2858 439 2922 Carmentis
461 2860 536 2922 lidos
557 2863 685 2923 intrasse
707 2871 829 2942 penates

58 2959 114 3009 500
172 2946 287 3009 Diceris
310 2956 342 3009 et
362 2947 480 3027 longam
503 2949 677 3029 deposuisse
700 2950 824 3011 famem.

127 3032 200 3094 Liba
222 3052 275 3096 sua
297 3044 455 3115 properata
476 3054 565 3098 manu
588 3037 721 3115 Tegeaea
743 3037 882 3099 sacerdos

172 3119 312 3183 Traditur
334 3126 366 3183 in
389 3122 487 3185 subite
510 3132 595 3186 cocta
617 3124 734 3185 dedisse
756 3125 841 3186 foco.

127 3208 214 3269 Nunc
236 3227 356 3288 quoque
377 3210 437 3273 liba
458 3213 560 3273 iurant
582 3213 666 3272 festis
688 3211 859 3274 Matralibus
881 3210 948 3273 illa.

171 3295 294 3358 Rustica
317 3298 456 3360 sedulitas
479 3302 590 3378 gratier
613 3307 677 3361 arte
699 3301 772 3362 fuit.

57 3394 113 3447 505
128 3379 230 3445 ‘Nune
243 3379 268 3465 ,'
292 3386 334 3445 ait
355 3380 389 3446 ‘o
412 3395 494 3448 vates
506 3434 516 3468 ,
538 3389 686 3449 venientia
708 3388 766 3449 fata
789 3390 924 3467 resigna,

171 3469 235 3541 Qua
257 3471 349 3536 licet.
388 3473 525 3554 hospitiis
547 3476 628 3556 hoc,
650 3493 779 3555 precor,
802 3475 875 3537 adde
899 3469 1007 3536 meis.'

126 3558 219 3621 Parva
241 3578 326 3623 mora
349 3569 416 3644 est,
439 3562 554 3624 caelum
576 3572 658 3625 vates
682 3581 716 3626 ac
738 3566 859 3625 numina
882 3564 990 3644 sumit,
