2467 4042
405 201 488 270 xiil,
507 204 664 256 eor-eso.
772 219 866 255 umas
973 197 1038 263 265
1115 194 1119 200 ’

108 365 229 429 Verum
252 368 341 428 etiam
364 382 494 431 summas
517 382 600 426 arces
623 366 735 426 intrare
759 381 871 444 suaque

28 466 90 519 848
107 454 243 536 Eripere
267 453 339 515 aede
366 453 472 535 deam»,
496 461 668 532 raptamque
696 452 812 514 adferre
835 470 890 532 per
912 446 1039 513 hostes?

111 543 202 615 Quae
226 544 284 603 nisi
307 541 466 623 iecissem,
489 541 600 603 irustra
622 540 781 603 Telamone
805 548 922 602 oreatus

110 630 270 692 Gestasset
292 628 372 690 laeva
394 637 550 690 taurorum
569 636 690 708 tergora
714 638 844 709 septem.

110 718 168 780 llla
193 725 280 779 nocte
304 717 376 779 mihi
399 716 505 778 Troiae
527 718 650 779 victoria
673 725 759 797 parta
782 726 849 778 est:

108 806 260 886 Pergama
282 813 354 868 tunc
377 805 456 885 vici,
478 823 547 866 eum
569 806 648 866 vinci
669 822 757 885 posse
781 806 880 884 coegi.

31 906 93 958 880
111 895 227 956 Desine
250 892 383 973 Tydiden
406 892 548 972 vultuque
572 900 602 954 et
625 911 779 955 murmure
803 892 889 953 nobis

112 982 277 1045 Ostentare
299 999 421 1042 meum.
448 999 518 1061 pars
541 989 588 1042 est
609 999 663 1043 sna
686 980 780 1055 laudis
803 982 835 1042 in
856 979 924 1043 illo.

110 1071 179 1133 Nec
203 1077 260 1151 tu,
283 1086 352 1131 cum
375 1070 455 1131 socia
478 1068 607 1149 clipeum
629 1086 683 1150 pro
707 1068 802 1130 classe
825 1068 965 1150 tenebas,
1070 1140 1072 1143 ¹

113 1157 207 1221 Solus
231 1174 319 1220 eras.
346 1156 401 1219 tibi
424 1157 510 1219 turha
534 1175 635 1218 comes
647 1204 657 1239 ,
679 1157 752 1218 mihi
775 1158 899 1236 contigit
921 1173 1017 1218 unus.

114 1247 178 1319 Qui
200 1247 259 1307 nisi
281 1262 447 1326 pugnacem
469 1247 561 1307 sciret
583 1247 716 1325 sapiente
740 1247 885 1306 minorem

33 1345 96 1397 888
113 1335 216 1416 Esse,
238 1351 295 1395 nec
316 1332 476 1395 indomitae
500 1333 602 1395 deberi
625 1335 755 1413 praemia
778 1333 917 1415 dextrae,

116 1423 187 1504 lpse
210 1439 329 1501 quoque
352 1421 426 1483 haec
447 1428 586 1501 peteret.
613 1430 731 1501 peteret
752 1422 932 1482 moderatior
952 1421 1039 1500 Aiax,

115 1509 348 1591 Eurypylusque
372 1510 478 1591 ierox,
501 1508 641 1589 claroque
663 1510 869 1571 Andraemone
892 1516 997 1592 natus3

115 1599 181 1660 Nec
204 1600 303 1660 minus
325 1596 525 1679 Idomeneus,
547 1600 701 1677 patriaque
725 1605 843 1659 creatus
867 1596 970 1659 eadem

116 1687 289 1768 Meriones3
311 1694 429 1765 peteret
450 1687 571 1747 maioris
594 1686 687 1747 irater
709 1685 846 1747 Atridae:

39 1787 101 1838 880
119 1776 238 1854 Quippe
259 1791 349 1835 manu
373 1774 466 1835 iortes
489 1792 545 1835 neo
567 1782 638 1836 sunt
660 1774 733 1835 mihi
754 1770 848 1834 Marte
871 1773 1013 1855 secundi,

119 1862 258 1925 Consiliis
282 1879 399 1923 cessere
422 1864 518 1923 meis.
547 1861 601 1924 tibi
625 1861 747 1922 dextera
764 1861 841 1923 hello

118 1949 228 2030 Utilis3
250 1951 403 2029 ingenium
425 1958 492 2031 est,
516 1950 595 2028 quod
617 1958 685 2029 eget
702 1950 902 2011 moderamine
921 1957 1041 2011 nostro.

118 2038 167 2100 Tu
190 2040 268 2098 uires
291 2038 356 2099 sine
379 2045 478 2099 mente
502 2039 604 2117 geris:
631 2037 703 2099 mihi
727 2056 799 2099 cura
822 2039 931 2099 loturi.

118 2126 167 2187 Tu
188 2143 321 2206 pugnare
344 2134 452 2206 potes:
474 2125 627 2205 pugnandi
649 2133 784 2206 tempora
806 2144 923 2187 mecum

43 2226 104 2278 885
118 2213 212 2294 Eligit
232 2213 370 2275 Atrides.
398 2221 432 2276 tu
453 2221 569 2278 tantum
592 2230 717 2295 corpore
740 2214 867 2296 prodes,

119 2302 183 2364 Nos
205 2304 324 2363 animo.
353 2309 522 2381 quantoque
546 2310 641 2364 ratem
665 2305 717 2382 qui
740 2311 906 2383 temperat,
930 2304 1022 2364 anteit

123 2389 257 2468 Remigis
280 2390 433 2472 cilicium,
455 2397 565 2470 quanto
589 2390 649 2451 dux
671 2391 765 2452 milite
787 2393 898 2472 maior,

119 2478 250 2543 Tantum
273 2496 327 2557 ego
350 2486 380 2540 te
404 2496 535 2558 supero.
563 2496 620 2540 nee
647 2497 707 2540 non
734 2480 914 2559 incorpore
941 2485 1044 2540 nostro

119 2566 247 2629 Pectora
270 2574 340 2628 sunt
362 2569 478 2646 potiora
500 2584 611 2648 manu3
635 2569 718 2647 vigor
741 2568 837 2628 omanis
859 2569 891 2627 in
914 2566 989 2629 illis.

48 2665 105 2717 tto
119 2654 160 2716 At
182 2671 256 2736 ros,
278 2671 296 2715 o
319 2672 483 2738 proceres,
505 2654 586 2734 vigili
608 2654 676 2717 date
698 2658 829 2735 praemia
851 2661 969 2735 restr03

119 2742 241 2821 Proque
264 2750 309 2803 tot
331 2760 475 2804 armorum
499 2760 593 2825 cura,
617 2742 726 2822 quibus
750 2745 854 2804 anxius
878 2745 942 2822 egi,

119 2828 210 2892 Hunc
232 2829 352 2891 titulum
375 2833 490 2892 meritis
511 2831 697 2910 pensandum
720 2830 835 2892 reddite
858 2833 987 2892 nostris.
1069 2826 1071 2831 ’

111 2917 184 2980 'lam
205 2915 289 2979 labor
311 2920 342 2979 in
365 2918 424 2979 llne
447 2926 515 3000 est,
538 2917 687 2979 obstantia
709 2919 769 2979 iata
790 2920 904 2980 removi
911 2964 920 2996 ,

119 3004 246 3086 Altaque
268 3024 358 3087 posse
381 3008 447 3086 capi
470 3006 603 3067 iaciendo
628 3004 792 3087 Pergama,
815 3008 899 3087 cepi.

49 3105 105 3156 878
120 3094 181 3156 Per
203 3111 272 3174 spes
294 3111 375 3156 nunc
397 3095 493 3155 socias
516 3111 679 3172 casuraque
702 3096 818 3155 moenia
840 3093 971 3170 Troum,

119 3181 240 3262 Perque
263 3182 335 3243 deos
358 3200 434 3263 oro,
457 3200 532 3261 quos
554 3181 634 3242 hosti
657 3199 754 3261 nuper
777 3182 890 3262 ademi,

120 3269 180 3331 Per
203 3268 303 3349 siquid
325 3277 486 3350 superest,
509 3269 588 3349 quod
612 3271 652 3330 sit
674 3272 824 3349 sapienter
846 3268 1010 3352 agendum,

123 3356 231 3437 Siquid
254 3355 351 3419 adhue
374 3357 469 3419 audax
492 3376 528 3418 ex
554 3359 771 3438 praecipitique
798 3356 960 3437 petendum
983 3363 1046 3436 est,

122 3443 171 3523 [Si
194 3445 300 3507 Troiae
323 3445 392 3507 latis
416 3445 526 3524 aliquid
548 3455 663 3508 restare
685 3446 797 3525 putatis
805 3443 828 3525 ,]

49 3544 107 3597 880
120 3532 195 3596 Este
218 3534 279 3595 mei
300 3532 472 3596 memores!
496 3543 547 3596 aut
569 3536 595 3596 si
618 3533 691 3595 milri
714 3550 774 3594 non
793 3532 868 3594 datis
891 3549 989 3613 arma,
