2467 4042
490 216 526 267 11.
546 217 678 269 63-135.
1047 214 1091 279 25

168 377 275 440 Ultima
299 395 346 438 me
369 377 522 457 perdunt,
544 378 664 456 imoque
689 376 745 437 sub
767 394 897 455 aequore
920 380 1029 459 mergit

105 479 156 529 100
170 467 352 530 Incolumcm
375 467 485 527 totiens
509 482 567 527 una
589 464 720 545 procella
742 473 853 527 ratem.

167 554 229 616 Nec
253 553 325 615 mihi
347 571 418 633 pars
441 554 545 615 nocuit
567 552 604 613 dc
631 554 749 632 gurgite
772 571 884 636 parva,
912 554 964 617 sed
988 573 1090 618 omncs

169 643 311 706 Pressere
334 641 392 702 hoc
414 640 524 702 fluctus
547 658 736 720 oceanusque
760 650 865 721 caput.

169 730 230 792 Gur
253 729 362 809 aliquid
387 724 475 790 vidi?
503 746 557 790 cur
580 730 668 789 noxia
690 729 801 792 lumina
824 726 908 792 ieci?

170 818 231 890 Cur
253 817 437 897 imprudenti
459 819 577 895 cognita
600 816 687 896 culpa
708 813 808 879 mihi?

106 918 154 968 105
169 906 285 967 Inscius
307 907 438 968 Actaeon
461 904 534 966 vidit
556 907 621 965 sine
644 912 726 966 veste
749 904 892 969 Dianam:

168 993 280 1056 Praeda
303 995 361 1055 tuit
382 993 506 1054 canibus
529 1011 590 1053 non
613 995 712 1054 minus
735 993 784 1053 iile
808 996 890 1055 suis.

170 1082 291 1143 Scilicet
312 1083 345 1144 in
367 1083 487 1161 superis
510 1083 599 1143 etiarn
622 1082 742 1143 fortuna
763 1081 871 1143 luenda
894 1090 957 1164 est,

168 1170 230 1232 Nec
254 1173 369 1232 veniam
390 1169 470 1231 laeso
494 1170 616 1230 numine
640 1187 728 1230 casus
749 1168 856 1231 habet.

167 1257 219 1319 llla
241 1265 343 1319 nostra
366 1257 436 1339 dic,
460 1275 518 1336 qua
542 1274 589 1317 me
612 1257 707 1320 malus
730 1256 853 1319 abstulit
874 1275 978 1339 error,

103 1358 155 1410 110
169 1345 263 1407 Parra
286 1345 406 1425 quidem
428 1347 519 1424 periit
530 1390 541 1426 ,
564 1345 617 1406 sed
641 1347 705 1406 sine
728 1345 793 1406 labe
816 1347 940 1410 domus:
1029 1393 1033 1399 .

171 1432 221 1494 Sic
245 1451 363 1514 qnoque
387 1451 477 1514 parva
499 1441 599 1494 tamen
611 1480 621 1514 ,
644 1435 740 1513 patrio
764 1434 880 1497 dicator
903 1441 938 1496 ut
958 1452 1029 1495 arvo

169 1520 254 1583 Clara
277 1539 333 1588 nec
356 1521 446 1582 ullius
469 1521 622 1582 nobilitate
645 1524 761 1603 minor,

170 1608 208 1670 Et
230 1627 328 1689 neque
352 1609 462 1671 divitiis
486 1627 542 1671 nec
564 1618 740 1690 paupertate
763 1609 909 1691 notanda3

170 1696 268 1775 [Unde
292 1699 331 1758 sit
353 1699 385 1758 in
408 1705 550 1758 neudum
573 1697 802 1778 conspiciendus
825 1714 953 1778 eques·

104 1797 155 1847 115
171 1785 204 1847 Si
226 1803 346 1865 quoque
368 1804 458 1866 parva
481 1785 587 1846 domus
610 1786 656 1847 vel
680 1804 772 1847 censu
795 1794 897 1849 nostra
920 1786 967 1849 vcl
989 1787 1090 1871 astu,]

169 1872 292 1953 Ingenio
315 1882 397 1935 certe
421 1891 481 1934 non
503 1872 575 1935 latet
596 1873 646 1934 illa
669 1892 754 1935 meo.

170 1961 236 2032 Quo
259 1961 360 2022 videar
384 1963 517 2041 quamvis
540 1963 665 2023 nimium
688 1961 864 2024 iuvenaliter
887 1981 979 2044 usus,

172 2049 289 2111 Grande
313 2059 412 2111 tamen
435 2057 497 2111 toto
521 2067 630 2110 nomen
654 2049 690 2114 ab
713 2050 786 2111 orbo
809 2052 893 2132 iero,

170 2138 330 2219 Turbaque
353 2137 510 2202 doctorum
532 2136 681 2199 Nasonem
703 2141 786 2200 novit
808 2146 839 2199 et
861 2138 951 2201 audet

106 2237 157 2287 120
170 2225 237 2287 Non
259 2226 398 2288 fastiditis
421 2225 616 2290 adnumerare
640 2227 729 2290 viris.

171 2312 292 2376 Corruit
314 2313 387 2375 haec
409 2315 501 2393 igitur
524 2313 617 2375 Musis
640 2321 761 2395 accepta
773 2360 783 2396 ,
805 2313 861 2378 snb
885 2333 964 2397 uno,

171 2400 230 2462 Sed
253 2420 314 2466 non
338 2403 445 2481 exiguo
469 2403 593 2464 crimine
614 2401 697 2483 lapsa
709 2448 719 2484 ,
742 2402 866 2468 domus:

169 2490 267 2566 Atque
291 2506 326 2550 ea
347 2491 391 2549 sic
413 2489 495 2569 lapsa
518 2498 587 2572 cst,
614 2499 648 2552 ut
670 2507 817 2573 surgere,
839 2492 866 2552 si
888 2490 976 2553 modo
999 2491 1071 2554 laesi

171 2576 377 2640 Ematuruerit
399 2576 533 2641 Caesaris
555 2581 622 2661 ira,
645 2588 752 2657 queatz

106 2676 157 2726 125
173 2664 265 2728 Cuius
288 2668 319 2727 in
342 2670 451 2728 eventu
474 2685 587 2747 poenae
610 2667 768 2732 clementia
790 2675 871 2732 tanta
894 2677 959 2750 est,

171 2753 293 2817 Venerit
316 2762 351 2817 ut
372 2764 475 2817 nostro
497 2755 593 2818 lenior
615 2755 665 2818 illa
687 2764 787 2820 metu.

170 2841 237 2904 Vita
259 2844 326 2905 data
349 2850 396 2905 est
407 2889 417 2924 ,
440 2845 573 2922 citraque
596 2862 703 2906 necem
724 2853 777 2908 tua
798 2845 934 2906 constitit
955 2846 1018 2926 ira,

171 2929 196 2991 0
219 2933 360 3010 princeps
382 2947 473 3008 parce
496 2930 610 2992 viribus
634 2949 687 2996 use
711 2930 787 2994 tuis!

170 3016 297 3095 Insuper
319 3018 487 3099 accedunt,
510 3027 539 3079 te
562 3037 624 3080 non
647 3019 794 3084 ammento
806 3066 817 3100 ,
838 3027 1000 3099 paternae,

105 3115 157 3165 130
171 3104 334 3183 Tamquam
355 3107 415 3165 vita
436 3123 542 3183 parum
566 3109 699 3168 muneris
721 3113 824 3181 essct,
847 3124 937 3184 opes.

170 3190 233 3251 Nec
256 3209 322 3252 mea
345 3191 465 3253 decreto
489 3192 636 3254 damnasti
658 3194 734 3256 iacta
757 3201 897 3274 senatus,
979 3217 982 3224 ¹

170 3278 233 3340 Nec
255 3298 322 3341 mea
344 3280 455 3340 selecto
477 3280 577 3343 iudice
599 3283 681 3344 iussa
703 3281 773 3360 iuga
795 3289 859 3343 est:

171 3366 322 3429 Tristibus
345 3371 481 3429 invectus
503 3368 602 3430 verbis
624 3400 663 3412 -
688 3371 729 3430 ita
751 3371 887 3450 principe
910 3369 1032 3448 dignum
1051 3402 1094 3414 —-

172 3454 257 3520 Ultus
281 3474 314 3517 es
338 3458 466 3518 otl'ensas
478 3502 488 3537 ,
511 3465 546 3518 ut
567 3457 655 3518 decet
667 3504 676 3538 ,
699 3460 763 3538 ipse
787 3466 872 3519 tuas.

104 3554 156 3605 155
170 3544 276 3625 Adde,
300 3546 379 3625 quod
403 3545 534 3608 edictum
546 3591 556 3625 ,
579 3548 713 3626 quamvis
735 3548 849 3609 immite
872 3547 1047 3628 minaxque,
