2467 4042
441 228 477 281 IL
495 231 653 280 111121-v
668 231 710 281 57.
1014 226 1079 292 153

160 391 343 469 Ingenioque
365 408 455 472 meo,
477 409 553 454 vena
576 390 655 470 quod
677 407 808 470 paupere
831 399 948 471 manat,

203 478 345 556 Plaudis,
369 488 400 540 et
422 498 438 539 e
462 481 526 540 rivo
548 479 672 540 llumina
693 495 798 556 magna
821 479 912 540 lacis.

160 566 249 628 Grata
272 567 392 645 quidem
415 576 486 629 sunt
508 567 581 629 haec
604 569 702 628 animo
726 567 865 645 suffragia
886 573 1006 647 nostro,

204 654 258 716 Vix
282 653 340 716 sibi
362 672 431 717 cum
453 657 579 717 miseros
601 673 690 736 posse
712 654 828 734 placere
851 662 956 734 putas.

111 754 145 804 25
160 742 238 804 llum
260 750 360 804 tamen
382 745 414 803 in
437 743 528 804 rebus
551 745 731 823 temptamus
754 745 884 804 earmina
906 744 1021 824 paruis,

203 831 343 892 Materiae
367 827 471 909 gracili
493 831 604 893 sufficit
626 833 795 911 ingenium:

158 918 284 1001 Nuper,
306 927 341 980 ut
362 919 422 980 huc
444 922 543 999 magni
564 921 702 999 pervenit
723 919 799 980 lama
822 918 983 999 triumphi,

203 1008 303 1069 Ausus
325 1026 393 1068 sum
416 1015 514 1068 tantae
537 1024 657 1069 sumere
679 1007 766 1068 molis
788 1024 880 1085 opus.

159 1093 268 1168 Obruit
289 1095 448 1158 audentem
471 1113 572 1156 rerum
596 1097 783 1175 gravitasque
806 1097 963 1176 nitorque,

110 1197 145 1244 30
203 1183 265 1246 Nec
288 1186 373 1263 potui
396 1185 494 1262 coepti
516 1182 649 1262 pondera
671 1184 750 1245 lerre
774 1185 849 1244 mei.

159 1271 223 1332 lllic
247 1289 335 1351 quam
358 1271 461 1336 laudes
473 1318 482 1352 ,
506 1274 564 1332 erit
586 1272 718 1332 olticiosa
741 1270 894 1334 voluntas:

207 1359 312 1420 Cetera
335 1361 459 1422 materia
482 1358 633 1420 debilitata
655 1362 770 1421 iacent.

160 1445 219 1517 Qui
242 1449 268 1507 si
291 1447 368 1508 forte
390 1446 467 1508 liber
490 1456 604 1509 vestras
626 1450 762 1527 pervenit
785 1446 821 1508 ad
843 1464 949 1527 aures,

204 1533 363 1615 Tutelam,
385 1534 515 1615 mando,
538 1538 648 1597 sentiat
668 1535 718 1597 ille
742 1543 837 1596 tuam.

111 1632 145 1682 35
159 1619 223 1683 Hoc
246 1622 302 1683 tibi
324 1624 462 1704 lacturo,
485 1623 531 1684 vel
554 1626 580 1684 si
602 1642 662 1684 non
685 1626 750 1704 ipse
772 1640 927 1701 rogarem,

203 1710 333 1772 Accedat
355 1709 493 1772 cumulus
516 1713 609 1791 gratia
632 1721 734 1774 nostra
756 1711 847 1772 levis.
874 1719 876 1723 '

159 1796 225 1858 Non
250 1817 305 1878 ego
327 1798 511 1879 laudandus,
534 1799 587 1860 sed
610 1810 681 1864 sunt
703 1808 754 1862 tua
777 1807 917 1879 pectora,
940 1798 1015 1859 lacte
1035 1811 1079 1863 (54)

203 1885 242 1947 Et
264 1904 324 1948 non
347 1886 459 1949 calcata
481 1887 651 1949 candidiora
673 1890 758 1950 nive:

160 1973 336 2054 Mirarisque
360 1975 434 2037 alios
446 2021 456 2056 ,
479 1994 548 2039 cum
571 1978 613 2037 sis
636 1976 779 2038 mirabilis
801 1978 886 2057 ipse,

110 2074 145 2124 40
204 2062 266 2124 Nec
288 2063 400 2126 lateant
421 2072 501 2124 artes
524 2062 735 2144 eloquiumque
758 2073 861 2126 tuum.

160 2150 203 2212 'le
226 2154 366 2214 iuvenum
391 2154 553 2231 princepe,
576 2155 626 2213 cui
649 2151 699 2213 dat
722 2152 878 2213 Germania
900 2169 1026 2233 nomen,

203 2238 381 2319 Participem
405 2240 496 2301 studii
519 2240 627 2301 Caesar
649 2240 759 2301 habere
783 2240 875 2301 solet.

161 2326 207 2388 Tu
231 2345 331 2389 comes
354 2330 519 2408 antiquus,
542 2337 575 2389 tu
598 2331 703 2408 primis
725 2331 846 2390 iunctus
869 2328 905 2389 ab
929 2330 1013 2389 annis

205 2414 327 2493 lngepio
350 2434 449 2478 mores
471 2418 683 2496 aequiperante
706 2416 822 2495 places.

110 2513 145 2564 lt
159 2502 202 2564 Te
226 2503 342 2565 dicente
366 2507 450 2584 prius
477 2506 511 2566 fit
533 2508 671 2585 protinus
692 2507 822 2583 impetus
844 2504 903 2565 illi:

207 2589 309 2670 Teque
332 2592 443 2673 habet,
467 2593 567 2655 elicias
590 2596 642 2672 qui
665 2612 718 2655 sua
742 2593 830 2654 verba
852 2594 929 2654 tuis.

161 2677 235 2741 Cum
258 2688 291 2741 tu
314 2680 418 2742 desisti
441 2681 634 2761 mortaliaque
658 2699 709 2743 ora
732 2684 895 2762 quierunt,

204 2767 354 2848 Tectaque
378 2787 438 2832 non
461 2770 547 2850 longa
570 2773 742 2832 conticuere
765 2788 867 2849 mora,

162 2856 265 2936 Surgit
286 2857 368 2920 luleo
391 2860 508 2920 iuvenis
530 2862 705 2939 cognomine
729 2859 854 2938 dignm,

110 2955 145 3005 50
204 2945 305 3015 Qualis
328 2946 366 3007 ab
388 2948 452 3008 eois
475 2946 581 3007 lucifer
604 2957 689 3009 ortus
712 2950 814 3025 aquis.

160 3031 296 3110 Dumque
320 3033 412 3094 silens
434 3034 553 3112 adstat,
579 3043 675 3096 status
703 3044 750 3094 est
776 3033 935 3111 vultusque
959 3030 1080 3112 diserti,

206 3118 355 3200 Spemque
379 3121 489 3182 decens
512 3119 615 3182 doctae
638 3123 720 3182 uocis
743 3123 869 3183 amictus
891 3118 997 3182 habet.

162 3207 252 3287 Mox,
275 3206 327 3269 ubi
350 3208 435 3286 pulsa
453 3226 536 3268 mora
554 3216 600 3269 est
619 3216 707 3287 alque
730 3226 765 3268 os
784 3206 910 3269 caeleste
933 3206 1080 3290 solutum,

206 3295 269 3356 lloc
292 3313 419 3374 superos
441 3298 524 3357 iures
546 3314 630 3357 more
653 3295 749 3357 solere
772 3295 871 3376 loqui,

115 3392 148 3445 55
163 3384 260 3462 Atque
284 3380 373 3446 ‘haec
396 3379 457 3446 est'
481 3383 562 3445 dicas
586 3380 738 3447 ‘facundia
760 3386 896 3464 principe
919 3384 1036 3465 digna':

203 3471 330 3553 Eloquia
353 3480 468 3535 tantum
491 3471 653 3535 nobilitatis
675 3475 769 3535 inest.

160 3559 237 3623 Huic
260 3570 294 3623 tu
317 3580 386 3624 curn
408 3562 525 3644 placeas
547 3572 578 3626 et
599 3564 711 3625 vertice
734 3562 831 3624 sidera
853 3571 973 3643 tangas,
