2467 4042
570 238 741 289 TRISTIUM

468 426 607 509 LIBER
635 427 843 513 TERTIUS.

644 610 673 688 I.

243 748 362 815 ‘Missus
384 754 416 814 in
438 751 515 813 banc
538 754 624 813 venio
648 752 773 834 timide,
799 750 876 815 liber
898 752 1017 835 exulis,
1039 754 1176 821 urbem:

242 839 285 902 [la
306 839 451 922 placidam
474 841 575 920 fesso,
597 839 692 903 lector
715 842 830 922 amice,
854 858 991 924 mannm;

242 928 321 989 Neve
345 929 527 1010 reformida,
549 946 587 990 ne
611 931 668 990 sim
690 928 745 990 tibi
768 929 844 990 forte
867 929 994 1009 pudoris

242 1015 347 1079 Nullus
369 1019 401 1077 in
423 1017 479 1078 hac
502 1016 605 1078 charta
627 1035 733 1080 versus
755 1035 853 1080 amare
876 1017 980 1079 docet.

211 1104 321 1165 ellaeo
345 1105 456 1166 domini
478 1106 598 1166 fortuna
620 1108 681 1166 mei
703 1113 771 1186 est,
793 1113 828 1166 ut
850 1105 957 1167 debeat
978 1105 1058 1169 illam

241 1192 346 1255 Infelix
370 1193 459 1255 nullis
482 1193 669 1255 dissimulare
691 1195 787 1256 iocis.‘

241 1280 275 1341 ld
299 1299 441 1362 qnoque,
464 1281 544 1361 quod
562 1282 649 1343 viridi
668 1282 818 1361 quondam
836 1281 911 1343 male
934 1281 1006 1346 lusit
1023 1284 1055 1343 in
1074 1301 1175 1368 aevo,

241 1366 307 1430 Heu
330 1372 455 1430 nimium
478 1368 568 1431 serol
592 1369 711 1431 damnat
734 1379 764 1431 et
786 1369 849 1432 odit
872 1388 965 1450 opus.

241 1456 380 1537 Inspice,
404 1458 475 1537 quid
497 1458 636 1538 portem!
669 1458 743 1520 nibil
769 1458 819 1519 hic
842 1459 900 1520 nisi
922 1460 1008 1520 triste
1030 1459 1156 1525 videbis

195 1555 227 1604 ιο
242 1544 377 1607 Carmine
400 1546 585 1626 temporibus
607 1548 802 1608 conveniente
826 1549 905 1608 suis.

242 1632 351 1694 Claude
374 1635 454 1712 quod
477 1635 591 1696 alterno
614 1634 774 1696 subsidunt
796 1636 927 1696 carmina
949 1653 1056 1717 versu,

241 1720 293 1781 Vel
315 1720 400 1801 pedis
423 1721 480 1784 boc
504 1725 602 1802 ratio,
625 1723 672 1783 vel
694 1725 740 1783 ria
762 1722 849 1801 longa
872 1724 957 1803 laeit3

241 1809 327 1880 Quod
350 1828 448 1890 neque
472 1828 539 1872 sum
561 1810 651 1871 cedro
674 1810 768 1874 ssavus
791 1829 847 1872 nec
869 1812 987 1890 pumice
1009 1810 1106 1895 levis,

240 1896 356 1958 Erubui
379 1898 498 1959 domino
521 1898 630 1961 cultior
653 1916 719 1960 esse
743 1916 829 1979 meo;

194 1995 226 2045 to
241 1984 352 2047 Littera
375 1988 502 2047 sullusas
526 1987 605 2066 quod
628 1986 718 2049 habet
740 1986 888 2048 maculosa
910 1986 1032 2068 lituras,

239 2072 339 2135 Laesit
361 2092 436 2154 opus
459 2074 588 2136 lacrimis
611 2077 676 2155 ipse
699 2082 786 2155 poeta
808 2092 913 2135 suum.

242 2161 332 2241 Siqua
355 2162 534 2225 videbuntur
557 2181 628 2225 casu
651 2180 712 2223 non
736 2163 813 2224 dicta
835 2161 957 2245 Latine,

240 2249 275 2310 ln
298 2268 356 2329 qua
378 2250 549 2332 scribebat,
572 2250 698 2312 barbara
720 2259 801 2311 terra
824 2251 898 2312 luit.

240 2337 357 2421 Dicite,
380 2338 531 2422 lectores,
554 2341 580 2401 si
603 2357 662 2400 non
686 2357 774 2418 grave
786 2386 796 2420 ,
820 2357 877 2418 qua
900 2340 940 2399 sit
961 2337 1116 2422 eundum,

193 2436 226 2486 20
241 2425 502 2506 Quasquepatam
525 2427 611 2490 sedes
635 2426 744 2507 hospes
766 2429 798 2488 in
820 2426 900 2487 Urbe
923 2421 1027 2487 liber?

240 2513 319 2575 Haeo
342 2514 394 2576 ubi
417 2535 484 2577 sum
507 2516 609 2577 furtim
631 2514 732 2593 lingua
753 2514 901 2577 titubante
923 2514 1059 2597 locutus,

241 2602 299 2673 Qui
321 2602 395 2664 mihi
417 2611 619 2684 monstraret,
642 2605 691 2663 vix
714 2604 771 2665 luit
794 2621 894 2685 unus,
916 2604 992 2665 iter.

241 2686 288 2751 ‘lli
311 2690 365 2752 tibi
388 2691 481 2774 dent,
504 2699 607 2753 nostro
631 2690 710 2771 quod
734 2709 794 2752 non
816 2690 949 2753 tribuere
972 2698 1094 2772 poetae,

240 2778 367 2839 Molliter
390 2781 422 2839 in
444 2782 539 2859 patria
561 2782 660 2841 vivere
684 2797 771 2859 posse
795 2778 863 2842 tual

191 2877 226 2926 25
240 2864 304 2927 Due
323 2865 398 2945 agel
422 2885 548 2947 namque
568 2886 695 2950 sequar,
716 2869 849 2947 quamvis
867 2877 1008 2947 terraque
1026 2870 1172 2950 marique

239 2954 414 3034 Longinquo
438 2957 565 3018 referam
587 2956 683 3018 lassus
706 2955 742 3017 ab
766 2955 838 3017 orbe
861 2955 967 3035 pedem
977 2950 997 3018 .’

240 3043 343 3104 Paruit
355 3091 364 3125 ,
388 3051 418 3105 et
441 3045 553 3106 ducens
577 3040 668 3107 ‘llaec
691 3052 763 3106 sunt
784 3045 849 3105 lora
872 3042 1006 3106 Caesaris
1014 3038 1035 3125 ,'
1063 3046 1173 3125 inquit

240 3127 332 3193 ‘llaec
355 3140 402 3193 est
424 3151 441 3193 a
464 3135 555 3195 sacris
579 3151 655 3212 quae
678 3134 724 3194 via
747 3149 855 3193 nomen
878 3130 984 3212 hebet,

239 3219 294 3280 llic
317 3219 401 3282 locus
424 3229 470 3281 est
492 3220 622 3303 Vestae,
649 3223 702 3301 qui
723 3219 841 3281 Pallade
864 3228 964 3281 servat
991 3227 1021 3281 et
1043 3221 1170 3303 ignem,

191 3319 225 3369 30
239 3307 319 3369 Haec
342 3309 399 3369 luit
421 3310 535 3388 antiqui
558 3311 639 3388 regia
661 3326 751 3388 parva
773 3309 886 3372 Numae
895 3303 916 3369 .'

238 3395 310 3456 lnde
333 3404 439 3476 petens
462 3396 596 3458 dextram
619 3393 719 3458 ‘Porta
744 3392 802 3459 est'
825 3398 867 3458 ait
889 3391 958 3457 ‘ista
980 3394 1091 3476 Palati,

239 3483 295 3542 llio
319 3482 440 3564 Stator,
463 3485 520 3545 boc
543 3485 673 3564 primum
697 3485 814 3547 condita
837 3485 928 3546 Roma
952 3484 1016 3546 loeo
1040 3478 1119 3545 est?

239 3568 361 3647 Singula
383 3570 454 3631 dum
477 3574 592 3652 miror,
615 3572 700 3633 video
724 3571 905 3651 lrrlgentibus
929 3575 1019 3634 armis

1166 1512 1177 1546 t
