2467 4042
383 245 422 307 8
1204 243 1613 307 AMORUM

635 395 844 457 Verba
875 397 979 461 dat
1007 396 1068 456 in
1100 403 1317 457 ventos
1350 413 1498 458 aure
1525 399 1775 474 repulsa
1803 405 1949 463 tua?

546 482 657 554 At,
704 480 978 558 memini,
1021 483 1252 558 primo,
1300 496 1439 542 cum
1470 489 1529 543 te
1568 483 1768 543 celare
1800 482 2113 560 volebam,

631 565 894 641 Pervigil
923 566 985 625 in
1017 566 1262 627 mediae
1289 565 1497 627 sidera
1528 567 1728 628 noctis
1762 583 1919 628 eras,

465 660 530 713 45
552 649 833 711 Forsitan
868 656 929 711 et
954 656 1158 711 tecum
1190 655 1295 710 tua
1311 666 1487 711 nunc
1513 651 1847 727 requiescit
1880 653 2094 714 amica.

629 735 795 808 Heu,
843 734 1060 797 melior
1088 740 1315 811 quanto
1352 750 1491 796 sors
1528 741 1633 797 tua
1661 743 1827 798 sorte
1854 744 2022 799 meat

546 820 891 881 Dummodo
923 819 1045 893 sic,
1093 820 1155 880 in
1190 834 1290 879 me
1322 819 1511 880 durae
1547 821 1800 882 transite
1831 828 2111 882 catenae!

627 905 931 980 Tempora
959 905 1159 965 noctis
1192 910 1354 965 eunt.
1415 911 1635 964 excute
1661 912 1843 981 poste
1879 914 2110 966 seram!

543 988 858 1064 Fallimur,
905 1005 983 1048 an
1012 1004 1197 1051 verso
1229 994 1568 1049 sonuerunt
1598 989 1845 1050 cardine
1876 997 2125 1066 postes,

460 1083 529 1134 50
632 1074 971 1149 Raucaque
1000 1087 1346 1134 concussae
1372 1072 1550 1147 signa
1581 1072 1811 1133 dedere
1840 1074 2005 1135 fores
2023 1081 2053 1134 9

541 1157 844 1218 Fallimur.
896 1157 1142 1234 inpulsa
1173 1163 1271 1217 est
1297 1155 1578 1218 animoso
1610 1156 1795 1218 ianua
1821 1165 2027 1219 vento.

624 1241 696 1301 Ei
725 1241 902 1318 mihi,
935 1258 1116 1318 quam
1152 1242 1338 1316 longe
1371 1257 1547 1318 spem
1581 1243 1715 1302 tulit
1742 1258 1894 1304 aura
1919 1251 2149 1303 meam!

542 1324 608 1386 Si
638 1327 789 1386 satis
817 1342 888 1388 es
923 1325 1169 1402 raptae,
1213 1324 1446 1400 Borea,
1492 1341 1727 1387 memor
1756 1324 2096 1404 Orithyiae,

624 1411 758 1472 Huc
788 1412 971 1485 ades,
1020 1418 1080 1472 et
1112 1409 1338 1470 surdas
1379 1409 1627 1471 flamine
1658 1411 1849 1472 tunde
1879 1411 2049 1471 foris.

454 1501 522 1555 55
544 1494 712 1555 Urbe
741 1495 924 1557 silent
951 1501 1107 1568 tota,
1154 1495 1483 1570 vitreoque
1522 1494 1831 1557 madentia
1859 1509 1999 1555 rore

405 1600 471 1613 κ
622 1581 928 1656 Tempora
955 1579 1155 1641 noctis
1187 1586 1351 1643 eunt.
1403 1585 1622 1641 excute
1652 1583 2092 1656 poste‘seram,

540 1663 667 1725 Aut
697 1680 813 1740 ego
838 1664 960 1725 iam
995 1664 1285 1740 ferroque
1312 1663 1562 1740 ignique
1594 1663 1868 1740 paratior
1894 1663 2065 1740 ipse,

625 1748 816 1823 Quem
847 1750 984 1810 face
1013 1749 1321 1820 sustineo,
1365 1754 1525 1808 tecta
1555 1747 1825 1825 superba
1852 1754 2073 1825 petam.

536 1832 675 1893 Nox
705 1840 766 1895 et
795 1834 992 1894 Amor
1018 1834 1355 1908 vinumque
1386 1831 1534 1893 nihil
1566 1832 1943 1898 moderabile
1973 1832 2271 1896 suadenti

450 1923 519 1978 60
625 1917 736 1978 Illa
766 1918 1009 1995 pudore
1036 1925 1249 1992 vacat,
1291 1916 1476 1977 Liber
1510 1916 1830 1994 Amorque
1855 1924 2038 1978 metu.

535 2000 752 2062 Omnia
787 2002 1167 2078 consumpsi.
1228 2016 1345 2060 nec
1374 2008 1434 2061 te
1468 2002 1884 2077 precibusque
1912 2002 2224 2079 minisque

618 2085 962 2161 MovimuS,
1009 2103 1046 2148 o
1081 2085 1318 2147 foribus
1351 2085 1559 2146 durior
1586 2085 1723 2162 ipse
1753 2087 1918 2148 tuis?

531 2170 665 2228 Non
696 2177 757 2231 te
791 2171 1102 2233 formosae
1136 2169 1342 2230 decuit
1370 2185 1626 2230 servare
1655 2171 1896 2246 puellae

621 2253 871 2316 Limina.
931 2253 1196 2316 sollicito
1227 2269 1478 2315 carcere
1511 2254 1735 2330 dignus
1772 2270 1931 2316 eraS.

449 2348 517 2400 5⁴5
545 2340 792 2415 Iamque
823 2340 1156 2416 pruinosos
1186 2337 1432 2398 molitur
1455 2338 1702 2401 Lucifer
1734 2355 1917 2414 axeS,

621 2424 811 2498 Inque
841 2440 1021 2486 suum
1050 2423 1313 2484 miseros
1343 2421 1570 2485 excitat
1606 2423 1737 2485 ales
1770 2439 1949 2501 opuS.

537 2512 617 2568 :tt
643 2514 736 2582 tu,
779 2525 903 2571 non
933 2508 1110 2571 laetis
1143 2507 1417 2569 detracta
1449 2508 1680 2570 corona
1712 2508 1984 2585 capilliS,

617 2592 782 2653 Dura
803 2609 996 2671 super
1020 2599 1148 2655 tota
1173 2593 1383 2653 limina
1412 2597 1592 2653 nocte
1622 2591 1774 2653 iace.

533 2680 617 2736 Tu
648 2677 965 2756 dominae,
1014 2694 1152 2741 cum
1173 2684 1234 2738 te
1265 2675 1600 2754 proiectam
1628 2692 1809 2737 mane
1838 2676 2100 2755 videbit,

449 2768 510 2820 'fo
621 2760 938 2838 Temporis
968 2762 1278 2839 absumpti
1304 2768 1428 2822 tam
1457 2762 1617 2823 male
1642 2761 1818 2823 testis
1850 2762 1992 2823 eris.

537 2847 1033 2923 Qualiscumque,
1079 2847 1256 2922 vale,
1304 2845 1588 2922 sentique
1619 2845 1900 2908 abeuntis
1930 2846 2262 2925 honorem,

615 2931 832 3005 Lente,
870 2948 986 2994 nec
1022 2932 1299 2994 admisso
1328 2930 1522 3007 turpis
1559 2938 1861 2993 amante...
1892 2933 2060 2993 vale!

533 3016 660 3076 *asos
696 3031 974 3100 quoque,
1011 3016 1295 3078 crudeles
1325 3015 1525 3092 rigido
1558 3031 1694 3077 cum
1723 3014 1929 3077 limine
1961 3023 2211 3094 posteS,

614 3100 906 3176 'Duraque
936 3116 1282 3163 conservae
1311 3100 1507 3176 ligna,
1537 3102 1767 3176 valete,
1800 3101 1986 3162 foreS.

411 897 494 924 N

425 3232 473 3320 ῗ
537 3232 724 3326 Adde
763 3282 982 3327 manus
1011 3267 1071 3326 in
1101 3268 1307 3327 vincla
1334 3283 1579 3342 meaS‚..
1610 3283 1890 3329 meruere
1919 3274 2239 3330 catenas...

613 3350 769 3410 Dum
805 3349 974 3412 furor
1003 3350 1201 3413 omnis
1225 3350 1380 3426 abit,
1414 3351 1611 3428 siquis
1643 3352 1878 3414 amicus
1909 3353 2083 3413 ades.

529 3436 675 3493 Num
709 3434 882 3495 l'uror
920 3434 981 3495 in
1016 3434 1328 3497 dominam
1357 3437 1679 3498 temeraria
1710 3435 1965 3498 brachia
1991 3436 2203 3498 movit.

613 3517 744 3579 Flet
770 3534 907 3580 mea
940 3535 1211 3581 vaesana
1250 3520 1422 3584 laesa
1452 3521 1658 3598 puella
1692 3537 1892 3581 manu.
