2467 4042
418 218 480 283 373
492 256 529 265 -
543 220 616 283 tls.

85 375 174 433 Tune
188 373 278 433 etiam
296 372 387 433 iubeo
405 379 485 433 totas
501 374 621 448 aperire
637 376 797 449 fenestras,
898 397 904 408 ·

128 458 307 533 Turpiaque
321 457 459 517 admisso
475 457 611 517 membra
625 465 732 519 notare
746 459 804 518 die.

87 543 128 601 At
143 541 235 601 simul
251 541 291 601 ad
306 547 404 600 metas
420 540 501 600 venit
516 541 601 600 linita
614 542 767 616 voluptas,

63 663 68 668 -
129 624 294 699 Lassaque
310 639 378 684 cum
394 630 458 685 tota
472 638 604 699 corpora
619 632 719 684 menta
732 626 842 699 iacent

24 719 74 769 sta
86 709 166 770 Dum
181 708 280 784 piget,
303 714 334 768 et
348 708 435 767 malis
451 708 564 768 nullam
578 708 716 783 tetigisse
731 711 872 786 puellam,

129 792 345 866 Tacturusque
360 792 413 852 tibi
428 808 487 851 non
505 792 629 851 videare
644 791 705 864 diu,

88 878 173 936 Tune
185 875 288 935 animo
302 874 400 949 signa,
414 875 630 951 quodcumque
640 876 670 935 in
680 891 811 950 corpore
822 876 965 938 mendum
974 884 1031 951 est,

130 959 323 1033 Luminaque
338 959 368 1018 in
387 957 465 1019 vitiis
481 958 561 1019 illius
575 975 677 1034 usque
692 966 770 1019 tene.

88 1042 1032 1119 Forsitanhaeealiquis...namsuntquoque...parvavocabit.

29 1135 78 1186 aaa
130 1126 194 1187 Sed
213 1141 294 1201 quae
310 1141 374 1185 non
391 1134 520 1201 prosunt
533 1126 667 1201 singula,
691 1128 783 1186 multa
796 1128 909 1187 iuvant.

87 1210 186 1270 Parva
201 1215 293 1269 necat
305 1225 413 1270 morsu
426 1209 598 1285 spatiosum
613 1212 720 1285 vipera
734 1217 868 1271 taurum:

129 1297 160 1354 A
173 1309 252 1352 cane
267 1309 331 1353 non
346 1308 457 1368 magno
473 1308 569 1369 saepe
584 1291 704 1354 tenetur
719 1310 803 1368 aper.

88 1378 132 1438 lu
146 1383 263 1437 tautum
279 1393 408 1439 nurnero
424 1393 541 1452 pugna,
567 1384 795 1453 praeceptaque
807 1377 837 1437 in
852 1394 943 1439 unum

130 1461 300 1534 contrahe,
323 1462 363 1520 de
378 1461 479 1521 multis
496 1461 622 1535 grandis
637 1476 768 1521 acervus
782 1463 848 1522 erit.

31 1552 77 1603 aaa
88 1543 151 1604 Sed
167 1545 314 1619 quoniam
329 1560 431 1604 mores
446 1543 586 1617 totidem,
608 1544 796 1619 totidemque
810 1546 935 1620 figurae,

128 1628 196 1687 Non
214 1635 287 1688 sunt
300 1628 421 1688 iudiciis
437 1627 539 1688 omnia
555 1628 658 1687 danda
673 1628 758 1688 meis.

89 1711 153 1786 Quo
167 1720 222 1772 tua
236 1729 299 1772 non
318 1718 450 1787 possunt
465 1710 580 1772 offendi
596 1717 722 1787 pectora
736 1712 827 1785 iacto,

128 1796 272 1855 Forsitan
287 1795 348 1855 hoc
363 1795 423 1855 alio
439 1793 541 1855 iudice
555 1794 669 1854 crimen
684 1795 750 1855 erit.

88 1879 141 1937 llle
156 1878 243 1953 quod
259 1879 413 1939 obscenas
432 1880 461 1937 in
477 1885 583 1953 aperto
600 1893 732 1954 corpore
746 1887 849 1954 partas
947 1922 957 1934 .

32 1970 78 2023 tao
127 1961 274 2035 Viderat,
297 1962 327 2021 in
343 1976 435 2022 cursu
450 1962 501 2038 qui
517 1962 586 2035 luit,
609 1961 709 2024 haesit
723 1979 823 2024 amora

87 2045 139 2104 llle
154 2047 242 2119 quod
257 2046 422 2107 eveneris
435 2046 528 2106 rebus
544 2054 689 2120 surgente
706 2048 808 2122 puella

127 2128 216 2189 Vidit
232 2129 263 2188 in
282 2129 428 2189 inmundo
447 2130 536 2204 signa
551 2130 699 2204 pudenda
713 2137 791 2192 toro.

85 2213 220 2286 Luditis,
243 2229 263 2274 o
278 2213 388 2289 siquos
404 2219 566 2288 potuerunt
580 2212 639 2273 ista
654 2230 793 2277 moveres

126 2295 294 2357 Adflarant
308 2297 430 2372 tepidae
444 2303 572 2371 pectora
586 2304 689 2358 vestra
703 2300 798 2359 iaces.

34 2379 237 2441 ttiAdtrahet
252 2380 303 2440 illa
318 2397 395 2456 puer
409 2388 570 2442 contentos
586 2381 695 2442 lortius
710 2397 810 2454 arcus,

128 2464 245 2525 Saucia
261 2465 408 2525 maiorem
423 2466 512 2525 turba
525 2465 636 2540 petetis
652 2481 752 2540 opem.

88 2548 181 2623 Quid,
204 2548 259 2623 qui
274 2551 354 2610 clam
367 2549 452 2608 latuit
466 2548 621 2608 reddente·
630 2548 767 2610 obscena
780 2549 890 2625 puella,

126 2633 164 2692 Et
179 2632 274 2706 vidit,
299 2649 380 2708 quae
395 2649 461 2692 mos
478 2632 546 2707 ipse
559 2632 666 2694 videre
679 2640 783 2694 vetat?
895 2645 901 2658 ·

86 2716 122 2776 ui
136 2716 266 2791 melius,
289 2733 381 2792 quam
397 2732 454 2777 nos
468 2732 650 2777 moneamus
666 2717 738 2778 talia
756 2721 953 2792 quemquam!

35 2811 78 2862 tto
125 2801 166 2862 Ut
182 2801 319 2876 prosint,
341 2817 402 2861 non
418 2808 490 2861 sunt
504 2800 700 2874 expedienda
712 2808 822 2861 tamen.
890 2863 895 2872 ,

86 2885 199 2945 Hortor
213 2892 260 2956 et,
283 2892 317 2945 ut
331 2884 445 2960 pariter
460 2885 547 2945 binas
562 2883 701 2945 habeatis
717 2886 847 2946 amicam

126 2967 251 3029 Fortior
265 2976 327 3040 est,
349 2970 455 3044 plures
470 2969 569 3044 siquis
584 2967 699 3029 habere
713 2976 827 3044 potest.

88 3052 179 3113 Secta
193 3052 338 3127 bipartito
354 3068 421 3113 cum
437 3068 522 3112 mens
539 3051 681 3113 discurrit
696 3061 836 3128 utroque,

127 3136 265 3197 Alterius
281 3137 364 3197 vires
380 3136 529 3197 subtrahit
543 3137 619 3197 alter
634 3151 728 3198 amor.

33 3229 76 3280 tta
86 3220 221 3280 Grandia
236 3236 294 3296 par
310 3222 423 3280 multos
437 3226 598 3280 tenuantur
612 3218 738 3281 flumina
752 3221 847 3294 rivos,

128 3303 297 3380 Saevaque
312 3305 437 3364 diducto
456 3304 558 3379 stipite
571 3302 694 3365 flamma
708 3305 796 3379 perit.

87 3388 153 3448 lton
169 3388 246 3449 satis
265 3405 327 3449 una
341 3395 425 3449 tenet
437 3397 556 3449 ceratas
571 3389 708 3449 anchora
721 3403 852 3464 puppes,

128 3471 192 3531 Nec
208 3473 284 3534 satis
300 3480 349 3533 est
362 3469 488 3547 liquidis
506 3470 613 3532 unicus
632 3473 738 3533 hamus
753 3469 852 3547 aquis.

53 3571 129 3615 orm.
154 3555 179 3614 1.
836 3566 867 3618 16
