2467 4042
165 198 208 264 62
586 198 758 249 rnrsrnnr

252 363 404 424 Materiam
428 361 531 441 culpae
554 364 806 442 persequiturque
829 380 920 424 suae.

204 465 238 513 no
251 452 312 512 Nos
335 468 453 530 qnoque
477 448 626 512 delectant
638 497 647 531 ,
671 453 803 529 quamvis
826 468 979 531 nocuere,
1001 450 1117 535 libelli,

251 538 396 618 Quodque
420 537 491 600 mibi
514 538 606 601 telum
630 537 752 600 vulnera
775 539 846 600 fecit
858 585 868 615 ,
891 556 977 599 amo.

251 627 389 688 Forsitan
411 627 468 687 boc
492 627 623 688 studium
646 629 741 706 possit
763 627 847 688 luror
870 645 937 688 esse
959 628 1069 710 videri,

253 716 311 776 Sed
335 713 474 794 quiddam
497 715 582 776 furor
604 714 653 776 bio
676 714 813 777 utilitatis
834 714 942 776 babet.

253 804 377 882 Semper
399 805 431 863 in
454 802 560 865 obtutu
583 810 716 864 mentem
737 811 818 864 vetat
840 821 907 864 esse
930 802 1072 865 malorum
1083 850 1094 884 ,

203 905 238 955 40
252 892 422 964 Praesentis
445 909 532 952 casus
554 893 808 969 inmemoremque
832 892 920 952 lacit.

252 980 349 1059 thue
373 997 461 1040 suum
483 977 598 1040 Bacche
622 997 681 1041 non
705 982 796 1041 sentit
819 982 919 1042 saucia
942 979 1065 1061 vulnus,

251 1069 329 1129 Dum
351 1073 452 1147 stupet
474 1066 568 1128 ldaeis
591 1067 740 1129 exululata
763 1067 875 1148 modis,
1039 1120 1044 1130 .

252 1156 302 1217 Sic
324 1155 377 1216 ubi
398 1163 478 1216 mota
500 1155 597 1217 calent
620 1155 708 1216 viridi
730 1174 796 1217 mea
819 1163 940 1235 pectora
962 1156 1083 1237 thyrso,

252 1244 345 1305 Altior
368 1242 498 1305 humano
521 1246 645 1322 spiritus
668 1244 717 1306 ille
739 1243 816 1306 malo
840 1252 903 1306 est.

203 1347 237 1395 45
252 1332 302 1394 llle
327 1349 382 1393 nec
404 1332 548 1413 exilium,
571 1331 703 1411 Scythici
725 1350 780 1394 nec
803 1332 890 1393 litora
912 1335 1013 1413 ponti,

253 1421 304 1482 llle
327 1438 383 1481 neo
406 1422 497 1481 iratos
521 1422 612 1482 sentit
635 1420 745 1482 babere
768 1421 859 1482 deos.

252 1510 349 1589 thue
372 1509 552 1587 soporiferae
579 1507 714 1570 biberem
737 1512 762 1569 si
784 1508 891 1589 pocula
912 1507 1038 1590 Lethes,

252 1598 409 1676 Temporis
431 1597 548 1657 adversi
571 1600 614 1657 sie
638 1598 711 1658 mibi
729 1615 835 1659 sensus
858 1597 961 1658 abest.

252 1685 320 1747 lure
343 1685 413 1745 deas
436 1687 528 1763 igitur
551 1703 677 1747 veneror
700 1685 774 1746 mala
798 1694 898 1747 nostra
921 1684 1071 1766 levantes,

204 1788 238 1837 50
254 1774 401 1835 Sollicitas
425 1775 548 1834 comites
572 1792 608 1834 ex
631 1773 772 1836 Helieone
796 1775 900 1853 fugae,

253 1863 290 1924 Et
312 1864 420 1941 partim
444 1861 547 1940 pelago
570 1864 678 1941 partim
701 1864 824 1941 vestigia
847 1869 927 1923 terra

252 1950 305 2012 Vel
328 1957 391 2011 rate
414 1950 548 2029 dignatas
570 1950 616 2011 vel
638 1950 714 2030 pede
738 1961 840 2012 nostra
862 1952 964 2029 sequi.

254 2039 334 2117 Sint,
349 2056 472 2118 precor,
486 2037 559 2099 baec
573 2038 677 2100 saltem
693 2037 889 2100 lacilesmibi!
910 2055 1034 2116 namque
1049 2036 1182 2101 deorum

253 2128 358 2188 Cetera
381 2145 450 2187 oum
473 2145 578 2206 magno
602 2126 727 2189 Caesare
751 2127 839 2189 turba
861 2127 949 2207 facit,

205 2229 239 2278 55
254 2215 360 2294 illeque
384 2222 429 2276 tot
452 2215 583 2276 adversis
607 2215 760 2277 cumulant
772 2262 781 2297 ,
806 2223 878 2295 quot
900 2214 970 2276 litus
993 2231 1121 2296 arenas,

254 2304 391 2382 Quotque
414 2304 524 2364 lretum
546 2306 667 2384 pisces,
691 2322 803 2383 ovaque
826 2306 917 2383 piscis
940 2302 1045 2364 babet.

253 2392 328 2452 Vere
351 2393 436 2471 prius
458 2391 571 2475 liores,
595 2399 679 2454 aestu
701 2392 872 2454 numerabis
896 2393 1020 2471 aristas,

254 2482 344 2543 Poma
366 2498 421 2560 per
444 2488 620 2542 autumnum
643 2480 864 2561 frigoribusque
888 2483 988 2561 nives,

254 2567 348 2639 Quam
373 2568 468 2650 mala,
493 2587 568 2648 quae
592 2575 655 2631 toto
678 2571 774 2649 patior
798 2573 923 2630 iactatus
946 2570 976 2628 in
999 2567 1092 2648 orbe,

205 2672 239 2722 ao
255 2658 332 2718 llum
354 2659 446 2718 miser
469 2656 577 2718 Euxini
600 2657 689 2719 litora
711 2657 792 2718 laeva
814 2665 901 2737 peto.

254 2746 315 2806 Neo
339 2755 459 2826 tamen,
482 2756 517 2807 ut
539 2750 629 2827 veni,
651 2745 744 2808 levior
767 2745 886 2807 fortuna
909 2743 1054 2805 malorum
1077 2752 1146 2807 cst:

254 2833 319 2895 Huc
343 2852 462 2913 quoque
486 2843 557 2897 sunt
579 2839 696 2896 nostras
720 2836 778 2895 lata
801 2842 903 2895 secuta
926 2835 1004 2895 vias.

254 2922 309 2984 llic
333 2940 452 3002 quoque
475 2941 623 3003 cognosco
647 2922 752 2985 natalis
775 2924 899 2985 stamina
922 2921 1035 3002 nostri,

255 3012 386 3077 Stamina
410 3010 447 3072 de
470 3013 556 3090 nigro
580 3010 689 3073 vellere
713 3012 789 3072 lacta
812 3011 903 3071 mibi.

206 3114 240 3163 aa
254 3100 352 3180 thue
376 3117 431 3160 nec
455 3100 577 3174 insidias
601 3102 766 3180 capitisque
789 3098 921 3180 pericula
944 3114 1081 3178 narrem,

254 3187 330 3249 Vera
353 3187 495 3270 quidem,
519 3191 583 3249 veri
605 3190 656 3250 sed
681 3190 815 3268 graviora
837 3186 913 3248 fide:

255 3275 360 3337 Vivere
384 3294 472 3355 quam
495 3280 639 3340 miserum
664 3285 710 3337 est
736 3278 815 3338 inter
839 3273 1006 3353 bessosque
1030 3270 1183 3353 Getasque

255 3364 363 3446 illum,
387 3367 439 3444 qui
461 3365 566 3446 populi
588 3382 707 3445 semper
731 3367 761 3426 in
785 3382 838 3425 ore
861 3361 934 3425 luitl

254 3452 348 3522 Quam
372 3454 514 3514 miserum
538 3461 585 3515 ost
598 3500 606 3533 ,
630 3460 715 3531 porta
739 3455 828 3514 vitam
851 3467 998 3531 muroque
1021 3449 1119 3528 tueri,

206 3551 241 3599 το
255 3538 368 3610 Vixque
392 3542 441 3600 sui
462 3548 560 3602 tutum
585 3540 697 3601 viribus
722 3558 787 3601 esse
811 3538 887 3600 locil
