2467 4042
187 216 256 284 262
371 237 488 275 umus
584 218 788 276 ‘murtrum

213 395 264 448 eos
278 382 353 447 llsse
375 401 466 464 reor3
489 385 541 464 qul
563 391 663 446 tantus
687 392 773 466 erat,
795 383 916 447 lunonis
938 393 972 446 ut
995 384 1076 447 altae
1225 430 1228 437 »

280 473 371 554 Spem
392 480 532 553 caperet.
560 490 615 534 nos
638 474 790 534 semimari
811 491 985 554 superamur
1011 472 1052 534 ab
1074 472 1167 533 hoste.
1224 469 1227 525 l

280 562 356 624 Saxa
377 560 538 640 trabesque
560 577 652 641 super
673 567 812 641 totosque
834 562 972 624 involvite
996 569 1135 623 montes.
1223 556 1227 617 t

279 649 474 729 vivacemque
497 651 625 712 animam
646 650 745 711 mlssis
767 649 868 713 elidite
890 648 987 712 silvisl

280 738 358 800 Silva
379 745 497 821 promat
518 739 620 800 lauces
631 785 642 820 ,
664 744 695 799 et
717 739 776 799 erit
796 755 852 817 pro
874 738 996 801 minere
1022 731 1173 819 pondus?
1222 754 1226 761 ¹

214 838 266 891 olo
279 826 381 910 Dixit,
403 836 433 889 et
455 828 553 890 msam
574 825 719 889 delectam
741 825 855 889 vuitus
877 829 972 889 austri
1223 848 1227 869 ·

279 915 369 978 Forte
391 913 508 978 trabem
530 922 637 978 nactus
649 962 659 997 ,
680 914 810 977 validum
832 917 961 977 eouieeit
981 916 1017 977 lu
1041 915 1168 977 hostem:
1224 988 1226 993 ‚

279 1003 515 1086 Exemplumque
537 1004 615 1067 luit.
642 1020 793 1083 parvoque
814 1006 848 1065 lu
869 1011 1007 1084 tempore
1032 1002 1132 1066 nudus

279 1093 402 1155 Arboris
425 1091 535 1172 Othrys
558 1099 644 1173 erat,
666 1108 723 1154 ueo
743 1090 873 1154 habehat
892 1091 993 1154 Pelles
1017 1090 1155 1154 umbras.

281 1180 414 1244 Obrutus
436 1182 550 1243 inmani
571 1179 691 1243 oumulo
703 1228 714 1263 ,
736 1179 792 1243 sub
813 1179 947 1260 pondere
971 1180 1114 1248 monens
1225 1205 1228 1246 t

215 1280 266 1333 sas
280 1270 403 1333 Aestuat
426 1269 551 1332 arboreo
574 1277 775 1349 eougestaque
797 1267 907 1331 robora
929 1268 1016 1331 duris

178 1360 181 1365 ’
280 1358 352 1420 Fert
369 1360 504 1421 umeris.
531 1357 583 1420 sed
602 1360 684 1419 enim
700 1364 858 1438 postquam
875 1375 968 1438 super
986 1376 1044 1420 ora
1062 1372 1134 1437 capu
1223 1371 1225 1377 ’

281 1445 381 1509 Crevlt
403 1464 480 1509 onus
492 1493 502 1528 ,
524 1463 622 1526 neque
645 1444 756 1529 habet,
779 1463 853 1526 quas
875 1444 966 1509 ducet
978 1494 988 1528 ,
1011 1448 1135 1527 spiritus

281 1622 401 1703 [Deficit
422 1624 596 1706 interdum3
618 1623 706 1685 modo
729 1641 762 1685 se
785 1640 878 1703 super
898 1628 969 1685 aera
991 1624 1106 1686 frtrem
1213 1652 1228 1698 a

281 1711 398 1774 Tollere
422 1720 547 1775 conatur
559 1760 569 1795 ,
591 1714 744 1791 iactasque
766 1712 901 1773 evolvere
925 1710 1036 1793 silvas3
1209 1718 1213 1727 ’

281 1888 382 1951 Ardua
403 1891 429 1952 sl
452 1897 550 1951 terrae
573 1889 723 1969 quatiatur
745 1887 876 1950 motibus
893 1885 945 1949 lde
955 1886 979 1966 .]

281 1976 387 2040 Exitus
408 1979 441 2039 in
463 1977 554 2039 dublo
577 1985 688 2039 est-
712 1975 762 2037 alii
784 1974 840 2038 sub
862 1977 961 2038 inania
985 1992 1097 2056 eorpus
1225 2028 1227 2041 .

283 2066 408 2128 Tartara
430 2066 588 2128 detrusum
610 2064 751 2126 silvarum
774 2063 851 2126 mole
873 2063 1030 2127 ferebant:
1216 2091 1218 2099 ·

282 2154 394 2216 Abnuit
415 2152 614 2235 Ampycides,
636 2152 796 2232 medioque
817 2170 855 2214 ex
876 2169 985 2232 aggere
1010 2151 1097 2215 fulvis
1222 2185 1225 2195 ·

217 2254 269 2304 ets
283 2242 363 2304 Vidit
385 2260 468 2304 avem
490 2244 597 2323 pennis
620 2241 746 2321 liquidas
769 2242 851 2303 exire
873 2239 930 2302 sub
953 2259 1062 2321 auras,
1092 2246 1180 2290 tw
1209 2271 1226 2331 ,p

284 2330 366 2404 Quae
389 2330 462 2393 mihi
484 2337 557 2392 tune
579 2331 732 2411 primum,
754 2337 827 2391 tuno
849 2338 896 2391 est
917 2337 1081 2410 conspecta
1214 2379 1226 2423 ω

1016 2426 1185 2498 supremum·

283 2507 365 2571 Hane
387 2506 430 2569 lbi
451 2506 629 2569 lustrantem
651 2507 711 2569 leui
734 2521 788 2569 sue
810 2514 907 2568 eastre
929 2505 1031 2569 volatu
1210 2541 1212 2548 ,

282 2595 403 2677 Mopsus
426 2603 458 2658 et
477 2597 593 2675 ingenti
615 2597 730 2657 circum
752 2594 890 2675 clangore
913 2602 1071 2657 sonantem
1203 2625 1205 2632 ·

282 2684 426 2767 Aspexit,
447 2686 620 2765 pariterque
643 2684 750 2745 animis
772 2683 926 2763 oculisque
950 2691 1075 2746 secutus

217 2785 269 2836 sao
283 2768 332 2834 “0
356 2772 435 2835 salve
447 2768 469 2854 ,⁹
492 2772 566 2835 dixit
589 2766 759 2853 ‘Lapitheae
781 2771 875 2852 gloria
896 2774 1013 2855 gentis,
1194 2814 1216 2870 ,e

282 2861 407 2923 llaxime
425 2864 470 2924 vir
488 2860 659 2942 quondam,
678 2860 730 2922 sed
748 2878 829 2922 nune
842 2861 904 2922 aus
917 2862 1029 2941 unica,
1047 2838 1183 2922 comui*

283 2948 402 3012 Credita
424 2968 475 3012 res
497 2958 620 3012 auctore
642 2967 698 3012 suo
720 2957 788 3011 est.
815 2947 900 3011 dolor
923 2947 1038 3011 addidit
1058 2951 1138 3023 uam,
1199 2950 1214 3048 νῆ’

282 3036 526 3119 oppressumque
550 3056 637 3118 aegre
660 3038 783 3101 tulimus
804 3044 851 3099 tot
871 3036 908 3099 ab
931 3036 1069 3100 hostibus
1093 3011 1224 3143 ιιιιιιῑῆ1

282 3125 344 3188 Nee
367 3120 453 3207 prius
475 3126 644 3189 abstitimus
666 3128 747 3189 lerro
771 3143 912 3188 exercere
934 3125 1087 3207 dolorem,
1188 3096 1224 3217 pm

216 3226 268 3277 sao
283 3216 379 3287 Quam
400 3214 468 3276 data
489 3232 560 3295 pars
581 3215 664 3298 leto,
686 3223 802 3295 partem
824 3215 894 3295 luga
914 3231 1035 3294 uoxque
1052 3178 1224 3328 remotil·',=,³{,f

326 3303 406 3365 liaeo
427 3305 507 3365 inter
529 3301 669 3383 Lapithas
695 3310 727 3366 et
749 3302 959 3365 semihomines
981 3301 1136 3365 tenuem
1197 3341 1199 3353 ·

281 3391 420 3472 Proelia,
442 3389 653 3473 Tlepolemus,
675 3391 758 3472 Pylio
780 3392 953 3473 referente,
975 3390 1104 3453 dolorem

282 3479 440 3541 Praeteriti
461 3479 580 3541 Aloidae
602 3482 693 3542 taeito
712 3497 773 3541 uon
795 3479 920 3559 pertulit
940 3496 1012 3561 ore,
1196 3483 1199 3510 ¹

282 3566 378 3644 litque
401 3568 464 3629 ait:
487 3563 663 3629 ‘Herculeae
685 3570 795 3630 mirum
817 3576 865 3631 est
885 3566 993 3630 oblivia
1013 3566 1104 3631 laudis
1184 3530 1222 3696 ,ἶί

1169 3904 1192 3989 l
