2467 4042
159 294 222 358 246
536 291 706 355 REMED.
728 297 802 355 ΑΜ.

243 448 330 508 Nona
343 446 495 507 terebatur
508 445 640 506 miserae
655 446 713 506 via.
735 448 920 510 ‘videritl’...
942 452 1049 527 inquit,

286 532 323 592 Et
339 536 458 606 spectat
474 546 583 591 zonam
597 530 712 605 pallida
726 532 805 593 lactu
818 548 915 609 suam,

245 615 364 691 Aspicit
377 621 407 674 et
420 630 532 675 ramos.
555 613 686 689 dubitet,
706 615 878 691 refugitque
893 618 978 691 quod
991 621 1098 681 audet

284 698 323 759 lit
338 698 436 773 timet,
459 704 489 758 et
502 696 614 774 digitos
630 698 669 758 ad
686 714 744 759 sua
758 700 837 759 colla
851 701 951 764 refert.

179 782 376 854 stesichori,
398 789 471 842 tunc
487 788 568 842 certe
582 782 690 842 vellem
706 797 767 842 nou
782 785 851 845 sola
865 785 993 845 tuissesz

284 866 349 927 Non
364 864 473 930 flesset
485 865 595 941 positis
609 864 750 944 Phyllida
767 868 845 926 silva
858 867 965 928 comis.

242 948 391 1029 Phyllidis
406 950 547 1026 exemplo
562 949 686 1010 nimium
701 959 820 1011 secreta
832 951 944 1025 timeto,

284 1033 382 1094 Laese
396 1033 445 1092 vir
460 1033 631 1107 adomim,
655 1034 739 1094 laesa
753 1036 855 1109 puella
871 1036 950 1097 viro.

243 1116 435 1178 Praestiterat
448 1116 568 1178 iuvenis
583 1117 733 1194 quidquid
747 1134 816 1179 mcc
831 1118 921 1180 Musa
935 1118 1068 1193 iubebat,

180 1212 232 1267 61⁰
284 1202 379 1275 Inque
393 1216 469 1261 suae
483 1208 572 1275 portu
585 1216 686 1276 paene
700 1202 808 1263 salutis
822 1209 901 1263 erat:

242 1282 395 1360 Reccidit,
416 1290 449 1346 nt
463 1284 593 1361 cupidos
608 1285 686 1345 inter
700 1285 823 1346 devenit
836 1293 983 1360 amantes,

284 1369 336 1442 m,
359 1384 439 1444 quae
456 1368 648 1442 condiderat,
671 1370 731 1429 tela
745 1370 910 1445 resumpsit
922 1374 1030 1431 Amor.

244 1451 348 1527 Siquis
362 1468 464 1526 amas,
487 1467 545 1514 nec
559 1454 622 1525 vis,
643 1452 735 1514 tacito
751 1453 892 1528 contagia
907 1453 996 1516 vites.

284 1537 367 1595 Haec
382 1535 472 1597 etiam
486 1537 591 1612 pecori
607 1551 703 1611 saepe
717 1550 830 1597 nocere
843 1538 952 1597 solent.

179 1631 230 1686 615
241 1621 319 1681 Dum
334 1626 473 1696 spectant
487 1620 589 1682 laesos
605 1619 701 1691 oculi,
723 1619 884 1680 laeduntur
897 1629 928 1682 et
941 1621 1011 1696 ipsi,

283 1704 439 1778 Multaque
453 1702 634 1781 corporibus
648 1703 825 1764 transitione
840 1711 960 1765 nocent

242 1790 276 1849 lu
293 1788 362 1848 loca
377 1803 604 1864 nonnumquam
620 1786 712 1847 siccis
726 1786 843 1848 arentia
857 1788 955 1862 glebis

283 1873 329 1931 Dc
343 1886 441 1946 prope
456 1872 587 1932 currenti
601 1870 727 1932 flumine
742 1877 844 1932 manat
857 1886 947 1947 aquo„

242 1956 344 2015 Manat
359 1970 445 2018 amur
460 1962 574 2031 tectus,
595 1954 622 2015 si
636 1970 699 2014 non
713 1954 751 2016 nb
767 1964 887 2017 umente
900 1956 1046 2018 recedas:

178 2049 231 2104 620
282 2038 445 2114 Turbaque
458 2039 490 2099 in
503 2039 564 2100 boc
579 2055 687 2100 omues
702 2038 863 2113 ingeniosa
878 2055 994 2102 sumus.

242 2124 327 2182 Alter
343 2123 413 2183 item
428 2120 489 2183 iam
503 2139 598 2184 sanus
612 2129 687 2183 erat.
707 2122 819 2183 vicinia
833 2122 936 2184 laesit=

285 2204 452 2267 Occursum
466 2207 608 2267 dominae
622 2222 683 2268 nou
697 2205 764 2268 tulit
776 2206 827 2266 ille
841 2221 926 2268 suae.

243 2292 360 2351 Vulnus
377 2289 409 2349 iu
423 2291 578 2367 antiquum
594 2289 685 2352 rediit
701 2291 779 2350 mule
792 2290 880 2350 firma
893 2288 1029 2364 ciosum,

284 2374 530 2450 Successumque
543 2381 626 2436 artes
641 2390 702 2434 nun
718 2373 853 2436 habuere
866 2389 961 2436 meae.

177 2468 229 2524 625
239 2458 400 2519 Proximus
415 2474 435 2520 a
449 2458 536 2520 tectis
552 2456 632 2532 iguis
648 2457 821 2518 delendimr
837 2472 937 2532 aegre.

282 2540 361 2603 Utile
376 2542 509 2604 finitimis
522 2542 711 2603 abstinuisse
725 2541 812 2602 locis.

241 2626 303 2686 Nec
319 2642 399 2702 quae
412 2626 492 2688 lerre
505 2630 585 2687 solet
599 2627 780 2702 spatiantem
794 2624 931 2699 porticus
947 2624 1036 2700 illam,

282 2712 323 2769 Te
341 2709 430 2779 leret,
454 2709 590 2770 officium
606 2726 685 2772 neve
703 2709 820 2772 colauu
834 2709 924 2769 idem

241 2793 319 2869 Quid
334 2793 419 2855 iuvat
431 2792 587 2854 admonitu
601 2793 736 2868 tepidam
750 2793 940 2854 recalescere
954 2797 1109 2853 mutent

177 2888 230 2942 630
280 2878 382 2951 Alter,
404 2877 431 2938 si
445 2875 567 2953 possis,
589 2877 673 2937 orbis
686 2877 848 2940 habendus
862 2876 926 2936 erit.

240 2961 306 3021 Non
325 2961 414 3023 facile
428 2961 569 3023 esuriem
586 2961 689 3036 posita
702 2961 871 3022 retinebere
884 2975 1000 3032 mensa,

282 3046 319 3105 El
334 3046 456 3107 multem
474 3046 588 3107 saliens
603 3042 708 3106 incitat
720 3044 804 3104 unda
819 3043 909 3105 sitim.

239 3130 306 3190 Nun
322 3128 411 3190 laclle
424 3138 473 3191 est
487 3136 607 3192 taurum
621 3128 689 3189 vise
702 3127 832 3189 retinere
846 3128 984 3187 iuvenca

282 3214 383 3274 Fortis
398 3230 497 3289 equus
514 3213 599 3276 visae
613 3227 737 3287 semper
751 3208 889 3271 adhinnit
903 3225 1010 3285 equae.

177 3306 227 3360 ute
238 3297 322 3357 Haec
336 3297 387 3358 ubl
401 3297 604 3374 praestiteris,
624 3304 656 3357 ut
669 3295 791 3358 taudem
805 3294 906 3354 littora
918 3302 1037 3368 mogus,

281 3381 349 3440 Non
366 3380 466 3455 ipsum
483 3381 556 3442 satie
571 3388 621 3442 est
634 3378 810 3440 deseruisse
824 3378 888 3441 tibi.

239 3464 278 3523 Et
291 3480 380 3524 soror
393 3471 424 3526 et
437 3471 532 3526 mater
545 3466 667 3523 valeant
679 3470 711 3522 ct
724 3461 850 3524 conscie
863 3462 974 3535 nutrix,

281 3546 473 3623 Elquisquis
486 3546 628 3607 dominae
641 3562 714 3621 pars
729 3546 785 3607 erit
799 3545 860 3605 ulla
872 3552 953 3606 tuee.
