2467 4042
399 199 402 205 ’
436 238 482 288 vr.
502 240 633 313 so-rro.
788 250 791 255 ·
972 234 1036 299 335

121 403 171 464 Sic
194 403 319 482 statuit,
342 418 519 479 mensesque
544 408 612 460 nota
636 401 763 460 secrevit
786 399 906 461 eadem:

164 490 266 553 lirnius
290 497 336 550 est
358 491 521 568 iuvenum,
545 491 595 567 qui
621 489 788 570 irritante,
812 485 951 550 senum.'

20 586 35 624 '-
120 580 221 640 Dixit.
262 586 292 638 et
315 579 346 639 in
370 577 452 638 litem
476 576 573 637 studio
598 578 768 637 certaminis
790 578 903 657 issent,

20 676 30 697 ‘'
67 682 105 731 90
164 669 260 746 Atque
284 668 328 726 ira
350 667 446 744 pietas
469 664 652 725 dissimulata
675 666 752 725 foret
776 699 808 707 -

20 762 38 801 d
122 755 208 817 Venit
231 754 382 833 Apollinea
405 754 506 831 longas
530 752 694 814 Concordia
718 752 801 814 lauro

164 842 244 903 Nera
267 860 366 913 cornas
378 888 388 922 ,
410 841 517 921 placidi
540 859 651 902 numen
674 859 808 921 opusque
832 841 936 903 ducis.

20 940 41 985 2²
122 931 201 992 ilaec
225 930 276 990 ubi
299 932 429 992 narravit
451 929 568 990 Tatium
592 931 760 1010 fortemque
782 929 940 1000 Quirinum

20 1036 32 1077 s
165 1019 297 1098 Binaque
321 1037 389 1080 curn
412 1018 528 1098 populis
551 1036 642 1097 regna
666 1021 762 1080 coisse
785 1022 865 1098 suis,

27 1122 39 1147 ⁸
71 1121 106 1171 95
122 1107 160 1169 Et
182 1108 243 1168 lare
266 1109 416 1168 communi
439 1124 560 1167 soceros
582 1125 771 1186 generosque
795 1114 950 1188 receptos,

20 1246 32 1257 ,
166 1191 235 1256 ‘His
260 1214 367 1256 nomen
390 1197 500 1256 iunctis
522 1190 642 1257 lunius'
666 1197 764 1274 inquit
787 1189 927 1257 ‘habet'

20 1306 31 1343 v:
121 1285 205 1345 Uicta
228 1284 334 1364 triplex
358 1302 446 1345 causa
470 1291 536 1345 ost.
578 1293 608 1344 at
631 1302 683 1344 vos
706 1286 874 1365 ignoscito,
897 1284 997 1345 dirae:

20 1390 37 1439 u
166 1372 225 1432 Res
249 1382 294 1432 est
317 1372 439 1432 arbitrio
462 1389 522 1432 non
546 1372 711 1432 dirimenda
734 1390 819 1434 meo.

24 1468 36 1523 'r
122 1461 165 1523 lte
189 1477 275 1539 pares
298 1477 314 1518 a
337 1478 406 1519 me.
448 1460 602 1537 perierunt
625 1460 722 1520 iudice
747 1460 858 1520 iormae
984 1471 1039 1523 (¹⁹⁵)

20 1582 24 1617 r
53 1563 107 1611 100
167 1548 331 1624 Pergama.
371 1547 438 1628 plus
461 1547 604 1624 laedunt,
628 1565 715 1625 quarn
738 1550 820 1609 iuvet
843 1566 901 1608 una
914 1595 922 1628 ,
946 1548 1040 1609 duae.

382 1687 408 1750 1.
433 1682 702 1765 [uurvnqu

20 1838 33 1869 ε
124 1812 222 1873 Prima
246 1811 310 1872 dies
337 1811 415 1892 tibi,
438 1810 532 1873 Carne
545 1858 554 1891 ,
578 1813 687 1873 datur.
728 1811 783 1873 dea
811 1812 942 1872 cardinis
969 1811 1042 1872 haec

19 1926 32 1963 r
672 1908 735 1961 est:

20 2024 30 2062 2
168 1987 295 2048 Numine
319 1986 417 2048 clausa
441 1989 557 2067 aperit,
581 1987 691 2049 claudit
712 1993 815 2067 aperta
838 2007 910 2050 suo.

126 2076 208 2138 Unde
232 2076 314 2136 datas
337 2075 443 2137 habeat
466 2076 566 2157 vires,
588 2075 745 2138 obscurior
768 2094 839 2141 aevo

19 2196 29 2242 p
170 2164 279 2225 Fama:
312 2164 363 2225 sed
388 2183 404 2225 e
428 2172 531 2225 nostro
554 2167 685 2225 carmine
710 2173 811 2226 certus
834 2167 912 2225 eris.

20 2288 26 2331 q
56 2267 109 2316 105
125 2253 250 2321 Adiacet
268 2255 407 2331 antiquus
431 2251 571 2313 Tiberino
594 2252 680 2319 incus
704 2251 843 2314 Helerni:

20 2374 27 2417 ς
120 2358 121 2361 ’
170 2340 329 2401 Pontifices
351 2340 422 2401 illuc
445 2359 524 2400 nuuc
548 2359 667 2420 quoquc
691 2359 773 2402 sacra
797 2341 916 2413 lerunt.

125 2430 196 2491 lnda
219 2438 281 2489 sata
304 2437 351 2490 est
373 2428 501 2508 nymphe
521 2462 553 2471 -
573 2427 707 2490 Cranaen
730 2429 832 2490 dixere
854 2431 971 2509 priores
991 2462 1025 2471 -

169 2516 353 2596 Nequiquam
377 2516 477 2577 multis
500 2534 589 2596 saepe
612 2520 703 2596 petita
726 2519 842 2596 procis.

126 2606 205 2666 Rura
229 2607 335 2685 sequi,
358 2604 521 2683 iaculisque
545 2606 622 2666 ieras
645 2607 756 2683 agitare
780 2604 909 2681 solebat,

61 2706 111 2755 rio
171 2692 362 2772 Nodosasque
386 2711 456 2754 cava
478 2693 601 2754 tendere
625 2693 697 2754 valle
720 2693 837 2773 plagas.

127 2782 191 2843 Non
214 2780 318 2842 habuit
340 2780 530 2861 pharetram,
553 2780 666 2842 Phoebi
693 2790 791 2843 tamen
819 2800 884 2843 esso
909 2799 1042 2843 sororem

171 2869 359 2952 Credebant3
383 2888 438 2930 nec
462 2877 526 2931 orat
539 2917 547 2950 ‚
571 2869 711 2952 Phoebe,
735 2870 872 2950 pudenda
896 2870 966 2932 tibi.

125 2958 201 3020 Huic
224 2958 330 3038 aliquis
353 2960 492 3020 iuvenum
516 2958 640 3020 dixisset
663 2962 789 3020 amantia
812 2958 918 3037 verba,

169 3046 322 3107 Reddebat
346 3046 418 3108 tales
442 3049 578 3126 protinus
601 3046 650 3108 illa
673 3065 782 3108 sonos:

61 3148 111 3195 tto
127 3131 222 3195 ‘llaec
245 3134 308 3195 loca
331 3135 406 3196 lucis
424 3134 534 3197 babent
552 3138 660 3215 nimis,
684 3144 800 3197 etcum
819 3134 886 3195 luce
905 3134 1043 3213 pudoris.

171 3222 203 3284 Si
226 3230 341 3284 secreta
363 3226 455 3302 magis
478 3223 562 3286 ducis
586 3226 616 3283 in
641 3230 725 3284 antra
738 3269 747 3303 ,
771 3217 914 3301 sequor.’

127 3308 272 3373 Credulus
295 3320 363 3373 ante
386 3321 419 3372 ut
442 3314 497 3392 iit,
520 3313 644 3373 frutices
668 3311 740 3372 haec
765 3320 848 3371 nacta
873 3313 1003 3391 resistit,

171 3400 208 3461 Et
230 3398 323 3481 latet,
347 3409 377 3461 et
399 3400 480 3461 nullo
504 3408 549 3462 est
572 3399 747 3461 invenienda
773 3399 877 3460 modo.

126 3487 245 3551 Viderat
268 3487 343 3549 hanc
366 3488 477 3570 ianus,
500 3491 639 3569 visaeque
663 3489 803 3567 cupidine
827 3496 930 3567 captus

62 3589 112 3638 120
170 3576 213 3638 hd
237 3577 342 3638 duram
366 3576 464 3638 verbis
489 3577 628 3638 mollibus
651 3595 723 3640 usus
747 3585 827 3638 erat.
