2467 4042
409 274 448 348 ll,
469 270 669 335 nol-eie.
991 271 1053 338 len

143 427 261 488 cinam
275 426 412 486 mansuri
428 420 570 500 quisquis
585 426 699 486 amoris
713 425 820 487 habes.

96 510 133 572 si
149 510 210 571 tihi
226 525 281 586 per
293 517 390 570 tutum
404 510 592 588 planumque
607 510 768 583 negabitur
781 509 835 585 ire,

143 597 252 671 Atque
266 595 325 655 erit
339 594 486 669 opposita
499 594 592 653 ianua
605 594 681 653 fulta
694 610 773 667 sera,

31 690 82 742 tto
92 682 139 742 At
153 687 192 740 tu
205 695 261 755 per
277 692 429 754 praeeeps
446 683 525 736 teoto
540 676 684 737 delabere
700 686 821 752 aperto:

141 766 205 825 Det
219 777 346 838 quoque
361 761 489 822 furtivas
504 762 565 822 alta
580 762 714 821 lenestra
729 762 805 822 vias.

98 849 198 909 Laeta
211 848 281 918 erit,
306 853 336 906 et
352 861 478 905 oausam
494 844 546 905 tibi
561 861 597 905 se
611 844 692 905 seire
706 862 778 907 esse
793 844 908 922 perioll,

141 932 213 992 Hoo
229 930 375 991 dominae
390 930 464 993 eerti
480 929 593 1005 pignos
610 931 724 991 amoris
738 931 803 990 erit.

99 1014 206 1090 Saepe
220 1022 273 1075 toa
289 1021 431 1090 poteras,
452 1013 608 1087 Leandro,
631 1029 736 1074 oarere
750 1015 867 1090 puellaa

37 1109 88 1161 iso
139 1099 356 1171 lhansnahas,
378 1099 510 1158 animum
524 1105 633 1158 nosset
645 1105 678 1158 ut
691 1098 743 1158 illa
755 1106 849 1159 tuum.
972 1168 974 1171 ¹

97 1183 162 1244 Neo
178 1183 284 1259 pudor
297 1182 439 1252 ancillas,
463 1189 494 1242 ut
510 1197 652 1256 quaeque
666 1182 723 1243 erit
737 1183 845 1242 ordine
860 1183 965 1259 prima.

140 1268 206 1327 Neo
220 1265 275 1327 tibi
290 1267 331 1326 sit
345 1280 454 1325 servos
469 1265 661 1326 demeruisse
675 1267 786 1341 pudor.

97 1351 230 1412 Nomine
244 1364 402 1425 quemque
416 1364 508 1409 suo...
524 1349 607 1408 nulla
621 1357 669 1410 est
682 1350 829 1410 iactura..
843 1352 951 1423 salute,

142 1436 239 1509 lunge
253 1435 316 1494 tuis
331 1432 477 1504 humiles,
500 1431 677 1507 ambitiose,
697 1450 816 1495 manus.

40 1525 87 1580 loo
96 1517 159 1580 Sed
173 1526 278 1579 tamen
294 1524 325 1576 et
339 1531 466 1578 servo...
480 1516 560 1576 levis
572 1523 622 1578 est
634 1517 796 1593 inpensa..
810 1518 929 1593 roganti

138 1602 269 1677 Porrige
282 1600 437 1661 Fortunae
450 1615 576 1661 munera
590 1616 687 1676 parva
701 1602 766 1662 diez

97 1686 224 1761 Porrige
238 1690 270 1745 ot
283 1684 427 1758 ancillae,
450 1700 512 1758 qua
530 1698 647 1760 poenas
661 1686 731 1746 luee
744 1684 893 1761 pependit

139 1770 225 1830 Lusa
240 1768 369 1829 maritali
385 1768 500 1828 Gallioa
514 1775 605 1829 veste
618 1784 738 1830 manus.

97 1855 158 1916 Fae
172 1852 312 1930 plebem,
337 1851 533 1926 mihicrede,
553 1859 645 1913 tuam.
669 1853 710 1913 sit
723 1868 849 1929 semper
862 1853 894 1914 in
907 1852 958 1913 illa

43 1947 89 2003 tto
136 1938 254 1999 Ianitor
268 1944 300 1997 et
313 1936 438 1997 thalami
451 1936 505 2011 qui
522 1936 602 1997 iooet
615 1944 686 1998 ante
700 1937 793 1996 tores.

97 2024 159 2084 Neo
175 2022 333 2084 dominam
346 2020 437 2081 iubeo
453 2020 590 2096 pretioso
605 2036 731 2081 munere
747 2022 862 2082 donesr

139 2107 254 2180 Parva,
279 2106 336 2167 sed
351 2119 371 2164 e
385 2105 490 2181 parvis
504 2105 635 2166 callidus
648 2113 722 2181 apta
735 2105 818 2166 dato.

99 2193 174 2254 Ilum
189 2190 271 2252 hene
285 2190 374 2250 dives
388 2204 478 2264 ager,
501 2188 574 2250 dum
589 2188 664 2248 rami
679 2190 817 2265 pondere
831 2196 946 2262 nutant,

138 2276 270 2336 Adlerat
283 2274 313 2334 in
329 2272 449 2333 oalatho
465 2273 578 2334 rustioa
593 2274 676 2333 dona
690 2289 775 2349 puer.

46 2361 176 2422 muare
194 2356 374 2419 suburbano
389 2357 506 2434 poteris
520 2356 574 2417 tibi
589 2357 692 2417 dicere
706 2358 812 2432 missa,

138 2444 193 2503 llla
208 2441 258 2503 vel
272 2439 303 2502 in
318 2440 414 2502 Saora
429 2440 491 2502 sint
506 2442 577 2502 lieet
593 2449 695 2516 empta
709 2441 770 2501 via

99 2528 225 2590 adterat
238 2532 291 2587 aut
305 2541 399 2599 uvas,
421 2531 474 2585 aut
487 2541 567 2602 quas
581 2526 749 2603 Amaryllis
763 2525 905 2588 amabat..

137 2615 179 2672 At
193 2626 276 2673 nuno
290 2617 452 2672 castaneas
467 2625 529 2670 non
544 2617 626 2670 amat
639 2610 711 2671 illa.
726 2626 832 2672 nuces.

100 2696 173 2771 Quin
189 2697 281 2756 etiam
294 2696 449 2770 turdoque
463 2694 533 2754 lieet
547 2694 707 2770 missaque
720 2694 863 2755 columba

48 2787 91 2844 tto
134 2781 176 2842 'le
191 2794 359 2841 memorem
374 2778 516 2839 dominae
530 2777 696 2840 testificere
710 2785 789 2839 tuae.

97 2863 235 2942 Turpiter
248 2864 298 2924 his
313 2863 422 2923 emltar
435 2878 509 2938 spes
524 2862 632 2923 mortis
645 2869 677 2924 et
689 2861 767 2925 orba
780 2869 935 2925 senectus.

139 2954 179 3023 Α,
202 2953 345 3024 pereant,
367 2961 423 3023 per
437 2962 517 3022 quos
531 2961 659 3007 munera
673 2948 787 3008 crimen
805 2948 930 3008 habent!

99 3032 168 3110 outo
184 3032 238 3094 tibi
256 3031 441 3108 praecipiam
456 3038 580 3091 teneros
595 3047 721 3107 quoque
735 3032 852 3092 mittere
870 3030 1000 3093 oersost

134 3118 168 3179 Ei
184 3117 273 3191 mihi,
296 3132 358 3176 non
372 3117 498 3177 multum
513 3131 636 3176 carmen
650 3115 779 3178 horroris
792 3115 892 3177 habet

47 3201 231 3265 titcnnnina
245 3199 424 3275 laudantur,
445 3201 502 3262 sed
517 3216 643 3262 munera
657 3216 769 3277 magna
783 3208 941 3276 potantum

135 3286 310 3348 Dummodo
324 3282 365 3346 sit
379 3284 481 3359 dives,
503 3284 654 3345 barbarus
668 3285 737 3362 ipse
751 3287 862 3361 placet

98 3372 194 3433 Aurea
208 3375 282 3433 sunt
298 3384 371 3429 vere
388 3384 469 3429 nuno
483 3369 617 3430 saecula.
639 3369 790 3444 plurimus
805 3384 881 3430 auro

134 3455 225 3516 Venit
239 3454 353 3516 honos.
374 3468 451 3514 auro
466 3451 643 3514 oonoiliatur
655 3469 751 3515 amor.

99 3541 161 3617 lpse
176 3540 250 3601 lieet
263 3537 371 3600 venias
386 3537 483 3600 Musis
498 3535 673 3611 eomitatus,
696 3539 836 3610 Homero,
852 3623 865 3656 ῃ

812 3629 844 3681 13
