2467 4042
165 216 231 283 338
572 220 765 279 PASTORUM.

189 395 240 445 100
252 381 333 442 llaec
350 380 503 442 hominum
521 384 702 444 monimenta
715 391 837 463 patent.
870 388 898 446 si
919 390 1084 467 quaeritis
1103 400 1181 471 astra,

297 469 383 531 Tunc
405 471 502 530 oritur
525 473 624 550 magni
645 488 770 551 praepes
793 471 912 534 adunca
935 474 1046 538 lovis.

588 605 619 673 2.
643 605 741 689 [AF]

252 732 376 794 Postera
397 732 448 794 lnx
471 731 608 814 Hyadas,
632 732 778 796 Taurinae
803 753 918 797 cornua
942 737 1113 821 ironiis„
1208 734 1209 737 ’

296 820 427 901 Evocat,
451 828 483 883 et
504 821 597 882 multa
620 828 700 882 terra
723 823 867 885 madescit
890 842 996 903 aqua.

611 958 640 1023 3.
664 956 724 1025 Bu

252 1083 337 1146 llane
360 1082 412 1146 ubi
433 1082 480 1145 bis
503 1084 615 1162 inerit,
637 1082 836 1165 Phoebusque
858 1089 1023 1151 iteraverit
1048 1100 1137 1153 ortus

186 1185 239 1237 200
296 1172 444 1252 Factaque
468 1174 526 1234 erit
547 1174 645 1250 posito
667 1190 736 1234 rore
759 1173 807 1234 his
829 1174 887 1235 uda
911 1193 1026 1259 seges,
1208 1188 1209 1191 ’

252 1259 314 1322 Hac
337 1269 450 1322 sacrata
472 1260 520 1321 die
543 1259 643 1321 Tusco
663 1258 785 1322 Bellona
807 1261 906 1323 duello

296 1348 433 1429 Dicitur,
456 1355 487 1410 et
509 1347 593 1409 Latio
615 1365 759 1428 prospera
782 1367 900 1429 semper
924 1350 1034 1414 adest.

253 1437 366 1517 Appius
388 1445 435 1497 est
457 1444 583 1517 auctor,
606 1435 720 1515 Pyrrho
743 1439 795 1515 qui
817 1454 889 1517 pace
914 1447 1027 1517 negata

297 1524 423 1587 Multum
446 1527 543 1585 animo
566 1523 661 1605 vidit,
684 1524 796 1586 lumine
820 1533 925 1605 captus
947 1535 1038 1589 erat.

187 1626 239 1677 205
253 1612 401 1693 Prospicit
423 1630 440 1673 a
462 1611 572 1690 templo
596 1629 745 1673 summum
767 1612 867 1674 brevis
890 1630 959 1674 area
985 1615 1130 1697 (lucum,

297 1700 352 1763 Est
373 1699 415 1761 ibi
438 1718 498 1761 non
520 1718 628 1780 parvae
650 1717 741 1779 parra
763 1701 900 1762 columna
922 1709 1038 1766 notae:

254 1788 330 1851 llinc
353 1788 429 1850 solet
451 1787 535 1849 hasta
557 1805 647 1849 manu
659 1834 669 1869 ‚
692 1787 763 1849 belli
784 1791 987 1869 praenuntia,
1013 1795 1117 1875 mitti,

297 1877 332 1938 ln
354 1892 455 1955 regem
479 1884 509 1937 et
531 1885 636 1955 gentes
658 1893 728 1937 cum
749 1875 847 1957 placet
868 1894 950 1939 uma
975 1883 1069 1959 capi.

613 2010 724 2079 4.ὒῦ

253 2139 352 2203 Altera
375 2157 444 2219 pars
465 2139 547 2201 Circi
568 2137 698 2201 Custode
721 2137 778 2200 sub
796 2136 929 2201 Hercule
952 2148 1024 2203 tuta
1050 2152 1115 2206 est:

187 2241 239 2292 210
298 2226 383 2299 Quod
406 2228 480 2289 deus
502 2226 636 2289 Euboico
659 2229 789 2289 carmine
812 2245 921 2291 munus
943 2228 1061 2293 habet.

253 2315 385 2378 Muneris
408 2324 455 2378 est
476 2323 595 2395 tempus
606 2362 616 2397 ,
639 2318 692 2395 qui
713 2314 812 2377 Nonas
834 2315 942 2377 lucifer
963 2327 1040 2381 aute
1064 2328 1131 2382 estc

298 2403 331 2465 Si
353 2403 472 2466 titulum
495 2406 619 2485 queris,
643 2402 724 2465 Sulla
745 2402 882 2484 probarit
903 2421 1005 2484 opus.

566 2539 597 2607 5.
618 2539 651 2611 Ι)
668 2538 771 2609 NON

253 2666 459 2751 Quaerebam,
481 2667 580 2729 Nonas
603 2666 723 2747 Sanco,
744 2666 870 2728 Fidione
890 2668 1060 2749 referrem,

297 2756 343 2818 An
365 2756 442 2837 tibi,
465 2756 554 2817 Semo
576 2765 683 2835 pater.
724 2762 789 2816 tum
812 2755 884 2817 mihi
907 2755 1027 2819 Sancus
1050 2760 1111 2821 ait:

189 2857 240 2907 210
254 2839 454 2925 ‘Cuicumque
478 2846 603 2906 existis
626 2844 766 2924 dederis,
789 2861 844 2922 ego
867 2860 979 2907 munus
1004 2845 1148 2910 habebo.

298 2931 423 2994 Nomina
444 2940 531 2994 terna
553 2932 641 2995 iero.
681 2933 724 2994 sic
747 2931 867 2992 vomere
890 2928 1024 2993 Cures)

254 3019 341 3084 flunc
363 3023 455 3102 igitur
477 3027 594 3083 veteres
615 3022 765 3083 donarunt
787 3019 859 3082 aede
883 3018 1007 3102 salini,

298 3109 392 3191 loque
415 3107 561 3181 Quirinali
584 3111 769 3171 constituere
790 3110 879 3188 iugo.

611 3247 641 3313 6.
662 3244 730 3312 ΕΝ

256 3373 311 3435 Est
338 3373 469 3436 mibi-
491 3376 612 3455 sitque,
639 3390 770 3453 precor,
795 3371 908 3475 nostris
936 3368 1117 3435 dintumior
1208 3444 1209 3465 2

189 3558 242 3606 220
300 3547 395 3627 Filia,
419 3566 477 3627 qua
500 3548 570 3609 felix
593 3549 705 3626 sospite
728 3477 942 3626 sempffiro.
1208 3490 1209 3525 r
