<?xml version="1.0" encoding="UTF-8"?>
<!DOCTYPE html PUBLIC "-//W3C//DTD XHTML 1.0 Transitional//EN"
    "http://www.w3.org/TR/xhtml1/DTD/xhtml1-transitional.dtd">
<html xmlns="http://www.w3.org/1999/xhtml" xml:lang="en" lang="en">
 <head>
  <title>
</title>
<meta http-equiv="Content-Type" content="text/html;charset=utf-8" />
  <meta name='ocr-system' content='tesseract 3.04.00' />
  <meta name='ocr-capabilities' content='ocr_page ocr_carea ocr_par ocr_line ocrx_word'/>
</head>
<body>
  <div class='ocr_page' id='page_1' title='image "./povidiusnaso00ehwagoog_0242.png"; bbox 0 0 2467 4042; ppageno 0'>
   <div class='ocr_carea' id='block_1_1' title="bbox 194 269 837 337">
    <p class='ocr_par' dir='ltr' id='par_1_1' title="bbox 194 269 837 337">
     <span class='ocr_line' id='line_1_1' title="bbox 194 269 837 337; baseline -0.014 0"><span class='ocrx_word' id='word_1_1' title='bbox 194 273 253 337; x_wconf 77' lang='grc'>156</span> <span class='ocrx_word' id='word_1_2' title='bbox 566 269 837 331; x_wconf 78' lang='lat' dir='ltr'><strong>EPISTULAE.</strong></span> 
     </span>
    </p>
   </div>
   <div class='ocr_carea' id='block_1_2' title="bbox 210 422 1214 3609">
    <p class='ocr_par' dir='ltr' id='par_1_2' title="bbox 210 422 1214 2598">
     <span class='ocr_line' id='line_1_2' title="bbox 211 422 1123 499; baseline 0 -10"><span class='ocrx_word' id='word_1_3' title='bbox 211 433 260 489; x_wconf 79' lang='lat'>135</span> <span class='ocrx_word' id='word_1_4' title='bbox 271 424 308 485; x_wconf 84' lang='lat' dir='ltr'>Et</span> <span class='ocrx_word' id='word_1_5' title='bbox 321 441 427 484; x_wconf 86' lang='lat' dir='ltr'>rursus</span> <span class='ocrx_word' id='word_1_6' title='bbox 442 424 602 498; x_wconf 85' lang='lat' dir='ltr'>miserum,</span> <span class='ocrx_word' id='word_1_7' title='bbox 626 422 711 497; x_wconf 90' lang='lat' dir='ltr'>quod</span> <span class='ocrx_word' id='word_1_8' title='bbox 725 437 776 483; x_wconf 86' lang='lat' dir='ltr'>me</span> <span class='ocrx_word' id='word_1_9' title='bbox 792 424 900 499; x_wconf 85' lang='lat' dir='ltr'>procui</span> <span class='ocrx_word' id='word_1_10' title='bbox 913 423 986 483; x_wconf 90' lang='lat' dir='ltr'>inde</span> <span class='ocrx_word' id='word_1_11' title='bbox 998 432 1123 489; x_wconf 82' lang='lat' dir='ltr'>remoto</span> 
     </span>
     <span class='ocr_line' id='line_1_3' title="bbox 316 506 1047 583; baseline -0.005 -14"><span class='ocrx_word' id='word_1_12' title='bbox 316 507 411 583; x_wconf 80' lang='lat' dir='ltr'>Quem</span> <span class='ocrx_word' id='word_1_13' title='bbox 425 507 548 568; x_wconf 87' lang='lat' dir='ltr'>minime</span> <span class='ocrx_word' id='word_1_14' title='bbox 562 507 687 579; x_wconf 85' lang='lat' dir='ltr'>vetlem,</span> <span class='ocrx_word' id='word_1_15' title='bbox 708 506 837 567; x_wconf 78' lang='lat' dir='ltr'><strong>forsitan</strong></span> <span class='ocrx_word' id='word_1_16' title='bbox 853 507 929 568; x_wconf 84' lang='lat' dir='ltr'>ulter</span> <span class='ocrx_word' id='word_1_17' title='bbox 941 507 1047 569; x_wconf 82' lang='lat' dir='ltr'>odestt</span> 
     </span>
     <span class='ocr_line' id='line_1_4' title="bbox 273 591 993 667; baseline -0.006 -13"><span class='ocrx_word' id='word_1_18' title='bbox 273 594 325 654; x_wconf 89' lang='lat' dir='ltr'>ttte</span> <span class='ocrx_word' id='word_1_19' title='bbox 340 608 450 654; x_wconf 84' lang='lat' dir='ltr'>monus</span> <span class='ocrx_word' id='word_1_20' title='bbox 466 591 542 653; x_wconf 78' lang='lat' dir='ltr'>istos</span> <span class='ocrx_word' id='word_1_21' title='bbox 559 591 678 667; x_wconf 67' lang='lat' dir='ltr'>etongit</span> <span class='ocrx_word' id='word_1_22' title='bbox 691 597 722 651; x_wconf 90' lang='lat' dir='ltr'>et</span> <span class='ocrx_word' id='word_1_23' title='bbox 735 591 859 651; x_wconf 78' lang='lat' dir='ltr'><strong>adsidet</strong></span> <span class='ocrx_word' id='word_1_24' title='bbox 871 606 993 667; x_wconf 79' lang='lat' dir='ltr'>aegiso,</span> 
     </span>
     <span class='ocr_line' id='line_1_5' title="bbox 315 675 957 752; baseline 0 -16"><span class='ocrx_word' id='word_1_25' title='bbox 315 676 436 736; x_wconf 86' lang='lat' dir='ltr'>invisus</span> <span class='ocrx_word' id='word_1_26' title='bbox 452 677 574 752; x_wconf 88' lang='lat' dir='ltr'>superis</span> <span class='ocrx_word' id='word_1_27' title='bbox 588 691 658 736; x_wconf 93' lang='lat' dir='ltr'>cum</span> <span class='ocrx_word' id='word_1_28' title='bbox 673 675 860 750; x_wconf 77' lang='lat' dir='ltr'>superisque</span> <span class='ocrx_word' id='word_1_29' title='bbox 874 675 957 736; x_wconf 88' lang='lat' dir='ltr'>mihi.</span> 
     </span>
     <span class='ocr_line' id='line_1_6' title="bbox 274 757 1031 838; baseline -0.001 -15"><span class='ocrx_word' id='word_1_30' title='bbox 274 763 413 836; x_wconf 80' lang='lat' dir='ltr'>Dumque</span> <span class='ocrx_word' id='word_1_31' title='bbox 428 776 487 821; x_wconf 89' lang='lat' dir='ltr'>suo</span> <span class='ocrx_word' id='word_1_32' title='bbox 500 766 597 822; x_wconf 84' lang='lat' dir='ltr'>tentat</span> <span class='ocrx_word' id='word_1_33' title='bbox 609 759 769 821; x_wconf 77' lang='lat' dir='ltr'><strong>salientem</strong></span> <span class='ocrx_word' id='word_1_34' title='bbox 785 757 896 835; x_wconf 87' lang='lat' dir='ltr'>poitioe</span> <span class='ocrx_word' id='word_1_35' title='bbox 910 768 1031 838; x_wconf 80' lang='lat' dir='ltr'>venum,</span> 
     </span>
     <span class='ocr_line' id='line_1_7' title="bbox 213 842 1024 920; baseline -0.007 -11"><span class='ocrx_word' id='word_1_36' title='bbox 213 854 261 909; x_wconf 80' lang='lat' dir='ltr'>tto</span> <span class='ocrx_word' id='word_1_37' title='bbox 314 844 452 905; x_wconf 82' lang='lat' dir='ltr'>condida</span> <span class='ocrx_word' id='word_1_38' title='bbox 467 859 522 920; x_wconf 87' lang='lat' dir='ltr'>per</span> <span class='ocrx_word' id='word_1_39' title='bbox 534 859 662 905; x_wconf 82' lang='lat' dir='ltr'>causum</span> <span class='ocrx_word' id='word_1_40' title='bbox 676 842 803 904; x_wconf 81' lang='lat' dir='ltr'>brochis</span> <span class='ocrx_word' id='word_1_41' title='bbox 817 858 912 919; x_wconf 85' lang='lat' dir='ltr'>suepe</span> <span class='ocrx_word' id='word_1_42' title='bbox 926 850 1024 906; x_wconf 80' lang='lat' dir='ltr'>touot=</span> 
     </span>
     <span class='ocr_line' id='line_1_8' title="bbox 274 927 1039 1005; baseline 0.001 -16"><span class='ocrx_word' id='word_1_43' title='bbox 274 928 507 1003; x_wconf 74' lang='lat' dir='ltr'>Contrectatque</span> <span class='ocrx_word' id='word_1_44' title='bbox 521 929 607 989; x_wconf 77' lang='lat' dir='ltr'>sium</span> <span class='ocrx_word' id='word_1_45' title='bbox 622 934 653 988; x_wconf 88' lang='lat' dir='ltr'>et</span> <span class='ocrx_word' id='word_1_46' title='bbox 666 927 794 989; x_wconf 75' lang='lat' dir='ltr'><strong>forsitan</strong></span> <span class='ocrx_word' id='word_1_47' title='bbox 809 928 918 989; x_wconf 80' lang='lat' dir='ltr'>osculo</span> <span class='ocrx_word' id='word_1_48' title='bbox 930 928 1039 1005; x_wconf 79' lang='lat' dir='ltr'>iungit</span> 
     </span>
     <span class='ocr_line' id='line_1_9' title="bbox 315 1009 912 1088; baseline -0.002 -16"><span class='ocrx_word' id='word_1_49' title='bbox 315 1011 424 1073; x_wconf 86' lang='lat' dir='ltr'>Oifloio</span> <span class='ocrx_word' id='word_1_50' title='bbox 439 1026 558 1074; x_wconf 87' lang='lat' dir='ltr'>meroes</span> <span class='ocrx_word' id='word_1_51' title='bbox 573 1012 694 1088; x_wconf 80' lang='lat' dir='ltr'>plenior</span> <span class='ocrx_word' id='word_1_52' title='bbox 707 1009 769 1072; x_wconf 87' lang='lat' dir='ltr'>istu</span> <span class='ocrx_word' id='word_1_53' title='bbox 780 1027 840 1073; x_wconf 85' lang='lat' dir='ltr'>suo</span> <span class='ocrx_word' id='word_1_54' title='bbox 853 1018 912 1072; x_wconf 87' lang='lat' dir='ltr'>ost.</span> 
     </span>
     <span class='ocr_line' id='line_1_10' title="bbox 273 1095 1083 1173; baseline 0 -15"><span class='ocrx_word' id='word_1_55' title='bbox 273 1098 347 1173; x_wconf 81' lang='lat' dir='ltr'>Quis</span> <span class='ocrx_word' id='word_1_56' title='bbox 362 1096 415 1157; x_wconf 86' lang='lat' dir='ltr'>tibi</span> <span class='ocrx_word' id='word_1_57' title='bbox 430 1095 568 1172; x_wconf 78' lang='lat' dir='ltr'>permisit</span> <span class='ocrx_word' id='word_1_58' title='bbox 580 1104 704 1157; x_wconf 85' lang='lat' dir='ltr'>nostrus</span> <span class='ocrx_word' id='word_1_59' title='bbox 719 1106 923 1171; x_wconf 75' lang='lat' dir='ltr'>praecerpere</span> <span class='ocrx_word' id='word_1_60' title='bbox 934 1105 1083 1158; x_wconf 82' lang='lat' dir='ltr'>messost</span> 
     </span>
     <span class='ocr_line' id='line_1_11' title="bbox 313 1178 928 1256; baseline -0.005 -14"><span class='ocrx_word' id='word_1_61' title='bbox 313 1181 365 1242; x_wconf 80' lang='lat' dir='ltr'>Ad</span> <span class='ocrx_word' id='word_1_62' title='bbox 379 1196 454 1256; x_wconf 91' lang='lat' dir='ltr'>spes</span> <span class='ocrx_word' id='word_1_63' title='bbox 470 1180 595 1241; x_wconf 75' lang='lat' dir='ltr'>citerius</span> <span class='ocrx_word' id='word_1_64' title='bbox 610 1180 680 1255; x_wconf 88' lang='lat' dir='ltr'>quis</span> <span class='ocrx_word' id='word_1_65' title='bbox 695 1178 750 1239; x_wconf 88' lang='lat' dir='ltr'>tibi</span> <span class='ocrx_word' id='word_1_66' title='bbox 764 1179 837 1240; x_wconf 82' lang='lat' dir='ltr'>feeit</span> <span class='ocrx_word' id='word_1_67' title='bbox 849 1180 928 1240; x_wconf 83' lang='lat' dir='ltr'>itert</span> 
     </span>
     <span class='ocr_line' id='line_1_12' title="bbox 212 1264 1096 1339; baseline -0.003 -13"><span class='ocrx_word' id='word_1_68' title='bbox 212 1272 259 1327; x_wconf 79' lang='lat' dir='ltr'>tto</span> <span class='ocrx_word' id='word_1_69' title='bbox 270 1267 331 1326; x_wconf 89' lang='lat' dir='ltr'>iste</span> <span class='ocrx_word' id='word_1_70' title='bbox 345 1265 433 1325; x_wconf 91' lang='lat' dir='ltr'>sinus</span> <span class='ocrx_word' id='word_1_71' title='bbox 446 1279 534 1325; x_wconf 86' lang='lat' dir='ltr'>meus</span> <span class='ocrx_word' id='word_1_72' title='bbox 548 1270 611 1325; x_wconf 87' lang='lat' dir='ltr'>estt</span> <span class='ocrx_word' id='word_1_73' title='bbox 633 1278 703 1323; x_wconf 87' lang='lat' dir='ltr'>mes</span> <span class='ocrx_word' id='word_1_74' title='bbox 713 1264 842 1339; x_wconf 80' lang='lat' dir='ltr'>turpiter</span> <span class='ocrx_word' id='word_1_75' title='bbox 856 1265 964 1324; x_wconf 76' lang='lat' dir='ltr'>oemio</span> <span class='ocrx_word' id='word_1_76' title='bbox 979 1266 1096 1328; x_wconf 82' lang='lat' dir='ltr'>sumis!</span> 
     </span>
     <span class='ocr_line' id='line_1_13' title="bbox 314 1348 966 1424; baseline -0.005 -15"><span class='ocrx_word' id='word_1_77' title='bbox 314 1352 343 1409; x_wconf 84' lang='lat' dir='ltr'><strong>A</strong></span> <span class='ocrx_word' id='word_1_78' title='bbox 357 1348 430 1408; x_wconf 90' lang='lat' dir='ltr'>mihi</span> <span class='ocrx_word' id='word_1_79' title='bbox 445 1348 600 1424; x_wconf 86' lang='lat' dir='ltr'>promisso</span> <span class='ocrx_word' id='word_1_80' title='bbox 614 1362 747 1423; x_wconf 81' lang='lat' dir='ltr'>corpore</span> <span class='ocrx_word' id='word_1_81' title='bbox 760 1348 833 1407; x_wconf 86' lang='lat' dir='ltr'>totto</span> <span class='ocrx_word' id='word_1_82' title='bbox 846 1362 966 1409; x_wconf 85' lang='lat' dir='ltr'>munus.</span> 
     </span>
     <span class='ocr_line' id='line_1_14' title="bbox 272 1431 1214 1508; baseline 0 -14"><span class='ocrx_word' id='word_1_83' title='bbox 272 1432 429 1508; x_wconf 85' lang='lat' dir='ltr'>improbe,</span> <span class='ocrx_word' id='word_1_84' title='bbox 449 1432 522 1492; x_wconf 82' lang='lat' dir='ltr'>tolie</span> <span class='ocrx_word' id='word_1_85' title='bbox 535 1439 662 1492; x_wconf 78' lang='lat' dir='ltr'>munus!</span> <span class='ocrx_word' id='word_1_86' title='bbox 684 1446 777 1507; x_wconf 85' lang='lat' dir='ltr'>quom</span> <span class='ocrx_word' id='word_1_87' title='bbox 792 1431 907 1507; x_wconf 69' lang='lat' dir='ltr'>tangis,</span> <span class='ocrx_word' id='word_1_88' title='bbox 925 1440 1033 1495; x_wconf 85' lang='lat' dir='ltr'>nostro</span> <span class='ocrx_word' id='word_1_89' title='bbox 1044 1434 1214 1497; x_wconf 75' lang='lat' dir='ltr'>iuturuest</span> 
     </span>
     <span class='ocr_line' id='line_1_15' title="bbox 314 1514 975 1587; baseline 0.003 -12"><span class='ocrx_word' id='word_1_90' title='bbox 314 1516 481 1578; x_wconf 85' lang='lat' dir='ltr'>Postmodo</span> <span class='ocrx_word' id='word_1_91' title='bbox 496 1516 524 1576; x_wconf 91' lang='lat' dir='ltr'>si</span> <span class='ocrx_word' id='word_1_92' title='bbox 539 1516 636 1576; x_wconf 80' lang='lat' dir='ltr'>tucius</span> <span class='ocrx_word' id='word_1_93' title='bbox 651 1514 748 1587; x_wconf 85' lang='lat' dir='ltr'>istud,</span> <span class='ocrx_word' id='word_1_94' title='bbox 770 1514 890 1576; x_wconf 82' lang='lat' dir='ltr'>adutter</span> <span class='ocrx_word' id='word_1_95' title='bbox 903 1515 975 1577; x_wconf 88' lang='lat' dir='ltr'>eris.</span> 
     </span>
     <span class='ocr_line' id='line_1_16' title="bbox 272 1597 1137 1677; baseline 0 -16"><span class='ocrx_word' id='word_1_96' title='bbox 272 1601 357 1677; x_wconf 79' lang='lat' dir='ltr'>Elige</span> <span class='ocrx_word' id='word_1_97' title='bbox 372 1599 412 1661; x_wconf 89' lang='lat' dir='ltr'>de</span> <span class='ocrx_word' id='word_1_98' title='bbox 425 1600 549 1675; x_wconf 82' lang='lat' dir='ltr'>vacuis,</span> <span class='ocrx_word' id='word_1_99' title='bbox 573 1615 666 1675; x_wconf 77' lang='lat' dir='ltr'>qoam</span> <span class='ocrx_word' id='word_1_100' title='bbox 682 1613 744 1659; x_wconf 87' lang='lat' dir='ltr'>ooo</span> <span class='ocrx_word' id='word_1_101' title='bbox 759 1597 819 1659; x_wconf 88' lang='lat' dir='ltr'>sibi</span> <span class='ocrx_word' id='word_1_102' title='bbox 833 1598 968 1661; x_wconf 86' lang='lat' dir='ltr'>vindicet</span> <span class='ocrx_word' id='word_1_103' title='bbox 979 1601 1068 1663; x_wconf 79' lang='lat' dir='ltr'>atter.</span> <span class='ocrx_word' id='word_1_104' title='bbox 1134 1624 1137 1633; x_wconf 72' lang='lat'>‚</span> 
     </span>
     <span class='ocr_line' id='line_1_17' title="bbox 212 1681 1015 1759; baseline -0.002 -13"><span class='ocrx_word' id='word_1_105' title='bbox 212 1694 260 1746; x_wconf 77' lang='lat' dir='ltr'>too</span> <span class='ocrx_word' id='word_1_106' title='bbox 313 1684 347 1745; x_wconf 88' lang='lat' dir='ltr'>Si</span> <span class='ocrx_word' id='word_1_107' title='bbox 361 1684 478 1759; x_wconf 86' lang='lat' dir='ltr'>nescis,</span> <span class='ocrx_word' id='word_1_108' title='bbox 501 1683 658 1745; x_wconf 90' lang='lat' dir='ltr'>domiuum</span> <span class='ocrx_word' id='word_1_109' title='bbox 671 1698 722 1744; x_wconf 87' lang='lat' dir='ltr'>ree</span> <span class='ocrx_word' id='word_1_110' title='bbox 736 1681 830 1744; x_wconf 77' lang='lat' dir='ltr'>hauet</span> <span class='ocrx_word' id='word_1_111' title='bbox 843 1682 903 1744; x_wconf 85' lang='lat' dir='ltr'>isto</span> <span class='ocrx_word' id='word_1_112' title='bbox 916 1699 1015 1746; x_wconf 90' lang='lat' dir='ltr'>suum.</span> 
     </span>
     <span class='ocr_line' id='line_1_18' title="bbox 272 1767 1036 1843; baseline 0 -13"><span class='ocrx_word' id='word_1_113' title='bbox 272 1769 336 1830; x_wconf 82' lang='lat' dir='ltr'>Nec</span> <span class='ocrx_word' id='word_1_114' title='bbox 349 1768 421 1829; x_wconf 88' lang='lat' dir='ltr'>mihi</span> <span class='ocrx_word' id='word_1_115' title='bbox 436 1767 614 1829; x_wconf 83' lang='lat' dir='ltr'>credideris.</span> <span class='ocrx_word' id='word_1_116' title='bbox 636 1767 780 1828; x_wconf 79' lang='lat' dir='ltr'>recitetur</span> <span class='ocrx_word' id='word_1_117' title='bbox 795 1767 925 1828; x_wconf 86' lang='lat' dir='ltr'>iormuiu</span> <span class='ocrx_word' id='word_1_118' title='bbox 940 1768 1036 1843; x_wconf 73' lang='lat' dir='ltr'>pactis</span> 
     </span>
     <span class='ocr_line' id='line_1_19' title="bbox 314 1851 969 1927; baseline 0 -14"><span class='ocrx_word' id='word_1_119' title='bbox 314 1853 379 1915; x_wconf 87' lang='lat' dir='ltr'>Neu</span> <span class='ocrx_word' id='word_1_120' title='bbox 396 1854 504 1913; x_wconf 83' lang='lat' dir='ltr'>fulsum</span> <span class='ocrx_word' id='word_1_121' title='bbox 519 1851 606 1914; x_wconf 86' lang='lat' dir='ltr'>dicus</span> <span class='ocrx_word' id='word_1_122' title='bbox 621 1867 709 1925; x_wconf 84' lang='lat' dir='ltr'>esse,</span> <span class='ocrx_word' id='word_1_123' title='bbox 731 1851 781 1913; x_wconf 87' lang='lat' dir='ltr'>tuo</span> <span class='ocrx_word' id='word_1_124' title='bbox 795 1851 865 1927; x_wconf 87' lang='lat' dir='ltr'>ipso</span> <span class='ocrx_word' id='word_1_125' title='bbox 878 1851 969 1926; x_wconf 72' lang='lat' dir='ltr'>teget</span> 
     </span>
     <span class='ocr_line' id='line_1_20' title="bbox 271 1933 1074 2010; baseline -0.002 -12"><span class='ocrx_word' id='word_1_126' title='bbox 271 1937 407 1999; x_wconf 81' lang='lat' dir='ltr'>Alterius</span> <span class='ocrx_word' id='word_1_127' title='bbox 419 1936 587 1997; x_wconf 84' lang='lat' dir='ltr'>timtumo...</span> <span class='ocrx_word' id='word_1_128' title='bbox 601 1935 656 1997; x_wconf 88' lang='lat' dir='ltr'>tibi</span> <span class='ocrx_word' id='word_1_129' title='bbox 671 1950 746 2010; x_wconf 87' lang='lat' dir='ltr'>nos,</span> <span class='ocrx_word' id='word_1_130' title='bbox 765 1934 820 1997; x_wconf 88' lang='lat' dir='ltr'>tibi</span> <span class='ocrx_word' id='word_1_131' title='bbox 833 1933 995 1999; x_wconf 81' lang='lat' dir='ltr'>dicium...</span> <span class='ocrx_word' id='word_1_132' title='bbox 1010 1936 1074 1999; x_wconf 80' lang='lat' dir='ltr'>exi.</span> 
     </span>
     <span class='ocr_line' id='line_1_21' title="bbox 315 2018 1035 2096; baseline -0.003 -15"><span class='ocrx_word' id='word_1_133' title='bbox 315 2021 394 2096; x_wconf 81' lang='lat' dir='ltr'>Quid</span> <span class='ocrx_word' id='word_1_134' title='bbox 409 2021 485 2081; x_wconf 86' lang='lat' dir='ltr'>iacis</span> <span class='ocrx_word' id='word_1_135' title='bbox 498 2020 570 2081; x_wconf 80' lang='lat' dir='ltr'>hist</span> <span class='ocrx_word' id='word_1_136' title='bbox 591 2020 657 2080; x_wconf 87' lang='lat' dir='ltr'>exit</span> <span class='ocrx_word' id='word_1_137' title='bbox 679 2035 740 2081; x_wconf 87' lang='lat' dir='ltr'>nou</span> <span class='ocrx_word' id='word_1_138' title='bbox 756 2026 847 2080; x_wconf 80' lang='lat' dir='ltr'>vacat</span> <span class='ocrx_word' id='word_1_139' title='bbox 863 2018 922 2080; x_wconf 88' lang='lat' dir='ltr'>iste</span> <span class='ocrx_word' id='word_1_140' title='bbox 936 2026 1035 2082; x_wconf 71' lang='lat' dir='ltr'>torus·</span> 
     </span>
     <span class='ocr_line' id='line_1_22' title="bbox 211 2102 1107 2181; baseline 0 -15"><span class='ocrx_word' id='word_1_141' title='bbox 211 2114 259 2167; x_wconf 76' lang='lat'>15⁵</span> <span class='ocrx_word' id='word_1_142' title='bbox 270 2106 346 2167; x_wconf 85' lang='lat' dir='ltr'>Num</span> <span class='ocrx_word' id='word_1_143' title='bbox 361 2105 446 2181; x_wconf 88' lang='lat' dir='ltr'>quod</span> <span class='ocrx_word' id='word_1_144' title='bbox 459 2104 558 2165; x_wconf 80' lang='lat' dir='ltr'>hebes</span> <span class='ocrx_word' id='word_1_145' title='bbox 572 2111 604 2165; x_wconf 86' lang='lat' dir='ltr'>et</span> <span class='ocrx_word' id='word_1_146' title='bbox 616 2111 650 2165; x_wconf 89' lang='lat' dir='ltr'>tu</span> <span class='ocrx_word' id='word_1_147' title='bbox 663 2102 776 2178; x_wconf 73' lang='lat' dir='ltr'>gemini</span> <span class='ocrx_word' id='word_1_148' title='bbox 789 2102 885 2165; x_wconf 82' lang='lat' dir='ltr'>verbu</span> <span class='ocrx_word' id='word_1_149' title='bbox 899 2106 996 2166; x_wconf 79' lang='lat' dir='ltr'>attera</span> <span class='ocrx_word' id='word_1_150' title='bbox 1014 2103 1107 2180; x_wconf 74' lang='lat' dir='ltr'>poert</span> 
     </span>
     <span class='ocr_line' id='line_1_23' title="bbox 290 2187 938 2265; baseline -0.003 -16"><span class='ocrx_word' id='word_1_151' title='bbox 290 2214 297 2222; x_wconf 95' lang='lat'><em>·</em></span> <span class='ocrx_word' id='word_1_152' title='bbox 312 2190 380 2251; x_wconf 86' lang='lat' dir='ltr'>Non</span> <span class='ocrx_word' id='word_1_153' title='bbox 395 2188 451 2249; x_wconf 90' lang='lat' dir='ltr'>erit</span> <span class='ocrx_word' id='word_1_154' title='bbox 465 2187 580 2250; x_wconf 85' lang='lat' dir='ltr'>idcirco</span> <span class='ocrx_word' id='word_1_155' title='bbox 597 2204 654 2265; x_wconf 84' lang='lat' dir='ltr'>per</span> <span class='ocrx_word' id='word_1_156' title='bbox 667 2195 719 2249; x_wconf 85' lang='lat' dir='ltr'>tuo</span> <span class='ocrx_word' id='word_1_157' title='bbox 733 2202 827 2248; x_wconf 87' lang='lat' dir='ltr'>cuuso</span> <span class='ocrx_word' id='word_1_158' title='bbox 840 2203 938 2249; x_wconf 85' lang='lat' dir='ltr'>mooe.</span> 
     </span>
     <span class='ocr_line' id='line_1_24' title="bbox 271 2270 1194 2349; baseline -0.002 -17"><span class='ocrx_word' id='word_1_159' title='bbox 271 2273 356 2336; x_wconf 83' lang='lat' dir='ltr'>Haec</span> <span class='ocrx_word' id='word_1_160' title='bbox 371 2272 446 2332; x_wconf 88' lang='lat' dir='ltr'>mihi</span> <span class='ocrx_word' id='word_1_161' title='bbox 459 2287 494 2332; x_wconf 86' lang='lat' dir='ltr'>se</span> <span class='ocrx_word' id='word_1_162' title='bbox 509 2272 641 2348; x_wconf 77' lang='lat' dir='ltr'>pepigit·</span> <span class='ocrx_word' id='word_1_163' title='bbox 657 2279 745 2348; x_wconf 79' lang='lat' dir='ltr'>pater</span> <span class='ocrx_word' id='word_1_164' title='bbox 758 2270 837 2333; x_wconf 83' lang='lat' dir='ltr'>hauc</span> <span class='ocrx_word' id='word_1_165' title='bbox 851 2271 920 2347; x_wconf 87' lang='lat' dir='ltr'>tibi,</span> <span class='ocrx_word' id='word_1_166' title='bbox 942 2273 1060 2349; x_wconf 82' lang='lat' dir='ltr'>primus</span> <span class='ocrx_word' id='word_1_167' title='bbox 1072 2271 1194 2336; x_wconf 70' lang='lat' dir='ltr'>sous·</span> 
     </span>
     <span class='ocr_line' id='line_1_25' title="bbox 315 2355 1116 2433; baseline -0.005 -14"><span class='ocrx_word' id='word_1_168' title='bbox 315 2356 378 2419; x_wconf 89' lang='lat' dir='ltr'>Sed</span> <span class='ocrx_word' id='word_1_169' title='bbox 393 2356 536 2433; x_wconf 85' lang='lat' dir='ltr'>proprior</span> <span class='ocrx_word' id='word_1_170' title='bbox 549 2363 645 2429; x_wconf 86' lang='lat' dir='ltr'>corte,</span> <span class='ocrx_word' id='word_1_171' title='bbox 668 2370 761 2431; x_wconf 85' lang='lat' dir='ltr'>quom</span> <span class='ocrx_word' id='word_1_172' title='bbox 776 2363 876 2431; x_wconf 86' lang='lat' dir='ltr'>potor,</span> <span class='ocrx_word' id='word_1_173' title='bbox 898 2355 968 2432; x_wconf 84' lang='lat' dir='ltr'>ipso</span> <span class='ocrx_word' id='word_1_174' title='bbox 982 2355 1042 2421; x_wconf 88' lang='lat' dir='ltr'>sibi</span> <span class='ocrx_word' id='word_1_175' title='bbox 1057 2366 1116 2421; x_wconf 86' lang='lat' dir='ltr'>ost.</span> 
     </span>
     <span class='ocr_line' id='line_1_26' title="bbox 272 2440 1023 2516; baseline 0.001 -18"><span class='ocrx_word' id='word_1_176' title='bbox 272 2440 412 2502; x_wconf 84' lang='lat' dir='ltr'>Promisit</span> <span class='ocrx_word' id='word_1_177' title='bbox 426 2447 512 2516; x_wconf 86' lang='lat' dir='ltr'>poter</span> <span class='ocrx_word' id='word_1_178' title='bbox 525 2440 617 2501; x_wconf 81' lang='lat' dir='ltr'>hooc.</span> <span class='ocrx_word' id='word_1_179' title='bbox 637 2440 716 2501; x_wconf 83' lang='lat' dir='ltr'>hacc</span> <span class='ocrx_word' id='word_1_180' title='bbox 730 2447 760 2502; x_wconf 90' lang='lat' dir='ltr'>ot</span> <span class='ocrx_word' id='word_1_181' title='bbox 773 2440 884 2502; x_wconf 79' lang='lat' dir='ltr'>iuravit</span> <span class='ocrx_word' id='word_1_182' title='bbox 895 2441 1023 2503; x_wconf 72' lang='lat' dir='ltr'>umentis</span> 
     </span>
     <span class='ocr_line' id='line_1_27' title="bbox 210 2523 988 2598; baseline -0.005 -12"><span class='ocrx_word' id='word_1_183' title='bbox 210 2532 260 2587; x_wconf 80' lang='lat'>160</span> <span class='ocrx_word' id='word_1_184' title='bbox 312 2525 366 2585; x_wconf 85' lang='lat' dir='ltr'>itte</span> <span class='ocrx_word' id='word_1_185' title='bbox 380 2524 535 2598; x_wconf 88' lang='lat' dir='ltr'>homiues,</span> <span class='ocrx_word' id='word_1_186' title='bbox 558 2524 635 2586; x_wconf 81' lang='lat' dir='ltr'>hoec</span> <span class='ocrx_word' id='word_1_187' title='bbox 649 2531 699 2585; x_wconf 89' lang='lat' dir='ltr'>est</span> <span class='ocrx_word' id='word_1_188' title='bbox 714 2524 875 2585; x_wconf 78' lang='lat' dir='ltr'>testificato</span> <span class='ocrx_word' id='word_1_189' title='bbox 889 2523 988 2587; x_wconf 81' lang='lat' dir='ltr'>dcem.</span> 
     </span>
    </p>

    <p class='ocr_par' dir='ltr' id='par_1_3' title="bbox 270 2607 1084 2935">
     <span class='ocr_line' id='line_1_28' title="bbox 270 2607 1074 2685; baseline 0 -18"><span class='ocrx_word' id='word_1_190' title='bbox 270 2608 327 2667; x_wconf 85' lang='lat' dir='ltr'>Hic</span> <span class='ocrx_word' id='word_1_191' title='bbox 342 2610 446 2670; x_wconf 89' lang='lat' dir='ltr'>metuit</span> <span class='ocrx_word' id='word_1_192' title='bbox 459 2609 607 2683; x_wconf 80' lang='lat' dir='ltr'>mendox,</span> <span class='ocrx_word' id='word_1_193' title='bbox 630 2609 715 2669; x_wconf 86' lang='lat' dir='ltr'>timot</span> <span class='ocrx_word' id='word_1_194' title='bbox 730 2607 807 2669; x_wconf 83' lang='lat' dir='ltr'>hoec</span> <span class='ocrx_word' id='word_1_195' title='bbox 823 2608 946 2685; x_wconf 81' lang='lat' dir='ltr'>perium</span> <span class='ocrx_word' id='word_1_196' title='bbox 959 2608 1074 2671; x_wconf 78' lang='lat' dir='ltr'>vocari.</span> 
     </span>
     <span class='ocr_line' id='line_1_29' title="bbox 312 2690 1030 2765; baseline -0.001 -13"><span class='ocrx_word' id='word_1_197' title='bbox 312 2691 389 2752; x_wconf 89' lang='lat' dir='ltr'>Num</span> <span class='ocrx_word' id='word_1_198' title='bbox 404 2692 542 2765; x_wconf 87' lang='lat' dir='ltr'>dubites,</span> <span class='ocrx_word' id='word_1_199' title='bbox 561 2693 612 2754; x_wconf 85' lang='lat' dir='ltr'>hio</span> <span class='ocrx_word' id='word_1_200' title='bbox 628 2692 669 2754; x_wconf 91' lang='lat' dir='ltr'>sit</span> <span class='ocrx_word' id='word_1_201' title='bbox 682 2693 779 2755; x_wconf 86' lang='lat' dir='ltr'>moior</span> <span class='ocrx_word' id='word_1_202' title='bbox 791 2708 832 2752; x_wconf 86' lang='lat' dir='ltr'>uu</span> <span class='ocrx_word' id='word_1_203' title='bbox 846 2690 897 2753; x_wconf 86' lang='lat' dir='ltr'>itte</span> <span class='ocrx_word' id='word_1_204' title='bbox 910 2698 1030 2754; x_wconf 78' lang='lat' dir='ltr'>metuet</span> 
     </span>
     <span class='ocr_line' id='line_1_30' title="bbox 270 2773 1084 2852; baseline 0 -15"><span class='ocrx_word' id='word_1_205' title='bbox 270 2777 423 2851; x_wconf 81' lang='lat' dir='ltr'>Denique,</span> <span class='ocrx_word' id='word_1_206' title='bbox 444 2782 477 2836; x_wconf 94' lang='lat' dir='ltr'>ut</span> <span class='ocrx_word' id='word_1_207' title='bbox 489 2775 648 2838; x_wconf 81' lang='lat' dir='ltr'>amborum</span> <span class='ocrx_word' id='word_1_208' title='bbox 662 2776 803 2838; x_wconf 79' lang='lat' dir='ltr'>conserus</span> <span class='ocrx_word' id='word_1_209' title='bbox 816 2776 953 2852; x_wconf 84' lang='lat' dir='ltr'>porioutu</span> <span class='ocrx_word' id='word_1_210' title='bbox 968 2773 1084 2852; x_wconf 81' lang='lat' dir='ltr'>possis,</span> 
     </span>
     <span class='ocr_line' id='line_1_31' title="bbox 312 2854 1048 2935; baseline 0.005 -14"><span class='ocrx_word' id='word_1_211' title='bbox 312 2860 447 2935; x_wconf 81' lang='lat' dir='ltr'>Respice</span> <span class='ocrx_word' id='word_1_212' title='bbox 458 2860 498 2919; x_wconf 85' lang='lat' dir='ltr'>ad</span> <span class='ocrx_word' id='word_1_213' title='bbox 512 2867 651 2923; x_wconf 86' lang='lat' dir='ltr'>eventus.</span> <span class='ocrx_word' id='word_1_214' title='bbox 674 2860 752 2921; x_wconf 80' lang='lat' dir='ltr'>hoec</span> <span class='ocrx_word' id='word_1_215' title='bbox 766 2854 870 2931; x_wconf 81' lang='lat' dir='ltr'>cubat,</span> <span class='ocrx_word' id='word_1_216' title='bbox 893 2860 943 2923; x_wconf 85' lang='lat' dir='ltr'>ilie</span> <span class='ocrx_word' id='word_1_217' title='bbox 957 2860 1048 2925; x_wconf 68' lang='lat' dir='ltr'>vuer„</span> 
     </span>
    </p>

    <p class='ocr_par' dir='ltr' id='par_1_4' title="bbox 211 2943 1090 3021">
     <span class='ocr_line' id='line_1_32' title="bbox 211 2943 1090 3021; baseline -0.001 -18"><span class='ocrx_word' id='word_1_218' title='bbox 211 2952 257 3007; x_wconf 81' lang='lat'>165</span> <span class='ocrx_word' id='word_1_219' title='bbox 270 2944 333 3004; x_wconf 88' lang='lat' dir='ltr'>Nos</span> <span class='ocrx_word' id='word_1_220' title='bbox 348 2960 474 3021; x_wconf 87' lang='lat' dir='ltr'>quoque</span> <span class='ocrx_word' id='word_1_221' title='bbox 488 2944 629 3006; x_wconf 84' lang='lat' dir='ltr'>dissimili</span> <span class='ocrx_word' id='word_1_222' title='bbox 641 2944 808 3007; x_wconf 85' lang='lat' dir='ltr'>certumiuu</span> <span class='ocrx_word' id='word_1_223' title='bbox 822 2951 924 3006; x_wconf 87' lang='lat' dir='ltr'>ments</span> <span class='ocrx_word' id='word_1_224' title='bbox 940 2943 1090 3019; x_wconf 83' lang='lat' dir='ltr'>subimus,</span> 
     </span>
    </p>

    <p class='ocr_par' dir='ltr' id='par_1_5' title="bbox 212 3027 1118 3609">
     <span class='ocr_line' id='line_1_33' title="bbox 310 3027 1060 3104; baseline 0.005 -17"><span class='ocrx_word' id='word_1_225' title='bbox 310 3029 374 3088; x_wconf 85' lang='lat' dir='ltr'>Neo</span> <span class='ocrx_word' id='word_1_226' title='bbox 390 3044 464 3104; x_wconf 84' lang='lat' dir='ltr'>spes</span> <span class='ocrx_word' id='word_1_227' title='bbox 479 3044 536 3104; x_wconf 85' lang='lat' dir='ltr'>por</span> <span class='ocrx_word' id='word_1_228' title='bbox 550 3028 640 3090; x_wconf 87' lang='lat' dir='ltr'>uobis</span> <span class='ocrx_word' id='word_1_229' title='bbox 655 3044 713 3091; x_wconf 85' lang='lat' dir='ltr'>neo</span> <span class='ocrx_word' id='word_1_230' title='bbox 726 3030 817 3091; x_wconf 83' lang='lat' dir='ltr'>u&#39;mor</span> <span class='ocrx_word' id='word_1_231' title='bbox 829 3043 948 3104; x_wconf 84' lang='lat' dir='ltr'>aequus</span> <span class='ocrx_word' id='word_1_232' title='bbox 962 3027 1060 3091; x_wconf 82' lang='lat' dir='ltr'>udest</span> 
     </span>
     <span class='ocr_line' id='line_1_34' title="bbox 267 3112 1108 3188; baseline 0 -15"><span class='ocrx_word' id='word_1_233' title='bbox 267 3113 313 3173; x_wconf 79' lang='lat' dir='ltr'>Tu</span> <span class='ocrx_word' id='word_1_234' title='bbox 328 3112 408 3188; x_wconf 85' lang='lat' dir='ltr'>petis</span> <span class='ocrx_word' id='word_1_235' title='bbox 422 3127 462 3173; x_wconf 88' lang='lat' dir='ltr'>ex</span> <span class='ocrx_word' id='word_1_236' title='bbox 476 3119 550 3173; x_wconf 87' lang='lat' dir='ltr'>tuto.</span> <span class='ocrx_word' id='word_1_237' title='bbox 571 3113 697 3188; x_wconf 79' lang='lat' dir='ltr'>gravior</span> <span class='ocrx_word' id='word_1_238' title='bbox 711 3112 783 3174; x_wconf 86' lang='lat' dir='ltr'>mihi</span> <span class='ocrx_word' id='word_1_239' title='bbox 797 3119 894 3175; x_wconf 87' lang='lat' dir='ltr'>morto</span> <span class='ocrx_word' id='word_1_240' title='bbox 908 3112 1033 3188; x_wconf 79' lang='lat' dir='ltr'>repulso</span> <span class='ocrx_word' id='word_1_241' title='bbox 1048 3119 1108 3187; x_wconf 75' lang='lat' dir='ltr'>est,</span> 
     </span>
     <span class='ocr_line' id='line_1_35' title="bbox 311 3196 1104 3272; baseline 0.003 -18"><span class='ocrx_word' id='word_1_242' title='bbox 311 3196 409 3272; x_wconf 82' lang='lat' dir='ltr'>idque</span> <span class='ocrx_word' id='word_1_243' title='bbox 426 3212 484 3271; x_wconf 80' lang='lat' dir='ltr'>ego</span> <span class='ocrx_word' id='word_1_244' title='bbox 499 3196 573 3271; x_wconf 83' lang='lat' dir='ltr'>ium,</span> <span class='ocrx_word' id='word_1_245' title='bbox 596 3197 682 3272; x_wconf 89' lang='lat' dir='ltr'>quod</span> <span class='ocrx_word' id='word_1_246' title='bbox 695 3204 728 3258; x_wconf 87' lang='lat' dir='ltr'>tu</span> <span class='ocrx_word' id='word_1_247' title='bbox 743 3198 848 3258; x_wconf 84' lang='lat' dir='ltr'>torsus</span> <span class='ocrx_word' id='word_1_248' title='bbox 864 3196 999 3267; x_wconf 79' lang='lat' dir='ltr'>amabis,</span> <span class='ocrx_word' id='word_1_249' title='bbox 1022 3211 1104 3259; x_wconf 77' lang='lat' dir='ltr'>uuio.</span> 
     </span>
     <span class='ocr_line' id='line_1_36' title="bbox 271 3278 893 3355; baseline 0 -14"><span class='ocrx_word' id='word_1_250' title='bbox 271 3278 304 3341; x_wconf 89' lang='lat' dir='ltr'>Si</span> <span class='ocrx_word' id='word_1_251' title='bbox 318 3280 371 3340; x_wconf 88' lang='lat' dir='ltr'>tibi</span> <span class='ocrx_word' id='word_1_252' title='bbox 386 3280 533 3353; x_wconf 80' lang='lat' dir='ltr'>iustitiae,</span> <span class='ocrx_word' id='word_1_253' title='bbox 556 3280 584 3341; x_wconf 92' lang='lat' dir='ltr'>si</span> <span class='ocrx_word' id='word_1_254' title='bbox 597 3281 673 3343; x_wconf 88' lang='lat' dir='ltr'>recti</span> <span class='ocrx_word' id='word_1_255' title='bbox 688 3296 762 3343; x_wconf 85' lang='lat' dir='ltr'>curo</span> <span class='ocrx_word' id='word_1_256' title='bbox 776 3279 893 3355; x_wconf 84' lang='lat' dir='ltr'>fuisset,</span> 
     </span>
     <span class='ocr_line' id='line_1_37' title="bbox 212 3363 917 3442; baseline 0.001 -21"><span class='ocrx_word' id='word_1_257' title='bbox 212 3369 257 3426; x_wconf 82' lang='lat' dir='ltr'>tto</span> <span class='ocrx_word' id='word_1_258' title='bbox 310 3363 427 3424; x_wconf 83' lang='lat' dir='ltr'>cedere</span> <span class='ocrx_word' id='word_1_259' title='bbox 441 3363 595 3426; x_wconf 78' lang='lat' dir='ltr'>debueras</span> <span class='ocrx_word' id='word_1_260' title='bbox 609 3364 731 3440; x_wconf 78' lang='lat' dir='ltr'>ignibus</span> <span class='ocrx_word' id='word_1_261' title='bbox 746 3365 815 3442; x_wconf 86' lang='lat' dir='ltr'>ipso</span> <span class='ocrx_word' id='word_1_262' title='bbox 829 3365 917 3428; x_wconf 87' lang='lat' dir='ltr'>meis.</span> 
     </span>
     <span class='ocr_line' id='line_1_38' title="bbox 268 3446 1118 3525; baseline 0 -16"><span class='ocrx_word' id='word_1_263' title='bbox 268 3446 354 3521; x_wconf 81' lang='lat' dir='ltr'>Nunc</span> <span class='ocrx_word' id='word_1_264' title='bbox 367 3448 514 3522; x_wconf 84' lang='lat' dir='ltr'>quonism</span> <span class='ocrx_word' id='word_1_265' title='bbox 528 3448 611 3511; x_wconf 86' lang='lat' dir='ltr'>ierus</span> <span class='ocrx_word' id='word_1_266' title='bbox 626 3449 677 3510; x_wconf 85' lang='lat' dir='ltr'>iiic</span> <span class='ocrx_word' id='word_1_267' title='bbox 691 3466 748 3525; x_wconf 87' lang='lat' dir='ltr'>pro</span> <span class='ocrx_word' id='word_1_268' title='bbox 764 3464 859 3511; x_wconf 84' lang='lat' dir='ltr'>ceusu</span> <span class='ocrx_word' id='word_1_269' title='bbox 874 3456 989 3525; x_wconf 74' lang='lat' dir='ltr'>pugnet</span> <span class='ocrx_word' id='word_1_270' title='bbox 1002 3448 1118 3524; x_wconf 81' lang='lat' dir='ltr'>iniquo,</span> 
     </span>
     <span class='ocr_line' id='line_1_39' title="bbox 303 3531 998 3609; baseline 0 -17"><span class='ocrx_word' id='word_1_271' title='bbox 303 3531 359 3592; x_wconf 68' lang='lat' dir='ltr'>uid</span> <span class='ocrx_word' id='word_1_272' title='bbox 376 3531 466 3605; x_wconf 85' lang='lat' dir='ltr'>quid,</span> <span class='ocrx_word' id='word_1_273' title='bbox 489 3532 644 3609; x_wconf 76' lang='lat' dir='ltr'>Cydippe,</span> <span class='ocrx_word' id='word_1_274' title='bbox 668 3533 766 3595; x_wconf 82' lang='lat' dir='ltr'>littero</span> <span class='ocrx_word' id='word_1_275' title='bbox 780 3540 885 3595; x_wconf 84' lang='lat' dir='ltr'>nostro</span> <span class='ocrx_word' id='word_1_276' title='bbox 899 3532 998 3595; x_wconf 67' lang='lat' dir='ltr'>redit?</span> 
     </span>
    </p>
   </div>
   <div class='ocr_carea' id='block_1_3' title="bbox 0 0 1238 4042">
    <p class='ocr_par' dir='ltr' id='par_1_6' title="bbox 0 0 1238 4042">
     <span class='ocr_line' id='line_1_40' title="bbox 0 0 1238 4042; baseline 0 0"><span class='ocrx_word' id='word_1_277' title='bbox 0 0 1238 4042; x_wconf 95' lang='lat' dir='ltr'> </span> 
     </span>
    </p>
   </div>
  </div>
 </body>
</html>
