2467 4042
210 232 250 296 52
618 230 819 293 AMORUM

235 435 261 528 θ
291 437 418 543 Amnis,
442 467 644 531 arundinibus
657 467 785 526 limosas
801 464 901 527 obsite
914 465 1016 544 ripas,

331 554 383 613 Ad
397 552 552 614 dominam
568 565 714 628 propero.
742 550 819 610 siste
833 565 1000 626 parumper
1012 563 1134 628 aquas!

288 638 350 698 Nec
366 636 419 697 tibi
432 644 505 697 sunt
516 643 644 712 pontes,
667 649 725 696 nec
739 649 820 709 quae
833 634 901 694 sine
914 635 1040 711 remigis
1054 636 1120 699 icta

332 721 475 783 concava
488 721 614 781 traiecto
630 719 741 780 cumba
753 717 882 781 rudente
897 719 1000 779 vehat.

260 804 404 868 sparvus
420 819 505 876 eras,
527 803 666 879 memini,
688 817 745 863 nec
759 809 789 862 te
802 801 934 867 transire
948 804 1064 880 refugi,

331 888 517 963 Summaque
532 889 585 948 vix
599 891 679 950 talos
695 886 821 962 contigit
834 887 918 948 unda
935 903 1033 949 meos.

287 974 374 1034 Nunc
389 973 454 1034 ruis
469 972 614 1048 adposito
630 970 752 1032 nivibus
766 976 797 1032 te
811 978 915 1032 monte
932 973 1061 1048 solutis,

206 1107 212 1115 .
329 1059 366 1117 Et
380 1056 462 1132 turpi
477 1072 602 1118 crassas
616 1055 737 1131 gurgite
754 1055 854 1115 volvis
870 1071 980 1132 aquas.

288 1140 366 1216 Quid
381 1156 571 1217 properasse
583 1140 681 1214 iuvat,
706 1138 780 1215 quid
795 1155 890 1215 parca
905 1140 1033 1203 dedisse
1049 1141 1154 1217 quieti

247 1237 279 1289 ιο
332 1226 497 1301 Tempora,
521 1225 596 1300 quid
611 1223 694 1284 noeti
709 1225 909 1285 conseruisse
924 1224 1019 1299 diem,

287 1309 320 1371 Si
335 1316 437 1370 tamen
451 1308 501 1368 hic
516 1308 660 1372 standum
674 1315 737 1383 est,
756 1307 783 1367 si
797 1323 859 1367 non
873 1308 963 1369 datur
978 1308 1100 1373 artibus
1120 1313 1201 1373 ullis

328 1393 460 1454 Ulterior
473 1399 579 1453 nostro
594 1394 663 1469 ripa
673 1391 846 1468 premenda
861 1393 956 1468 pedit

286 1480 372 1540 Nunc
386 1493 445 1552 ego
462 1493 539 1553 quas
554 1475 659 1537 habuit
672 1476 783 1552 pinnas
798 1477 954 1541 Danaeius
964 1476 1081 1553 heros,

326 1559 464 1622 Terribili
482 1561 613 1623 densum
630 1576 700 1622 cum
717 1560 784 1621 tulit
799 1576 900 1636 angue
915 1569 1022 1637 caput,

244 1643 276 1708 1‘5
285 1646 373 1707 Nunc
388 1652 462 1722 opto
478 1660 616 1718 currum,
640 1645 679 1706 de
696 1661 757 1719 quo
773 1643 902 1707 cerialis
916 1645 1049 1722 primum

327 1728 452 1791 Semina
467 1736 616 1791 venerunt
630 1730 661 1789 in
678 1729 758 1791 rude
772 1729 869 1790 missa
885 1729 996 1792 solum.

284 1815 466 1890 Prodigiosa
480 1813 592 1889 loquor
608 1818 748 1875 velerum
761 1813 922 1875 mendacia
937 1821 1051 1876 vatum.

326 1900 390 1959 Nec
405 1898 473 1960 tulit
486 1897 565 1960 haec
580 1914 741 1974 umquam,
764 1913 823 1961 nec
839 1899 916 1959 leret
930 1899 993 1961 ulla
1007 1898 1088 1965 dies.

283 1985 327 2044 Tu
343 1983 460 2058 potius,
481 1982 559 2058 ripis
574 1980 674 2044 effuse
688 1981 855 2058 capacibus
871 1983 1016 2056 amnis‚...

242 2078 277 2130 20
330 2066 382 2127 Sic
398 2073 540 2128 aeternus
556 2082 644 2128 eas...
659 2065 764 2133 labere
781 2066 843 2127 fine
856 2073 923 2129 tuot

283 2152 351 2212 Non
367 2150 428 2212 eris
441 2150 590 2226 invidiae,
611 2158 748 2224 torrens,
771 2150 966 2226 mihicrede,
985 2151 1165 2227 ferendae,

326 2233 360 2297 Si
375 2236 462 2298 dicar
477 2251 535 2312 per
550 2242 581 2297 te
595 2235 675 2296 forte
690 2241 827 2299 retentus
845 2251 962 2297 amans.

282 2319 421 2382 Flumina
439 2318 587 2381 deberent
600 2320 730 2382 iuvenes
744 2320 775 2380 in
790 2336 896 2381 amore
912 2319 1046 2381 iuvenes.

233 2420 241 2434 ·
323 2404 461 2466 Flumina
475 2410 642 2467 senserunt
654 2404 739 2480 ipsa,
762 2405 836 2480 quid
852 2410 937 2469 esset
949 2418 1046 2465 amor.

240 2498 274 2550 25
286 2489 419 2551 Inachus
436 2488 468 2549 in
481 2488 572 2550 ilelie
586 2488 754 2567 Bithynida
769 2490 903 2565 pallidus
919 2488 983 2549 isse

325 2573 442 2635 Dicitur
449 2581 486 2635 et
498 2573 611 2650 gelidis
620 2573 793 2635 -inealuisse
808 2573 908 2639 vadis.

283 2658 423 2719 Nondum
435 2657 527 2720 'droia
541 2658 598 2720 luit
611 2656 717 2721 lustris
733 2657 867 2720 obsessa
882 2656 1021 2731 duobus,

325 2743 399 2804 cum
412 2743 514 2820 rapuit
528 2743 647 2817 vultus,
669 2741 807 2819 Xantho,
828 2742 947 2805 Neaera
960 2747 1040 2803 tuos.

282 2825 376 2902 Quid,
396 2843 458 2888 non
472 2827 617 2903 Alpheon
635 2826 768 2889 diversis
784 2841 908 2889 currere
923 2825 1013 2888 terris

238 2921 274 2974 ed
325 2910 461 2987 Virginis
474 2911 630 2974 Arcadiae
645 2919 748 2973 certus
763 2912 867 2987 adegit
883 2918 991 2972 amors

280 2995 322 3055 Te
339 3010 464 3071 quoque
479 2995 664 3072 promissam
678 2996 816 3072 Xantho,
837 2996 954 3071 Peneo,
976 2995 1124 3059 Creusam

321 3078 494 3140 Phthiotum
507 3080 597 3142 tems
615 3081 792 3143 occuluisse
809 3080 919 3142 lerunt.

281 3161 360 3238 Quid
373 3166 505 3226 referam
519 3166 674 3242 Asoponr
694 3181 786 3241 quem
800 3164 883 3241 cepit
894 3164 1003 3226 Martia
1015 3162 1143 3242 Thebe,

322 3247 466 3321 Natarum
479 3248 583 3309 Thebc
599 3248 737 3326 quinque
755 3251 857 3311 lutura
871 3263 994 3326 parens.

237 3338 271 3394 35
284 3330 405 3392 Cornua
419 3333 446 3394 si
461 3339 514 3394 tua
530 3348 611 3395 nunc
626 3333 678 3394 ubi
693 3334 767 3409 siut,
788 3333 941 3410 Acheloe,
964 3333 1141 3411 recubam,

321 3415 462 3478 Herculis
476 3418 553 3478 irata
567 3418 665 3479 fracta
680 3433 809 3495 querere
824 3433 927 3479 manu.

279 3499 341 3560 Nee
356 3500 431 3561 tanti
447 3501 600 3579 Calydon,
619 3517 677 3564 nec
692 3508 756 3563 tola
769 3502 892 3566 Aetolia
906 3502 981 3564 tanti
