<?xml version="1.0" encoding="UTF-8"?>
<!DOCTYPE html PUBLIC "-//W3C//DTD XHTML 1.0 Transitional//EN"
    "http://www.w3.org/TR/xhtml1/DTD/xhtml1-transitional.dtd">
<html xmlns="http://www.w3.org/1999/xhtml" xml:lang="en" lang="en">
 <head>
  <title>
</title>
<meta http-equiv="Content-Type" content="text/html;charset=utf-8" />
  <meta name='ocr-system' content='tesseract 3.04.00' />
  <meta name='ocr-capabilities' content='ocr_page ocr_carea ocr_par ocr_line ocrx_word'/>
</head>
<body>
  <div class='ocr_page' id='page_1' title='image "./povidiusnaso00ehwagoog_0998.png"; bbox 0 0 2467 4042; ppageno 0'>
   <div class='ocr_carea' id='block_1_1' title="bbox 200 200 793 265">
    <p class='ocr_par' dir='ltr' id='par_1_1' title="bbox 200 200 793 265">
     <span class='ocr_line' id='line_1_1' title="bbox 200 200 793 265; baseline 0.007 -4"><span class='ocrx_word' id='word_1_1' title='bbox 200 200 264 265; x_wconf 74' lang='lat'><strong>170</strong></span> <span class='ocrx_word' id='word_1_2' title='bbox 606 204 656 253; x_wconf 77' lang='lat' dir='ltr'><strong>Ex</strong></span> <span class='ocrx_word' id='word_1_3' title='bbox 673 203 793 255; x_wconf 64' lang='lat' dir='ltr'><strong>Potito</strong></span> 
     </span>
    </p>
   </div>
   <div class='ocr_carea' id='block_1_2' title="bbox 179 366 1229 3618">
    <p class='ocr_par' dir='ltr' id='par_1_2' title="bbox 179 366 1229 3618">
     <span class='ocr_line' id='line_1_2' title="bbox 333 366 957 428; baseline 0.002 -1"><span class='ocrx_word' id='word_1_4' title='bbox 333 366 464 427; x_wconf 85' lang='lat' dir='ltr'><strong>Sollicito</strong></span> <span class='ocrx_word' id='word_1_5' title='bbox 488 384 597 426; x_wconf 85' lang='lat' dir='ltr'><strong>vacuus</strong></span> <span class='ocrx_word' id='word_1_6' title='bbox 621 368 655 427; x_wconf 85' lang='lat' dir='ltr'><strong>tit</strong></span> <span class='ocrx_word' id='word_1_7' title='bbox 677 366 761 428; x_wconf 88' lang='lat' dir='ltr'><strong>locus</strong></span> <span class='ocrx_word' id='word_1_8' title='bbox 783 367 832 428; x_wconf 88' lang='lat' dir='ltr'><strong>ilie</strong></span> <span class='ocrx_word' id='word_1_9' title='bbox 855 375 957 428; x_wconf 88' lang='lat' dir='ltr'><strong>metu.</strong></span> 
     </span>
     <span class='ocr_line' id='line_1_3' title="bbox 288 453 1229 536; baseline 0 -21"><span class='ocrx_word' id='word_1_10' title='bbox 288 453 362 526; x_wconf 85' lang='lat' dir='ltr'><strong>Quis</strong></span> <span class='ocrx_word' id='word_1_11' title='bbox 384 472 444 515; x_wconf 89' lang='lat' dir='ltr'><strong>non</strong></span> <span class='ocrx_word' id='word_1_12' title='bbox 466 472 484 514; x_wconf 89' lang='lat' dir='ltr'><strong>e</strong></span> <span class='ocrx_word' id='word_1_13' title='bbox 507 454 618 514; x_wconf 89' lang='lat' dir='ltr'><strong>timidis</strong></span> <span class='ocrx_word' id='word_1_14' title='bbox 642 458 724 533; x_wconf 82' lang='lat' dir='ltr'><strong>aegri</strong></span> <span class='ocrx_word' id='word_1_15' title='bbox 746 458 882 533; x_wconf 81' lang='lat' dir='ltr'><strong>contagia</strong></span> <span class='ocrx_word' id='word_1_16' title='bbox 903 457 993 536; x_wconf 82' lang='lat' dir='ltr'><strong>vitat,</strong></span> <span class='ocrx_word' id='word_1_17' title='bbox 1228 519 1229 528; x_wconf 12' lang='grc' dir='ltr'>ἶ</span> 
     </span>
     <span class='ocr_line' id='line_1_4' title="bbox 332 537 1229 604; baseline -0.002 -4"><span class='ocrx_word' id='word_1_18' title='bbox 332 543 467 604; x_wconf 89' lang='lat' dir='ltr'><strong>Vicinum</strong></span> <span class='ocrx_word' id='word_1_19' title='bbox 490 551 628 602; x_wconf 89' lang='lat' dir='ltr'><strong>metucns</strong></span> <span class='ocrx_word' id='word_1_20' title='bbox 651 562 689 603; x_wconf 90' lang='lat' dir='ltr'><strong>ne</strong></span> <span class='ocrx_word' id='word_1_21' title='bbox 711 543 810 604; x_wconf 91' lang='lat' dir='ltr'><strong>trahat</strong></span> <span class='ocrx_word' id='word_1_22' title='bbox 831 543 901 604; x_wconf 90' lang='lat' dir='ltr'><strong>inde</strong></span> <span class='ocrx_word' id='word_1_23' title='bbox 922 540 1067 603; x_wconf 77' lang='lat' dir='ltr'><strong>maium?</strong></span> <span class='ocrx_word' id='word_1_24' title='bbox 1170 576 1176 584; x_wconf 94' lang='lat'><em>-</em></span> <span class='ocrx_word' id='word_1_25' title='bbox 1228 537 1229 598; x_wconf 77' lang='lat' dir='ltr'><strong>i</strong></span> 
     </span>
     <span class='ocr_line' id='line_1_5' title="bbox 241 621 1229 716; baseline 0.002 -25"><span class='ocrx_word' id='word_1_26' title='bbox 241 644 273 692; x_wconf 80' lang='lat' dir='ltr'><strong>tu</strong></span> <span class='ocrx_word' id='word_1_27' title='bbox 287 631 333 691; x_wconf 84' lang='lat' dir='ltr'><strong>bic</strong></span> <span class='ocrx_word' id='word_1_28' title='bbox 356 648 475 709; x_wconf 90' lang='lat' dir='ltr'><strong>quoqne</strong></span> <span class='ocrx_word' id='word_1_29' title='bbox 498 633 661 691; x_wconf 90' lang='lat' dir='ltr'><strong>amicorum</strong></span> <span class='ocrx_word' id='word_1_30' title='bbox 684 634 775 692; x_wconf 92' lang='lat' dir='ltr'><strong>nimio</strong></span> <span class='ocrx_word' id='word_1_31' title='bbox 798 640 915 692; x_wconf 90' lang='lat' dir='ltr'><strong>terrore</strong></span> <span class='ocrx_word' id='word_1_32' title='bbox 936 638 1111 716; x_wconf 81' lang='lat' dir='ltr'><strong>metuque,</strong></span> <span class='ocrx_word' id='word_1_33' title='bbox 1228 621 1229 642; x_wconf 59' lang='lat'>¹</span> 
     </span>
     <span class='ocr_line' id='line_1_6' title="bbox 330 718 913 796; baseline 0.002 -18"><span class='ocrx_word' id='word_1_34' title='bbox 330 718 396 778; x_wconf 88' lang='lat' dir='ltr'><strong>Non</strong></span> <span class='ocrx_word' id='word_1_35' title='bbox 418 719 486 779; x_wconf 91' lang='lat' dir='ltr'><strong>odio</strong></span> <span class='ocrx_word' id='word_1_36' title='bbox 510 719 630 796; x_wconf 89' lang='lat' dir='ltr'><strong>quidam</strong></span> <span class='ocrx_word' id='word_1_37' title='bbox 652 719 815 779; x_wconf 76' lang='lat' dir='ltr'><strong>destituere</strong></span> <span class='ocrx_word' id='word_1_38' title='bbox 838 721 913 779; x_wconf 91' lang='lat' dir='ltr'><strong>mei.</strong></span> 
     </span>
     <span class='ocr_line' id='line_1_7' title="bbox 286 806 971 885; baseline 0 -18"><span class='ocrx_word' id='word_1_39' title='bbox 286 806 351 867; x_wconf 89' lang='lat' dir='ltr'><strong>Non</strong></span> <span class='ocrx_word' id='word_1_40' title='bbox 374 806 432 866; x_wconf 89' lang='lat' dir='ltr'><strong>iliis</strong></span> <span class='ocrx_word' id='word_1_41' title='bbox 454 808 550 885; x_wconf 91' lang='lat' dir='ltr'><strong>pietas</strong></span> <span class='ocrx_word' id='word_1_42' title='bbox 562 853 572 885; x_wconf 88' lang='lat'>‚</span> <span class='ocrx_word' id='word_1_43' title='bbox 599 825 659 867; x_wconf 88' lang='lat' dir='ltr'><strong>non</strong></span> <span class='ocrx_word' id='word_1_44' title='bbox 682 808 814 868; x_wconf 83' lang='lat' dir='ltr'><strong>officiosa</strong></span> <span class='ocrx_word' id='word_1_45' title='bbox 837 807 971 867; x_wconf 85' lang='lat' dir='ltr'><strong>voluutas</strong></span> 
     </span>
     <span class='ocr_line' id='line_1_8' title="bbox 331 894 925 956; baseline 0.002 -2"><span class='ocrx_word' id='word_1_46' title='bbox 331 895 454 955; x_wconf 76' lang='lat' dir='ltr'><strong>Defuit:</strong></span> <span class='ocrx_word' id='word_1_47' title='bbox 485 894 625 955; x_wconf 84' lang='lat' dir='ltr'><strong>adversos</strong></span> <span class='ocrx_word' id='word_1_48' title='bbox 648 897 813 956; x_wconf 78' lang='lat' dir='ltr'><strong>extimuere</strong></span> <span class='ocrx_word' id='word_1_49' title='bbox 836 895 925 956; x_wconf 91' lang='lat' dir='ltr'><strong>deos.</strong></span> 
     </span>
     <span class='ocr_line' id='line_1_9' title="bbox 289 982 1079 1066; baseline 0.003 -23"><span class='ocrx_word' id='word_1_50' title='bbox 289 982 399 1061; x_wconf 88' lang='lat' dir='ltr'><strong>[thue</strong></span> <span class='ocrx_word' id='word_1_51' title='bbox 422 984 514 1061; x_wconf 82' lang='lat' dir='ltr'><strong>magis</strong></span> <span class='ocrx_word' id='word_1_52' title='bbox 537 986 617 1044; x_wconf 90' lang='lat' dir='ltr'><strong>cauti</strong></span> <span class='ocrx_word' id='word_1_53' title='bbox 639 993 765 1063; x_wconf 87' lang='lat' dir='ltr'><strong>possunt</strong></span> <span class='ocrx_word' id='word_1_54' title='bbox 783 983 937 1062; x_wconf 85' lang='lat' dir='ltr'><strong>timidique</strong></span> <span class='ocrx_word' id='word_1_55' title='bbox 961 983 1079 1066; x_wconf 83' lang='lat' dir='ltr'><strong>videri,</strong></span> 
     </span>
     <span class='ocr_line' id='line_1_10' title="bbox 239 1070 913 1150; baseline 0 -19"><span class='ocrx_word' id='word_1_56' title='bbox 239 1083 274 1132; x_wconf 77' lang='lat'><strong>20</strong></span> <span class='ocrx_word' id='word_1_57' title='bbox 333 1070 381 1131; x_wconf 90' lang='lat' dir='ltr'><strong>Sic</strong></span> <span class='ocrx_word' id='word_1_58' title='bbox 405 1070 546 1150; x_wconf 85' lang='lat' dir='ltr'><strong>appeiiari</strong></span> <span class='ocrx_word' id='word_1_59' title='bbox 570 1089 630 1131; x_wconf 90' lang='lat' dir='ltr'><strong>non</strong></span> <span class='ocrx_word' id='word_1_60' title='bbox 654 1090 790 1133; x_wconf 87' lang='lat' dir='ltr'><strong>meruere</strong></span> <span class='ocrx_word' id='word_1_61' title='bbox 812 1070 913 1148; x_wconf 91' lang='lat' dir='ltr'><strong>mali.]</strong></span> 
     </span>
     <span class='ocr_line' id='line_1_11' title="bbox 287 1159 1229 1241; baseline 0.005 -22"><span class='ocrx_word' id='word_1_62' title='bbox 287 1159 346 1220; x_wconf 79' lang='lat' dir='ltr'><strong>Ant</strong></span> <span class='ocrx_word' id='word_1_63' title='bbox 368 1177 452 1219; x_wconf 90' lang='lat' dir='ltr'><strong>meus</strong></span> <span class='ocrx_word' id='word_1_64' title='bbox 475 1169 598 1220; x_wconf 88' lang='lat' dir='ltr'><strong>excusat</strong></span> <span class='ocrx_word' id='word_1_65' title='bbox 621 1178 707 1221; x_wconf 87' lang='lat' dir='ltr'><strong>caros</strong></span> <span class='ocrx_word' id='word_1_66' title='bbox 729 1163 769 1221; x_wconf 92' lang='lat' dir='ltr'><strong>ita</strong></span> <span class='ocrx_word' id='word_1_67' title='bbox 792 1159 903 1220; x_wconf 88' lang='lat' dir='ltr'><strong>candor</strong></span> <span class='ocrx_word' id='word_1_68' title='bbox 926 1161 1060 1241; x_wconf 87' lang='lat' dir='ltr'><strong>amicos,</strong></span> <span class='ocrx_word' id='word_1_69' title='bbox 1175 1175 1229 1226; x_wconf 77' lang='lat' dir='ltr'><strong>(et</strong></span> 
     </span>
     <span class='ocr_line' id='line_1_12' title="bbox 332 1246 1116 1326; baseline 0.003 -19"><span class='ocrx_word' id='word_1_70' title='bbox 332 1246 430 1326; x_wconf 86' lang='lat' dir='ltr'><strong>thue</strong></span> <span class='ocrx_word' id='word_1_71' title='bbox 453 1246 581 1308; x_wconf 89' lang='lat' dir='ltr'><strong>habeant</strong></span> <span class='ocrx_word' id='word_1_72' title='bbox 604 1249 641 1309; x_wconf 89' lang='lat' dir='ltr'><strong>de</strong></span> <span class='ocrx_word' id='word_1_73' title='bbox 665 1266 712 1308; x_wconf 88' lang='lat' dir='ltr'><strong>mc</strong></span> <span class='ocrx_word' id='word_1_74' title='bbox 736 1250 858 1309; x_wconf 91' lang='lat' dir='ltr'><strong>crimina</strong></span> <span class='ocrx_word' id='word_1_75' title='bbox 882 1248 985 1316; x_wconf 91' lang='lat' dir='ltr'><strong>nulia,</strong></span> <span class='ocrx_word' id='word_1_76' title='bbox 1007 1249 1116 1311; x_wconf 61' lang='lat' dir='ltr'><strong>&amp;ret</strong></span> 
     </span>
     <span class='ocr_line' id='line_1_13' title="bbox 289 1335 1229 1417; baseline 0.001 -21"><span class='ocrx_word' id='word_1_77' title='bbox 289 1335 355 1396; x_wconf 91' lang='lat' dir='ltr'><strong>Sint</strong></span> <span class='ocrx_word' id='word_1_78' title='bbox 377 1335 409 1396; x_wconf 94' lang='lat' dir='ltr'><strong>bi</strong></span> <span class='ocrx_word' id='word_1_79' title='bbox 431 1338 563 1396; x_wconf 90' lang='lat' dir='ltr'><strong>contenti</strong></span> <span class='ocrx_word' id='word_1_80' title='bbox 585 1339 671 1397; x_wconf 82' lang='lat' dir='ltr'><strong>venia</strong></span> <span class='ocrx_word' id='word_1_81' title='bbox 683 1383 692 1416; x_wconf 91' lang='lat'><strong><em>,</em></strong></span> <span class='ocrx_word' id='word_1_82' title='bbox 715 1345 873 1416; x_wconf 84' lang='lat' dir='ltr'><strong>sperentre</strong></span> <span class='ocrx_word' id='word_1_83' title='bbox 895 1335 1014 1417; x_wconf 85' lang='lat' dir='ltr'><strong>iicebit,</strong></span> <span class='ocrx_word' id='word_1_84' title='bbox 1228 1359 1229 1412; x_wconf 67' lang='lat' dir='ltr'><strong>q</strong></span> 
     </span>
     <span class='ocr_line' id='line_1_14' title="bbox 331 1421 1229 1503; baseline 0.001 -20"><span class='ocrx_word' id='word_1_85' title='bbox 331 1423 456 1502; x_wconf 85' lang='lat' dir='ltr'><strong>Purgari</strong></span> <span class='ocrx_word' id='word_1_86' title='bbox 478 1424 589 1484; x_wconf 89' lang='lat' dir='ltr'><strong>iactum</strong></span> <span class='ocrx_word' id='word_1_87' title='bbox 612 1442 660 1484; x_wconf 92' lang='lat' dir='ltr'><strong>me</strong></span> <span class='ocrx_word' id='word_1_88' title='bbox 684 1442 803 1503; x_wconf 88' lang='lat' dir='ltr'><strong>quoque</strong></span> <span class='ocrx_word' id='word_1_89' title='bbox 825 1431 903 1485; x_wconf 90' lang='lat' dir='ltr'><strong>teste</strong></span> <span class='ocrx_word' id='word_1_90' title='bbox 925 1441 1033 1486; x_wconf 88' lang='lat' dir='ltr'><strong>suum.</strong></span> <span class='ocrx_word' id='word_1_91' title='bbox 1228 1421 1229 1472; x_wconf 80' lang='lat' dir='ltr'><strong>i</strong></span> 
     </span>
     <span class='ocr_line' id='line_1_15' title="bbox 239 1511 1060 1593; baseline 0.004 -21"><span class='ocrx_word' id='word_1_92' title='bbox 239 1523 274 1573; x_wconf 75' lang='lat'><strong>25</strong></span> <span class='ocrx_word' id='word_1_93' title='bbox 288 1511 360 1571; x_wconf 88' lang='lat' dir='ltr'><strong>Pars</strong></span> <span class='ocrx_word' id='word_1_94' title='bbox 383 1514 456 1573; x_wconf 92' lang='lat' dir='ltr'><strong>estis</strong></span> <span class='ocrx_word' id='word_1_95' title='bbox 478 1514 566 1590; x_wconf 90' lang='lat' dir='ltr'><strong>pauci</strong></span> <span class='ocrx_word' id='word_1_96' title='bbox 588 1512 716 1593; x_wconf 82' lang='lat' dir='ltr'><strong>metior,</strong></span> <span class='ocrx_word' id='word_1_97' title='bbox 739 1516 791 1590; x_wconf 91' lang='lat' dir='ltr'><strong>qui</strong></span> <span class='ocrx_word' id='word_1_98' title='bbox 813 1511 904 1572; x_wconf 86' lang='lat' dir='ltr'><strong>rebus</strong></span> <span class='ocrx_word' id='word_1_99' title='bbox 928 1514 959 1572; x_wconf 89' lang='lat' dir='ltr'><strong>in</strong></span> <span class='ocrx_word' id='word_1_100' title='bbox 982 1515 1060 1575; x_wconf 89' lang='lat' dir='ltr'><strong>artis</strong></span> 
     </span>
     <span class='ocr_line' id='line_1_16' title="bbox 331 1598 1045 1680; baseline 0.003 -21"><span class='ocrx_word' id='word_1_101' title='bbox 331 1599 424 1660; x_wconf 86' lang='lat' dir='ltr'><strong>Ferre</strong></span> <span class='ocrx_word' id='word_1_102' title='bbox 447 1599 519 1660; x_wconf 90' lang='lat' dir='ltr'><strong>mihi</strong></span> <span class='ocrx_word' id='word_1_103' title='bbox 542 1598 653 1660; x_wconf 90' lang='lat' dir='ltr'><strong>nullam</strong></span> <span class='ocrx_word' id='word_1_104' title='bbox 676 1608 764 1678; x_wconf 83' lang='lat' dir='ltr'><strong>turpe</strong></span> <span class='ocrx_word' id='word_1_105' title='bbox 787 1603 913 1680; x_wconf 89' lang='lat' dir='ltr'><strong>putastis</strong></span> <span class='ocrx_word' id='word_1_106' title='bbox 935 1617 1045 1679; x_wconf 90' lang='lat' dir='ltr'><strong>opem.</strong></span> 
     </span>
     <span class='ocr_line' id='line_1_17' title="bbox 288 1688 1026 1769; baseline -0.001 -21"><span class='ocrx_word' id='word_1_107' title='bbox 288 1688 371 1748; x_wconf 87' lang='lat' dir='ltr'><strong>Tunc</strong></span> <span class='ocrx_word' id='word_1_108' title='bbox 394 1691 486 1767; x_wconf 76' lang='lat' dir='ltr'><strong>igitur</strong></span> <span class='ocrx_word' id='word_1_109' title='bbox 508 1690 607 1748; x_wconf 89' lang='lat' dir='ltr'><strong>meriti</strong></span> <span class='ocrx_word' id='word_1_110' title='bbox 631 1689 775 1749; x_wconf 88' lang='lat' dir='ltr'><strong>morietur</strong></span> <span class='ocrx_word' id='word_1_111' title='bbox 798 1691 892 1767; x_wconf 83' lang='lat' dir='ltr'><strong>gratia</strong></span> <span class='ocrx_word' id='word_1_112' title='bbox 914 1690 1026 1769; x_wconf 86' lang='lat' dir='ltr'><strong>vestri,</strong></span> 
     </span>
     <span class='ocr_line' id='line_1_18' title="bbox 332 1774 1050 1856; baseline -0.003 -19"><span class='ocrx_word' id='word_1_113' title='bbox 332 1775 406 1837; x_wconf 82' lang='lat' dir='ltr'><strong>Cum</strong></span> <span class='ocrx_word' id='word_1_114' title='bbox 429 1779 504 1836; x_wconf 91' lang='lat' dir='ltr'><strong>cinis</strong></span> <span class='ocrx_word' id='word_1_115' title='bbox 527 1774 684 1856; x_wconf 86' lang='lat' dir='ltr'><strong>absumpto</strong></span> <span class='ocrx_word' id='word_1_116' title='bbox 707 1794 833 1856; x_wconf 88' lang='lat' dir='ltr'><strong>corpore</strong></span> <span class='ocrx_word' id='word_1_117' title='bbox 856 1777 952 1837; x_wconf 88' lang='lat' dir='ltr'><strong>iactus</strong></span> <span class='ocrx_word' id='word_1_118' title='bbox 975 1794 1050 1836; x_wconf 88' lang='lat' dir='ltr'><strong>cro.</strong></span> 
     </span>
     <span class='ocr_line' id='line_1_19' title="bbox 287 1861 1120 1949; baseline 0.001 -24"><span class='ocrx_word' id='word_1_119' title='bbox 287 1861 414 1925; x_wconf 81' lang='lat' dir='ltr'><strong>Faiior?</strong></span> <span class='ocrx_word' id='word_1_120' title='bbox 445 1871 476 1925; x_wconf 89' lang='lat' dir='ltr'><strong>et</strong></span> <span class='ocrx_word' id='word_1_121' title='bbox 497 1863 547 1923; x_wconf 90' lang='lat' dir='ltr'><strong>iila</strong></span> <span class='ocrx_word' id='word_1_122' title='bbox 569 1882 652 1925; x_wconf 89' lang='lat' dir='ltr'><strong>meae</strong></span> <span class='ocrx_word' id='word_1_123' title='bbox 676 1864 828 1943; x_wconf 82' lang='lat' dir='ltr'><strong>superabit</strong></span> <span class='ocrx_word' id='word_1_124' title='bbox 850 1873 985 1943; x_wconf 88' lang='lat' dir='ltr'><strong>tempora</strong></span> <span class='ocrx_word' id='word_1_125' title='bbox 1008 1867 1120 1949; x_wconf 84' lang='lat' dir='ltr'><strong>vitae,</strong></span> 
     </span>
     <span class='ocr_line' id='line_1_20' title="bbox 179 1942 983 2031; baseline -0.002 -18"><span class='ocrx_word' id='word_1_126' title='bbox 179 1942 189 1964; x_wconf 77' lang='lat'>⁸</span> <span class='ocrx_word' id='word_1_127' title='bbox 237 1965 272 2013; x_wconf 82' lang='lat'><strong>30</strong></span> <span class='ocrx_word' id='word_1_128' title='bbox 331 1951 362 2012; x_wconf 92' lang='lat' dir='ltr'><strong>Si</strong></span> <span class='ocrx_word' id='word_1_129' title='bbox 381 1962 480 2012; x_wconf 87' lang='lat' dir='ltr'><strong>tamen</strong></span> <span class='ocrx_word' id='word_1_130' title='bbox 502 1970 519 2012; x_wconf 89' lang='lat' dir='ltr'><strong>a</strong></span> <span class='ocrx_word' id='word_1_131' title='bbox 541 1955 667 2013; x_wconf 90' lang='lat' dir='ltr'><strong>memori</strong></span> <span class='ocrx_word' id='word_1_132' title='bbox 689 1955 862 2031; x_wconf 78' lang='lat' dir='ltr'><strong>posteritate</strong></span> <span class='ocrx_word' id='word_1_133' title='bbox 885 1953 983 2031; x_wconf 83' lang='lat' dir='ltr'><strong>legar.</strong></span> 
     </span>
     <span class='ocr_line' id='line_1_21' title="bbox 288 2039 1054 2120; baseline 0 -18"><span class='ocrx_word' id='word_1_134' title='bbox 288 2040 419 2120; x_wconf 85' lang='lat' dir='ltr'><strong>Corpora</strong></span> <span class='ocrx_word' id='word_1_135' title='bbox 441 2040 588 2101; x_wconf 87' lang='lat' dir='ltr'><strong>debentur</strong></span> <span class='ocrx_word' id='word_1_136' title='bbox 611 2043 731 2101; x_wconf 87' lang='lat' dir='ltr'><strong>maestis</strong></span> <span class='ocrx_word' id='word_1_137' title='bbox 755 2042 912 2119; x_wconf 80' lang='lat' dir='ltr'><strong>exsanguia</strong></span> <span class='ocrx_word' id='word_1_138' title='bbox 935 2039 1054 2103; x_wconf 88' lang='lat' dir='ltr'><strong>bustis:</strong></span> 
     </span>
     <span class='ocr_line' id='line_1_22' title="bbox 332 2128 1082 2208; baseline 0.004 -20"><span class='ocrx_word' id='word_1_139' title='bbox 332 2129 485 2208; x_wconf 85' lang='lat' dir='ltr'><strong>Eiiugiunt</strong></span> <span class='ocrx_word' id='word_1_140' title='bbox 507 2136 639 2190; x_wconf 91' lang='lat' dir='ltr'><strong>structos</strong></span> <span class='ocrx_word' id='word_1_141' title='bbox 661 2147 770 2189; x_wconf 89' lang='lat' dir='ltr'><strong>nomen</strong></span> <span class='ocrx_word' id='word_1_142' title='bbox 792 2128 947 2208; x_wconf 87' lang='lat' dir='ltr'><strong>honorque</strong></span> <span class='ocrx_word' id='word_1_143' title='bbox 970 2146 1082 2206; x_wconf 86' lang='lat' dir='ltr'><strong>rogos.</strong></span> 
     </span>
     <span class='ocr_line' id='line_1_23' title="bbox 288 2215 1089 2295; baseline 0.001 -17"><span class='ocrx_word' id='word_1_144' title='bbox 288 2215 404 2278; x_wconf 81' lang='lat' dir='ltr'><strong>Occidit</strong></span> <span class='ocrx_word' id='word_1_145' title='bbox 427 2225 457 2277; x_wconf 89' lang='lat' dir='ltr'><strong>et</strong></span> <span class='ocrx_word' id='word_1_146' title='bbox 479 2215 612 2277; x_wconf 87' lang='lat' dir='ltr'><strong>Theseus</strong></span> <span class='ocrx_word' id='word_1_147' title='bbox 636 2224 667 2276; x_wconf 89' lang='lat' dir='ltr'><strong>et</strong></span> <span class='ocrx_word' id='word_1_148' title='bbox 690 2219 742 2295; x_wconf 90' lang='lat' dir='ltr'><strong>qui</strong></span> <span class='ocrx_word' id='word_1_149' title='bbox 764 2219 913 2278; x_wconf 85' lang='lat' dir='ltr'><strong>comitavit</strong></span> <span class='ocrx_word' id='word_1_150' title='bbox 936 2215 1089 2279; x_wconf 83' lang='lat' dir='ltr'><strong>Oresten:</strong></span> 
     </span>
     <span class='ocr_line' id='line_1_24' title="bbox 334 2304 1049 2385; baseline -0.003 -19"><span class='ocrx_word' id='word_1_151' title='bbox 334 2304 392 2367; x_wconf 88' lang='lat' dir='ltr'><strong>Sed</strong></span> <span class='ocrx_word' id='word_1_152' title='bbox 416 2313 513 2365; x_wconf 89' lang='lat' dir='ltr'><strong>tamen</strong></span> <span class='ocrx_word' id='word_1_153' title='bbox 536 2307 568 2366; x_wconf 90' lang='lat' dir='ltr'><strong>in</strong></span> <span class='ocrx_word' id='word_1_154' title='bbox 590 2304 693 2365; x_wconf 90' lang='lat' dir='ltr'><strong>laudes</strong></span> <span class='ocrx_word' id='word_1_155' title='bbox 715 2307 786 2365; x_wconf 81' lang='lat' dir='ltr'><strong>vivit</strong></span> <span class='ocrx_word' id='word_1_156' title='bbox 809 2313 936 2385; x_wconf 90' lang='lat' dir='ltr'><strong>uterquc</strong></span> <span class='ocrx_word' id='word_1_157' title='bbox 959 2322 1049 2365; x_wconf 89' lang='lat' dir='ltr'><strong>suas.</strong></span> 
     </span>
     <span class='ocr_line' id='line_1_25' title="bbox 241 2392 1000 2472; baseline -0.004 -17"><span class='ocrx_word' id='word_1_158' title='bbox 241 2393 347 2455; x_wconf 76' lang='lat' dir='ltr'><strong>auvos</strong></span> <span class='ocrx_word' id='word_1_159' title='bbox 370 2396 457 2454; x_wconf 86' lang='lat' dir='ltr'><strong>etiam</strong></span> <span class='ocrx_word' id='word_1_160' title='bbox 481 2395 542 2454; x_wconf 90' lang='lat' dir='ltr'><strong>seri</strong></span> <span class='ocrx_word' id='word_1_161' title='bbox 564 2392 726 2455; x_wconf 89' lang='lat' dir='ltr'><strong>laudabunt</strong></span> <span class='ocrx_word' id='word_1_162' title='bbox 749 2411 836 2472; x_wconf 87' lang='lat' dir='ltr'><strong>saepe</strong></span> <span class='ocrx_word' id='word_1_163' title='bbox 860 2400 1000 2472; x_wconf 89' lang='lat' dir='ltr'><strong>nepotes,</strong></span> 
     </span>
     <span class='ocr_line' id='line_1_26' title="bbox 332 2481 1053 2560; baseline -0.003 -18"><span class='ocrx_word' id='word_1_164' title='bbox 332 2481 475 2560; x_wconf 85' lang='lat' dir='ltr'><strong>Claraque</strong></span> <span class='ocrx_word' id='word_1_165' title='bbox 499 2483 557 2541; x_wconf 88' lang='lat' dir='ltr'><strong>crit</strong></span> <span class='ocrx_word' id='word_1_166' title='bbox 579 2482 699 2559; x_wconf 89' lang='lat' dir='ltr'><strong>scriptis</strong></span> <span class='ocrx_word' id='word_1_167' title='bbox 722 2481 815 2559; x_wconf 83' lang='lat' dir='ltr'><strong>gloria</strong></span> <span class='ocrx_word' id='word_1_168' title='bbox 837 2490 936 2542; x_wconf 86' lang='lat' dir='ltr'><strong>vestra</strong></span> <span class='ocrx_word' id='word_1_169' title='bbox 958 2481 1053 2540; x_wconf 92' lang='lat' dir='ltr'><strong>meis.</strong></span> 
     </span>
     <span class='ocr_line' id='line_1_27' title="bbox 288 2567 1229 2653; baseline 0.006 -24"><span class='ocrx_word' id='word_1_170' title='bbox 288 2570 343 2631; x_wconf 84' lang='lat' dir='ltr'><strong>Hic</strong></span> <span class='ocrx_word' id='word_1_171' title='bbox 367 2588 484 2649; x_wconf 89' lang='lat' dir='ltr'><strong>quoque</strong></span> <span class='ocrx_word' id='word_1_172' title='bbox 509 2568 699 2630; x_wconf 85' lang='lat' dir='ltr'><strong>Sauromatae</strong></span> <span class='ocrx_word' id='word_1_173' title='bbox 722 2571 855 2630; x_wconf 86' lang='lat' dir='ltr'><strong>iamvos</strong></span> <span class='ocrx_word' id='word_1_174' title='bbox 878 2586 986 2630; x_wconf 88' lang='lat' dir='ltr'><strong>novere</strong></span> <span class='ocrx_word' id='word_1_175' title='bbox 1009 2567 1229 2653; x_wconf 81' lang='lat' dir='ltr'><strong>Getaeque.</strong></span> 
     </span>
     <span class='ocr_line' id='line_1_28' title="bbox 332 2655 1229 2754; baseline -0.006 -35"><span class='ocrx_word' id='word_1_176' title='bbox 332 2658 371 2719; x_wconf 89' lang='lat' dir='ltr'><strong>Et</strong></span> <span class='ocrx_word' id='word_1_177' title='bbox 393 2658 466 2719; x_wconf 87' lang='lat' dir='ltr'><strong>tales</strong></span> <span class='ocrx_word' id='word_1_178' title='bbox 489 2660 603 2718; x_wconf 88' lang='lat' dir='ltr'><strong>animos</strong></span> <span class='ocrx_word' id='word_1_179' title='bbox 625 2655 751 2717; x_wconf 89' lang='lat' dir='ltr'><strong>barbara</strong></span> <span class='ocrx_word' id='word_1_180' title='bbox 773 2657 860 2718; x_wconf 88' lang='lat' dir='ltr'><strong>turha</strong></span> <span class='ocrx_word' id='word_1_181' title='bbox 883 2655 1005 2736; x_wconf 90' lang='lat' dir='ltr'><strong>probat</strong></span> <span class='ocrx_word' id='word_1_182' title='bbox 1228 2665 1229 2754; x_wconf 58' lang='lat' dir='ltr'><strong>p</strong></span> 
     </span>
     <span class='ocr_line' id='line_1_29' title="bbox 289 2745 1229 2848; baseline 0.009 -41"><span class='ocrx_word' id='word_1_183' title='bbox 289 2746 421 2825; x_wconf 85' lang='lat' dir='ltr'><strong>Cumque</strong></span> <span class='ocrx_word' id='word_1_184' title='bbox 445 2765 499 2825; x_wconf 83' lang='lat' dir='ltr'><strong>ego</strong></span> <span class='ocrx_word' id='word_1_185' title='bbox 522 2746 559 2807; x_wconf 91' lang='lat' dir='ltr'><strong>de</strong></span> <span class='ocrx_word' id='word_1_186' title='bbox 583 2752 681 2806; x_wconf 88' lang='lat' dir='ltr'><strong>vestra</strong></span> <span class='ocrx_word' id='word_1_187' title='bbox 704 2763 800 2824; x_wconf 84' lang='lat' dir='ltr'><strong>nuper</strong></span> <span class='ocrx_word' id='word_1_188' title='bbox 822 2745 968 2825; x_wconf 86' lang='lat' dir='ltr'><strong>probitate</strong></span> <span class='ocrx_word' id='word_1_189' title='bbox 991 2746 1206 2812; x_wconf 79' lang='lat' dir='ltr'><strong>reterrem-</strong></span> <span class='ocrx_word' id='word_1_190' title='bbox 1228 2777 1229 2848; x_wconf 73' lang='lat'>]</span> 
     </span>
     <span class='ocr_line' id='line_1_30' title="bbox 240 2832 1048 2913; baseline -0.004 -17"><span class='ocrx_word' id='word_1_191' title='bbox 240 2847 274 2896; x_wconf 83' lang='lat'><strong>40</strong></span> <span class='ocrx_word' id='word_1_192' title='bbox 333 2834 406 2895; x_wconf 89' lang='lat' dir='ltr'><strong>Nam</strong></span> <span class='ocrx_word' id='word_1_193' title='bbox 429 2833 519 2895; x_wconf 91' lang='lat' dir='ltr'><strong>didici</strong></span> <span class='ocrx_word' id='word_1_194' title='bbox 542 2833 644 2894; x_wconf 86' lang='lat' dir='ltr'><strong>Getice</strong></span> <span class='ocrx_word' id='word_1_195' title='bbox 668 2832 888 2913; x_wconf 87' lang='lat' dir='ltr'><strong>Sarmaticeque</strong></span> <span class='ocrx_word' id='word_1_196' title='bbox 911 2833 1048 2911; x_wconf 91' lang='lat' dir='ltr'><strong>ioqui—</strong></span> 
     </span>
     <span class='ocr_line' id='line_1_31' title="bbox 288 2913 1229 3005; baseline 0.001 -22"><span class='ocrx_word' id='word_1_197' title='bbox 288 2923 377 2984; x_wconf 82' lang='lat' dir='ltr'><strong>Forte</strong></span> <span class='ocrx_word' id='word_1_198' title='bbox 401 2941 492 2983; x_wconf 81' lang='lat' dir='ltr'><strong>senex</strong></span> <span class='ocrx_word' id='word_1_199' title='bbox 515 2922 657 3002; x_wconf 85' lang='lat' dir='ltr'><strong>quidam,</strong></span> <span class='ocrx_word' id='word_1_200' title='bbox 680 2929 767 2983; x_wconf 90' lang='lat' dir='ltr'><strong>coetu</strong></span> <span class='ocrx_word' id='word_1_201' title='bbox 790 2940 860 2983; x_wconf 92' lang='lat' dir='ltr'><strong>cum</strong></span> <span class='ocrx_word' id='word_1_202' title='bbox 882 2929 975 2982; x_wconf 87' lang='lat' dir='ltr'><strong>staret</strong></span> <span class='ocrx_word' id='word_1_203' title='bbox 997 2922 1030 2980; x_wconf 94' lang='lat' dir='ltr'><strong>in</strong></span> <span class='ocrx_word' id='word_1_204' title='bbox 1054 2921 1138 3005; x_wconf 87' lang='lat' dir='ltr'><strong>illo,</strong></span> <span class='ocrx_word' id='word_1_205' title='bbox 1228 2913 1229 2920; x_wconf 9' lang='grc' dir='ltr'>ἵ</span> 
     </span>
     <span class='ocr_line' id='line_1_32' title="bbox 333 3009 1005 3073; baseline -0.006 0"><span class='ocrx_word' id='word_1_206' title='bbox 333 3010 472 3073; x_wconf 86' lang='lat' dir='ltr'><strong>Reddidit</strong></span> <span class='ocrx_word' id='word_1_207' title='bbox 494 3011 531 3071; x_wconf 93' lang='lat' dir='ltr'><strong>ad</strong></span> <span class='ocrx_word' id='word_1_208' title='bbox 554 3018 673 3071; x_wconf 90' lang='lat' dir='ltr'><strong>nostros</strong></span> <span class='ocrx_word' id='word_1_209' title='bbox 695 3010 764 3071; x_wconf 84' lang='lat' dir='ltr'><strong>talia</strong></span> <span class='ocrx_word' id='word_1_210' title='bbox 788 3009 877 3071; x_wconf 90' lang='lat' dir='ltr'><strong>rerba</strong></span> <span class='ocrx_word' id='word_1_211' title='bbox 899 3026 1005 3070; x_wconf 89' lang='lat' dir='ltr'><strong>sonos:</strong></span> 
     </span>
     <span class='ocr_line' id='line_1_33' title="bbox 290 3095 1156 3184; baseline 0.002 -24"><span class='ocrx_word' id='word_1_212' title='bbox 290 3095 366 3160; x_wconf 76' lang='lat' dir='ltr'><strong>‘Nos</strong></span> <span class='ocrx_word' id='word_1_213' title='bbox 389 3116 507 3178; x_wconf 91' lang='lat' dir='ltr'><strong>quoque</strong></span> <span class='ocrx_word' id='word_1_214' title='bbox 531 3100 676 3159; x_wconf 90' lang='lat' dir='ltr'><strong>amicitiae</strong></span> <span class='ocrx_word' id='word_1_215' title='bbox 700 3116 832 3179; x_wconf 87' lang='lat' dir='ltr'><strong>nomen,</strong></span> <span class='ocrx_word' id='word_1_216' title='bbox 859 3097 958 3178; x_wconf 89' lang='lat' dir='ltr'><strong>bone,</strong></span> <span class='ocrx_word' id='word_1_217' title='bbox 982 3100 1156 3184; x_wconf 84' lang='lat' dir='ltr'><strong>novimus,</strong></span> 
     </span>
     <span class='ocr_line' id='line_1_34' title="bbox 649 3184 1217 3266; baseline 0 -21"><span class='ocrx_word' id='word_1_218' title='bbox 649 3191 655 3206; x_wconf 82' lang='grc'><em>·</em></span> <span class='ocrx_word' id='word_1_219' title='bbox 835 3184 961 3266; x_wconf 75' lang='lat' dir='ltr'><strong>hospeS,</strong></span> <span class='ocrx_word' id='word_1_220' title='bbox 1185 3200 1217 3252; x_wconf 80' lang='lat' dir='ltr'><strong>m·</strong></span> 
     </span>
     <span class='ocr_line' id='line_1_35' title="bbox 334 3272 1148 3355; baseline 0.004 -19"><span class='ocrx_word' id='word_1_221' title='bbox 334 3276 415 3347; x_wconf 86' lang='lat' dir='ltr'><strong>Quos</strong></span> <span class='ocrx_word' id='word_1_222' title='bbox 438 3275 542 3355; x_wconf 90' lang='lat' dir='ltr'><strong>procul</strong></span> <span class='ocrx_word' id='word_1_223' title='bbox 565 3273 687 3335; x_wconf 83' lang='lat' dir='ltr'><strong>archis</strong></span> <span class='ocrx_word' id='word_1_224' title='bbox 710 3274 823 3335; x_wconf 89' lang='lat' dir='ltr'><strong>Pontus</strong></span> <span class='ocrx_word' id='word_1_225' title='bbox 846 3282 876 3336; x_wconf 92' lang='lat' dir='ltr'><strong>et</strong></span> <span class='ocrx_word' id='word_1_226' title='bbox 897 3273 999 3333; x_wconf 86' lang='lat' dir='ltr'><strong>Hister</strong></span> <span class='ocrx_word' id='word_1_227' title='bbox 1022 3272 1148 3338; x_wconf 87' lang='lat' dir='ltr'><strong>habet.</strong></span> 
     </span>
     <span class='ocr_line' id='line_1_36' title="bbox 240 3362 1101 3444; baseline 0 -21"><span class='ocrx_word' id='word_1_228' title='bbox 240 3375 274 3424; x_wconf 77' lang='lat'><strong>45</strong></span> <span class='ocrx_word' id='word_1_229' title='bbox 288 3363 342 3425; x_wconf 88' lang='lat' dir='ltr'><strong>Est</strong></span> <span class='ocrx_word' id='word_1_230' title='bbox 364 3364 447 3424; x_wconf 90' lang='lat' dir='ltr'><strong>locus</strong></span> <span class='ocrx_word' id='word_1_231' title='bbox 470 3367 501 3424; x_wconf 91' lang='lat' dir='ltr'><strong>in</strong></span> <span class='ocrx_word' id='word_1_232' title='bbox 525 3362 666 3443; x_wconf 78' lang='lat' dir='ltr'><strong>Scythia,</strong></span> <span class='ocrx_word' id='word_1_233' title='bbox 690 3362 803 3423; x_wconf 83' lang='lat' dir='ltr'><strong>Tauros</strong></span> <span class='ocrx_word' id='word_1_234' title='bbox 826 3362 928 3423; x_wconf 85' lang='lat' dir='ltr'><strong>dixere</strong></span> <span class='ocrx_word' id='word_1_235' title='bbox 950 3362 1101 3444; x_wconf 84' lang='lat' dir='ltr'><strong>priores,</strong></span> 
     </span>
     <span class='ocr_line' id='line_1_37' title="bbox 334 3450 1014 3528; baseline 0 -18"><span class='ocrx_word' id='word_1_236' title='bbox 334 3450 391 3520; x_wconf 85' lang='lat' dir='ltr'><strong>Qui</strong></span> <span class='ocrx_word' id='word_1_237' title='bbox 415 3451 516 3511; x_wconf 88' lang='lat' dir='ltr'><strong>Getica</strong></span> <span class='ocrx_word' id='word_1_238' title='bbox 539 3451 625 3528; x_wconf 80' lang='lat' dir='ltr'><strong>longe</strong></span> <span class='ocrx_word' id='word_1_239' title='bbox 649 3468 709 3510; x_wconf 91' lang='lat' dir='ltr'><strong>non</strong></span> <span class='ocrx_word' id='word_1_240' title='bbox 732 3453 773 3511; x_wconf 88' lang='lat' dir='ltr'><strong>ita</strong></span> <span class='ocrx_word' id='word_1_241' title='bbox 795 3450 885 3512; x_wconf 91' lang='lat' dir='ltr'><strong>distat</strong></span> <span class='ocrx_word' id='word_1_242' title='bbox 906 3450 1014 3510; x_wconf 91' lang='lat' dir='ltr'><strong>humo.</strong></span> 
     </span>
     <span class='ocr_line' id='line_1_38' title="bbox 289 3535 1219 3618; baseline 0.004 -23"><span class='ocrx_word' id='word_1_243' title='bbox 289 3535 351 3595; x_wconf 92' lang='lat' dir='ltr'><strong>Hac</strong></span> <span class='ocrx_word' id='word_1_244' title='bbox 374 3555 427 3615; x_wconf 79' lang='lat' dir='ltr'><strong>eqo</strong></span> <span class='ocrx_word' id='word_1_245' title='bbox 451 3555 518 3598; x_wconf 89' lang='lat' dir='ltr'><strong>sum</strong></span> <span class='ocrx_word' id='word_1_246' title='bbox 541 3547 622 3598; x_wconf 89' lang='lat' dir='ltr'><strong>terra</strong></span> <span class='ocrx_word' id='word_1_247' title='bbox 641 3570 673 3579; x_wconf 88' lang='lat'><em>—</em></span> <span class='ocrx_word' id='word_1_248' title='bbox 692 3540 804 3617; x_wconf 90' lang='lat' dir='ltr'><strong>patriae</strong></span> <span class='ocrx_word' id='word_1_249' title='bbox 828 3556 884 3599; x_wconf 89' lang='lat' dir='ltr'><strong>nec</strong></span> <span class='ocrx_word' id='word_1_250' title='bbox 906 3538 1040 3618; x_wconf 89' lang='lat' dir='ltr'><strong>paenitet</strong></span> <span class='ocrx_word' id='word_1_251' title='bbox 1055 3572 1095 3582; x_wconf 95' lang='lat'>—</span> <span class='ocrx_word' id='word_1_252' title='bbox 1120 3550 1219 3603; x_wconf 85' lang='lat' dir='ltr'><strong>ortus:</strong></span> 
     </span>
    </p>
   </div>
   <div class='ocr_carea' id='block_1_3' title="bbox 0 0 1238 4042">
    <p class='ocr_par' dir='ltr' id='par_1_3' title="bbox 0 0 1238 4042">
     <span class='ocr_line' id='line_1_39' title="bbox 0 0 1238 4042; baseline 0 1"><span class='ocrx_word' id='word_1_253' title='bbox 0 0 1238 4042; x_wconf 95' lang='lat' dir='ltr'><strong> </strong></span> 
     </span>
    </p>
   </div>
  </div>
 </body>
</html>
