2467 4042
146 250 263 306 XXXVI

147 422 306 495 postquam
329 419 489 495 exemplar,
513 419 591 497 quod
609 422 731 477 neutros
753 421 867 479 alinea
884 422 1022 481 reductos
1040 423 1158 493 habuit,

147 506 289 566 mandato
312 506 450 583 magistri
472 506 510 564 ad
533 507 660 566 alteram
678 526 812 566 normam
827 525 1002 568 conversum
1017 514 1071 570 est.
1126 511 1158 568 id

148 612 216 654 cum
238 595 270 653 in
292 594 339 653 his
361 595 512 670 11111,-
528 593 554 653 si
577 597 651 653 adeo
674 613 776 654 recens
799 598 969 673 corruptela
991 598 1158 657 existimari

148 684 238 742 debet
263 714 302 724 ·-
326 682 484 758 visisunt,
508 683 577 758 quia
602 686 663 742 197
691 685 752 742 198
781 684 861 742 haud
883 685 926 743 ita
948 686 1026 744 male
1049 704 1156 746 conve·

90 815 94 819 .
147 771 283 846 niebaut,
306 789 383 829 unus
406 771 579 829 hexameter
601 774 632 830 et
655 789 730 829 unus
748 777 936 846 pentameter
953 772 1064 851 deesse,
1087 793 1156 834 con-

149 859 222 918 fecti
244 861 315 918 sunt
341 859 531 934 importunus
556 861 617 918 196
643 860 732 918 etde
755 864 859 919 castres
881 863 986 920 eisdem
1008 862 1156 937 ineptiens

151 950 225 1007 199.
280 947 461 1008 constructio
484 949 542 1022 fuit
559 948 628 1022 dies,
651 965 710 1020 que
731 954 850 1007 sumum
869 949 963 1007 nihilo
981 950 1157 1010 insolentior

150 1054 240 1111 quam
262 1034 307 1093 VI
324 1037 385 1095 769
410 1039 528 1109 superet
550 1040 576 1093 et
597 1037 703 1095 cecidit.
758 1042 877 1095 sumam
898 1056 983 1096 orme
1005 1038 1155 1113 illudest,

150 1122 230 1199 quod
253 1123 350 1183 Kaeso
370 1123 480 1182 Fabius
503 1123 582 1200 apud
600 1123 719 1182 Livium
737 1124 824 1197 dixit,
846 1124 878 1182 H
896 1128 947 1201 49,
971 1128 1074 1195 bellum
1091 1130 1155 1200 pei-

148 1217 214 1270 1111
232 1216 350 1286 sumptu
364 1228 463 1286 perere
479 1214 512 1270 ie
525 1213 623 1271 auimo
637 1216 684 1271 est.
739 1210 882 1288 dativum,
904 1232 992 1289 quem
1006 1213 1081 1289 dedi,
1105 1234 1155 1273 ur·

148 1302 212 1374 reis,
231 1300 358 1375 pendere
377 1300 513 1359 existimo
532 1318 550 1357 a
568 1298 725 1375 participio
734 1303 883 1377 professe3
895 1304 1030 1375 profiteri
1043 1302 1156 1361 dictum

150 1388 186 1446 de
214 1406 263 1463 eo,
291 1389 342 1464 qui
365 1407 400 1447 ex
422 1387 631 1463 provocatione
654 1388 692 1446 ad
715 1407 847 1464 pugnam
869 1407 1082 1466 congressurus
1105 1391 1156 1467 sit,

148 1476 229 1536 haud
248 1477 336 1535 aliter
354 1495 388 1535 ac
405 1476 555 1553 parasitus
574 1477 654 1552 apud
672 1476 813 1535 Plautum
832 1475 918 1553 Capt.
937 1479 1003 1536 430
1020 1479 1157 1553 postulat

148 1565 323 1640 parochum3
351 1565 486 1624 dativum
508 1563 539 1621 id
561 1566 686 1623 verbum
709 1565 882 1640 admittere,
908 1565 954 1622 uti
975 1567 1068 1625 verba
1091 1585 1156 1624 ecee

148 1654 251 1721 dicere,
268 1656 443 1728 promittere,
467 1653 574 1728 quibus
597 1652 636 1710 ad
658 1670 761 1710 cenam
784 1671 816 1711 se
838 1656 980 1712 venturos
999 1655 1155 1729 spondent.

150 1759 235 1801 orme
251 1744 388 1815 professu
408 1742 570 1800 Veientibus
593 1744 685 1800 ermis
707 1744 794 1799 eruut
816 1740 990 1817 Fabiorum,
1013 1742 1064 1817 qui
1085 1762 1155 1816 pro·

148 1830 323 1888 vocantibus
337 1829 513 1888 Veientibus
532 1823 645 1889 ‘hostes
663 1824 792 1904 dantur’,
810 1830 846 1888 ut
865 1832 911 1888 est
929 1828 1008 1904 apud
1026 1829 1156 1888 Livium

149 1936 234 1977 arma
257 1922 383 1976 coereeat
404 1920 496 1976 armis
518 1921 564 1975 est
586 1916 602 1974 Ι
627 1919 699 1991 711,
722 1918 904 1975 Mutinensia
920 1919 1047 1991 perculit
1069 1936 1157 1977 eruco

148 2005 212 2064 IIII
228 2008 300 2080 629,
323 2023 409 2065 erma
426 2006 545 2065 Persico
568 2006 694 2063 contudit
715 2004 990 2064 armisPont.1111
1006 2007 1055 2064 69.

97 2112 101 2121 ·
149 2090 214 2153 398
237 2087 371 2154 Nuso1o
396 2105 493 2164 eursu
515 2105 616 2152 unius
641 2104 806 2152 susrroon
829 2104 911 2152 essu
929 2105 1036 2153 nunu.
1091 2095 1156 2152 cod.

149 2182 250 2241 Petav.
284 2200 367 2254 quem
397 2183 489 2255 11111,
521 2181 620 2241 Ursin.
652 2197 735 2254 quem
769 2199 784 2239 e
814 2183 900 2241 uobis.
960 2181 1070 2241 Volesus
1101 2184 1159 2241 ulit

148 2272 229 2329 oecis
237 2269 327 2345 Verg.
440 2263 503 2327 457
519 2280 692 2328 rlurovrs.
736 2268 886 2327 librilem
900 2269 975 2328 leuis.
1088 2264 1156 2330 568

151 2370 244 2430 Quor
268 2369 410 2417 unsrur
430 2368 587 2416 casurus
604 2368 741 2416 rossan
759 2368 879 2417 eunus.
933 2357 1012 2433 quod
1034 2356 1066 2414 in
1088 2358 1157 2417 loco

149 2444 323 2505 difficillimo
350 2447 581 2521 temptaveram,
612 2463 672 2505 non
697 2445 786 2522 louge
813 2446 918 2504 aberat
944 2463 962 2503 a
988 2445 1157 2505 rationibus

150 2533 262 2611 Orphei
294 2537 348 2593 aut
379 2534 519 2609 Pythiae,
552 2534 604 2608 qui
635 2533 841 2592 hexametrum
874 2532 1012 2591 dixerunt
1043 2527 1157 2606 ὄρθιον

150 2618 300 2696 {repsere
324 2617 467 2695 τετόρων
484 2617 535 2680 καὶ
554 2615 649 2680 εἴκοςι
668 2619 800 2696 μέτρων,
819 2622 870 2680 sed
893 2621 1035 2680 abhorret
1056 2639 1075 2679 1
1092 2640 1158 2680 ser·

149 2712 245 2770 monis
262 2709 350 2769 latini
362 2709 584 2769 consuetudine.
639 2709 791 2769 octiduum
806 2709 955 2786 designari
968 2713 1156 2787 putaveram,

150 2799 229 2875 quod
252 2801 299 2858 est
321 2799 401 2857 inter
419 2797 537 2856 Feralia
560 2800 591 2856 et
608 2796 772 2874 Kalendas,
796 2798 914 2856 Feralia
936 2798 993 2856 dici
1015 2798 1090 2857 haec
1112 2800 1157 2857 tu·

150 2905 209 2948 cem
226 2907 254 2947 u.
275 2888 339 2946 569
359 2889 389 2945 et
407 2885 540 2961 proximo
559 2887 641 2945 illem
658 2888 745 2945 diere:
770 2906 846 2963 quae
863 2885 1039 2962 pronomina
1057 2887 1157 2946 solent

150 2975 187 3034 de
210 2976 302 3034 rebus
325 2973 451 3034 diversis
474 2975 595 3049 opponi,
618 2973 667 3033 ΙΠ
690 2976 752 3033 401
777 2975 841 3033 IIII
863 2976 927 3033 432
951 2976 1015 3033 433
1038 2973 1067 3028 V
1091 2975 1157 3034 700

149 3063 194 3121 VI
217 3065 258 3123 85
288 3065 339 3123 86.
394 3065 440 3122 est
463 3082 534 3122 vero
556 3063 668 3137 'duplex
694 3062 738 3121 rei
765 3080 865 3122 sacrae
893 3080 1000 3139 genus,
1030 3061 1157 3138 dequo

150 3153 261 3228 agitur:
292 3152 421 3211 alterum
443 3150 574 3227 Feralia,
601 3151 635 3208 in
656 3149 743 3210 fastis
765 3150 942 3227 perscripta,
969 3169 1096 3226 quorum
1119 3170 1158 3210 ex

151 3240 254 3299 ordine
277 3243 347 3316 post
365 3239 530 3310 Quirinalia
552 3257 570 3298 a
592 3242 683 3314 poeta
705 3240 784 3298 ratio
802 3238 939 3298 habenda
961 3242 1040 3314 erat3
1063 3243 1157 3315 atque
1214 3244 1219 3254 ’

150 3347 185 3387 11
207 3328 396 3404 potissimum
419 3328 516 3388 refero
539 3328 616 3404 quod
636 3347 664 3387 u.
683 3328 747 3387 569
767 3331 821 3403 est,
845 3328 939 3387 Haece.
994 3328 1046 3387 sed
1064 3327 1159 3387 inter-

149 3417 251 3493 posuit
265 3419 302 3476 de
321 3417 416 3476 altero
429 3433 548 3493 genere,
567 3418 668 3475 diebus
678 3418 882 3490 parentalibus
897 3417 969 3491 548,
988 3417 1075 3490 fecti
1088 3421 1158 3475 tene

147 3521 218 3578 pere
240 3503 269 3561 V
287 3506 361 3581 486,
384 3505 464 3580 quod
481 3508 550 3580 post
568 3503 734 3573 Quirinalia
755 3503 876 3563 initium
899 3504 1010 3578 cepisse
1032 3522 1092 3563 non
1114 3505 1158 3564 vi·

150 3591 250 3651 detur:
273 3611 343 3651 nam
366 3592 392 3652 si
415 3592 518 3652 Iunius
540 3591 651 3651 mensis
673 3592 803 3668 quinque
823 3591 1032 3651 Lemuriorum
1050 3592 1158 3653 diebus
