2467 4042
202 204 269 271 210
392 222 488 260 moure
618 201 796 258 ΜΕΤΑΜΜ.

291 369 353 432 Nec
375 369 487 431 Lucina
508 376 608 449 poteut
630 370 773 448 parientis
794 386 866 429 voce
888 372 1008 430 vocari.

291 459 405 520 Nitenti
426 467 525 518 tamen
548 465 595 517 est
617 456 743 538 similis,
765 465 944 537 curvataque
968 457 1097 518 crebros

291 546 347 607 llat
369 548 497 625 gemitus
519 544 609 606 arbor
621 592 631 625 ,
654 543 842 624 lacrimisque
865 544 1039 607 cadentibus
1066 553 1171 608 umet.

226 645 278 698 510
293 634 433 696 Constitit
454 633 491 695 ad
514 651 612 693 ramos
635 635 715 693 mitis
737 632 848 694 Lucina
872 633 1029 713 dolentes,

292 722 487 801 Admovitque
510 739 615 782 manus
639 728 669 782 et
691 720 781 782 verba
802 739 951 801 puerpera
974 722 1074 791 dixit.

292 809 389 873 Arbor
412 812 473 889 agit
494 811 584 870 rimas
607 818 639 870 et
660 809 729 870 lissa
751 811 871 870 confice.
885 812 986 871 vivum

292 898 402 961 Reddit
423 916 521 978 onus3
543 899 681 976 vagitque
703 915 802 976 puer:
824 915 913 977 quem
935 898 1079 959 mollibus
1104 897 1199 958 herbis

293 986 401 1049 Naides
423 988 587 1066 inpositum
609 985 739 1045 lacrimis
762 1003 874 1046 unxere
897 989 1054 1065 parentis.

227 1087 279 1137 515
293 1075 441 1136 Laudaret
464 1075 569 1135 faciem
591 1072 680 1133 Livor
703 1090 843 1152 quoque.
871 1073 969 1151 qualia
992 1092 1128 1153 namque

295 1163 426 1242 Corpora
449 1161 598 1223 nudorum
620 1160 720 1222 tabula
741 1163 906 1241 pinguntur
928 1162 1100 1245 Amorum,

294 1250 373 1311 Talis
396 1258 481 1311 erat:
504 1248 579 1329 sed,
602 1266 641 1310 ne
663 1250 753 1310 faciat
774 1248 944 1310 discrimina
968 1250 1095 1332 cultus,

294 1339 354 1400 Aut
374 1338 445 1399 huic
468 1337 542 1399 adde
563 1337 666 1417 leves,
689 1345 741 1398 aut
762 1336 804 1397 illi
826 1336 912 1398 deme
934 1337 1117 1416 pharetras.

294 1425 418 1488 Labitur
440 1425 556 1487 occulte
579 1424 713 1503 fallitque
735 1424 862 1486 volatilis
884 1433 987 1505 aetas,
1044 1474 1049 1485 Χ

229 1527 281 1578 oto
294 1514 334 1576 Et
355 1514 429 1576 nihil
451 1522 498 1575 est
519 1515 603 1573 annis
627 1512 779 1573 velocius.
806 1511 856 1572 ille
879 1530 983 1573 sorore

295 1603 389 1664 Natus
412 1619 524 1681 avoque
547 1619 602 1662 suo
614 1647 625 1680 ,
647 1603 700 1679 qui
723 1600 860 1661 conditus
882 1599 988 1661 arbore
1012 1620 1135 1683 nuper,

295 1691 397 1770 Nuper
421 1697 486 1750 erat
506 1691 650 1770 genitus,
672 1689 759 1749 modo
783 1690 1016 1749 formosissimus
1039 1692 1141 1752 inlans
1151 1737 1161 1770 ,

295 1780 357 1840 lam
379 1779 517 1859 iuvenis,
538 1780 598 1837 iam
618 1778 665 1838 vir
677 1824 687 1857 ,
709 1779 767 1838 iam
790 1795 822 1837 se
846 1776 1004 1838 formosior
1027 1780 1096 1858 ipsc
1120 1785 1183 1838 cst:

296 1867 357 1928 lam
379 1864 477 1945 placet
499 1873 529 1925 et
550 1863 660 1926 Veneri
672 1912 681 1944 ,
704 1866 867 1944 matrisque
890 1863 1047 1927 ulciscitur
1069 1869 1171 1946 ignes.

230 1968 281 2019 525
296 1956 429 2034 Namque
451 1953 640 2033 pharetratus
663 1951 734 2013 dum
756 1953 807 2013 dat
827 1970 904 2032 puer
926 1951 1029 2015 oscula
1051 1952 1157 2035 matri,

296 2044 411 2105 luscius
434 2044 546 2103 extanti
568 2041 728 2102 destrinxit
748 2040 914 2101 harundine
936 2050 1060 2121 pectus.

296 2131 389 2193 Laesa
410 2148 500 2191 manu
523 2137 626 2190 natum
649 2129 703 2189 dea
724 2128 876 2208 reppulit.
904 2129 992 2190 altius
1015 2139 1117 2192 actum

296 2218 411 2280 Vulnus
434 2226 498 2279 erat
520 2219 642 2296 specie,
665 2219 821 2295 primoque
843 2216 988 2278 lelellerat
1009 2220 1126 2297 ipsam.

298 2307 389 2388 Capta
411 2308 467 2367 viri
489 2306 584 2367 forma
606 2322 667 2365 non
689 2308 747 2365 iam
771 2303 927 2384 Cythereia
949 2314 1036 2367 curat

232 2408 284 2460 535
298 2396 421 2476 Litora,
443 2412 503 2455 uon
527 2392 584 2455 alto
607 2395 719 2473 repetit
739 2391 862 2471 Paphon
885 2410 1014 2473 aequore
1038 2396 1164 2457 cinctam

297 2485 508 2562 Piscosamque
527 2479 662 2561 Gnidon,
680 2479 866 2559 gravidamve
881 2480 1061 2543 Amathunta
1079 2480 1211 2545 metallis:

298 2571 435 2633 Abstinet
459 2578 489 2631 et
511 2569 614 2631 caelo:
638 2568 719 2629 caelo
742 2569 912 2647 praefertur
934 2568 1063 2632 Adonis.

298 2659 384 2721 Hunc
407 2665 512 2741 tenet,
533 2657 604 2717 huic
628 2674 728 2718 comes
751 2664 819 2717 est:
849 2665 1026 2737 assuetaque
1050 2677 1167 2740 semper

1063 2749 1097 2808 in
1120 2745 1208 2810 umbra

299 2835 458 2915 indulgere
480 2833 537 2896 sibi
560 2835 744 2911 formamque
767 2851 876 2913 augere
899 2832 1041 2916 colendo,

233 2936 285 2988 535
299 2925 358 2987 Per
380 2927 449 3004 iuga
461 2969 471 3002 ,
493 2941 547 3003 per
571 2922 657 2983 silvas
680 2920 862 3000 dumosaque
885 2940 954 2982 saxa
976 2930 1101 3001 vagatur

299 3013 372 3074 Fine
395 3029 490 3091 genus
513 3019 626 3072 vestem
647 3012 709 3071 ritu
733 3012 883 3072 succincta
905 3010 1031 3091 Dianae;

300 3101 502 3178 Hortaturque
526 3117 637 3180 canes,
659 3104 801 3177 tutaeque
823 3098 958 3159 animalia
980 3101 1127 3183 praedae,

301 3191 360 3251 hut
382 3206 492 3270 pronos
515 3188 655 3269 lepores,
677 3194 729 3247 aut
751 3186 863 3247 celsum
884 3188 917 3246 in
939 3204 1053 3248 cornua
1075 3204 1203 3266 cerrum,

301 3279 360 3340 huit
382 3278 473 3356 agitat
495 3276 647 3337 dammas:
670 3291 687 3334 a
709 3274 837 3335 fortibus
859 3273 989 3336 abstinet
1010 3278 1109 3360 apris,

233 3377 288 3429 540
302 3367 507 3446 Raptoresque
529 3364 615 3445 lupos
639 3371 826 3442 armatosque
849 3362 998 3442 unguibus
1020 3382 1110 3426 ursos

304 3452 381 3514 Vitat
403 3461 435 3513 et
456 3454 583 3514 armenti
606 3459 753 3513 saturatos
776 3450 865 3512 caede
887 3451 1006 3512 leones.

303 3541 345 3600 'l'e
365 3557 501 3623 quoque,
524 3549 558 3602 ut
576 3539 631 3600 hos
649 3541 771 3622 timeas,
795 3538 892 3619 siqrdd
914 3538 1057 3619 prodesse
1076 3538 1208 3604 monendo
