2467 4042
334 178 461 245 134
726 199 904 236 mxu
1153 178 1479 236 METAMM
1500 222 1514 237 .

376 357 478 408 265
508 346 863 427 Seminaque
898 345 1196 426 floresque
1244 355 1306 409 et
1349 365 1527 409 sucos
1572 350 1840 428 incoquit
1883 368 2065 412 acres
2089 396 2107 411 .

505 435 701 497 Adicit
743 443 1007 497 extremo
1051 432 1278 515 lapides
1324 437 1552 497 oriente
1598 438 1817 517 petitos

504 523 581 585 Et
627 542 773 603 quas
819 522 1040 585 Oceani
1083 523 1342 586 refluum
1385 542 1548 586 mare
1593 525 1735 588 lavit
1756 572 1777 608 ,
1820 525 2130 608 harenas3

505 611 681 674 Addit
726 620 788 674 et
833 619 1109 692 exceptas
1151 610 1294 674 luna
1337 621 1623 693 pernocte
1668 616 1913 694 pruinas

504 699 583 762 Et
626 702 829 780 strigis
871 701 1122 762 infames
1164 702 1312 782 ipsis
1358 719 1494 763 cum
1540 702 1819 765 carnibus
1864 703 1984 766 alas
2002 751 2028 786 ,

374 800 479 852 270
504 789 692 868 Inque
739 790 933 851 virum
977 788 1137 852 soliti
1181 788 1381 852 vultus
1426 798 1657 853 mutare
1702 793 1924 853 ferinos

505 877 779 957 Ambigui
823 886 1100 958 prosecta
1143 877 1314 959 lupi3
1358 896 1471 940 nec
1516 878 1708 941 defuit
1750 879 1870 941 illic

508 966 801 1046 Squamea
852 965 1123 1046 Cinyphii
1168 968 1367 1029 tenuis
1412 966 1756 1030 membrana
1803 967 2080 1048 chelydri

506 1053 852 1135 vivacisque
896 1056 1065 1116 iecur
1112 1056 1275 1116 cervi
1303 1103 1322 1137 ,
1367 1054 1585 1134 quibus
1629 1059 1878 1136 insuper
1923 1056 2100 1118 addit

507 1143 626 1204 Ora
671 1150 967 1223 caputque
1012 1160 1224 1205 novem
1270 1145 1527 1205 cornicis
1573 1143 1804 1206 saecula
1848 1162 2066 1225 passae
2090 1191 2106 1205 .

376 1242 477 1294 275
505 1231 613 1293 His
659 1239 721 1293 et
764 1230 923 1292 mille
969 1231 1097 1293 aliis
1141 1239 1458 1311 postquam
1503 1233 1633 1294 sine
1678 1234 1916 1295 nomine
1961 1232 2164 1294 rebus

504 1320 885 1400 Propositum
928 1321 1214 1381 instruxit
1257 1322 1547 1382 remorari
1592 1320 1838 1384 Tartara
1881 1339 2115 1384 munus
2131 1367 2155 1402 ,

507 1411 715 1471 Arenti
758 1426 923 1469 ramo
969 1407 1320 1490 iampridem
1364 1410 1526 1471 mitis
1571 1409 1755 1471 olivae

507 1497 716 1559 Omnia
762 1495 1032 1559 confudit
1074 1498 1441 1577 summisque
1485 1499 1791 1560 inmiscuit
1831 1500 1950 1560 ima
1969 1545 1983 1560 .

505 1584 661 1647 Ecce
706 1594 877 1647 vetus
923 1584 1112 1647 calido
1157 1593 1430 1648 versatus
1474 1588 1661 1666 stipes
1705 1592 1853 1648 aeno

374 1685 477 1738 280
503 1673 599 1735 Fit
645 1674 850 1735 viridis
892 1677 1087 1754 primo
1113 1721 1132 1756 ,
1175 1692 1290 1736 nec
1334 1674 1510 1754 longo
1555 1681 1824 1755 tempore
1869 1674 2122 1736 frondes

505 1762 749 1845 Induit,
795 1770 857 1824 et
901 1761 1098 1824 subito
1143 1762 1400 1842 gravidis
1445 1771 1730 1825 oneratur
1775 1762 1941 1824 olivis
1961 1808 1977 1824 .

507 1853 582 1912 At
627 1869 1000 1932 quacumque
1046 1868 1187 1912 cavo
1234 1868 1476 1931 spumas
1519 1853 1699 1913 eiecit
1742 1856 1888 1914 aeno

505 1940 665 2020 Ignis
690 1988 709 2022 ,
756 1948 816 2001 et
858 1941 922 2001 in
967 1947 1189 2001 terram
1233 1946 1435 2018 guttae
1481 1939 1752 2001 cecidere
1798 1939 2061 2002 calentes
2075 1986 2099 2021 ,

505 2027 726 2090 vernat
768 2028 985 2090 humus
1008 2075 1029 2111 ,
1073 2028 1372 2108 floresque
1418 2036 1481 2090 et
1523 2027 1721 2090 mollia
1764 2027 1978 2109 pabula
2021 2031 2307 2107 surgunt.

376 2128 478 2179 285
508 2118 671 2188 Quae
718 2117 896 2178 simul
940 2134 1009 2178 ac
1054 2115 1245 2198 vidit,
1288 2117 1498 2179 stricto
1543 2115 1749 2179 Medea
1795 2114 2053 2179 recludit

504 2205 664 2267 Ense
710 2207 871 2267 senis
915 2204 1183 2285 iugulum
1208 2252 1227 2287 ,
1273 2211 1654 2284 veteremque
1700 2206 1862 2267 exire
1909 2221 2192 2267 cruorem

504 2293 686 2355 Passa
710 2342 729 2376 ,
775 2292 967 2374 replet
1011 2295 1172 2355 sucis
1200 2340 1215 2354 .
1273 2311 1423 2372 quos
1467 2301 1784 2374 postquam
1828 2292 2095 2354 conbibit
2120 2294 2304 2353 Aeson

506 2384 626 2444 Aut
670 2400 774 2444 ore
821 2390 1095 2462 acceptos
1141 2391 1245 2442 aut
1290 2381 1533 2443 vulnere
1558 2429 1578 2465 ,
1620 2381 1804 2443 barba
1848 2398 2171 2461 comaeque

510 2472 730 2532 Cannio
778 2473 968 2550 posita
1012 2472 1250 2550 nigrum
1295 2488 1548 2549 rapuere
1593 2470 1887 2532 colorem.
2128 2483 2176 2524 ε.
2199 2474 2328 2519 mn.

377 2576 478 2620 333
510 2560 682 2620 Pulsa
730 2560 882 2638 sugit
926 2560 1145 2621 macies
1170 2605 1191 2640 ,
1234 2557 1460 2620 abeunt
1500 2557 1807 2638 pallorque
1853 2561 2156 2639 situsque,

514 2652 868 2728 animamque
915 2665 1088 2709 cavae
1134 2646 1490 2728 supplentur
1535 2663 1787 2726 corpore
1831 2665 2047 2728 rugae,

510 2737 886 2816 Membraque
931 2735 1233 2798 luxuriant
1261 2782 1275 2796 .
1329 2735 1524 2796 Aeson
1570 2738 1822 2796 miratur
1864 2743 1927 2798 et
1969 2735 2112 2796 olim

510 2832 654 2884 mne
708 2833 915 2904 quater
960 2824 1146 2885 denos
1191 2823 1353 2885 hunc
1397 2840 1463 2884 se
1506 2824 1912 2886 reminiscitur
1955 2840 2172 2885 annos.

598 2912 738 2972 vide
726 2922 832 2976 rat
876 2931 949 2974 ex
996 2913 1113 2974 alto
1160 2914 1309 2974 tanti
1353 2910 1634 2973 miracula
1679 2913 1932 2974 monstri
2107 2924 2154 2966 ι.
2181 2915 2317 2964 20an

377 3016 474 3064 333
510 3004 550 3060 Ι
558 3004 726 3064 ihm-
786 3012 844 3064 et
889 3000 1224 3063 admonitus
1269 3003 1514 3062 iuvenes
1558 3000 1896 3063 nutricibus
1941 3017 2128 3062 annos

510 3092 590 3148 Ρη
598 3112 686 3148 33
738 3093 861 3152 suis
908 3089 1121 3172 reddi,
1164 3091 1325 3169 capit
1366 3089 1479 3150 hoc
1525 3107 1559 3150 a
1604 3088 1884 3151 Colchide
1927 3106 2178 3150 munus.

598 3140 718 3240 Nffl-
726 3200 754 3240 3
800 3177 921 3241 doli
966 3185 1248 3260 cessent,
1293 3177 1496 3239 odium
1541 3195 1679 3240 cum
1724 3180 1976 3258 coniuge
2022 3176 2228 3238 falsum

510 3272 658 3328 ΡΙι33
650 3272 750 3328 ias
795 3266 1140 3348 assimulat,
1184 3265 1504 3345 Peliaeque
1550 3266 1620 3328 ad
1667 3266 1870 3328 limina
1915 3264 2163 3345 supplex

514 3360 566 3416 C*
578 3360 821 3436 afugit.
848 3364 1026 3435 atque
1053 3355 1212 3417 illam
1229 3357 1555 3437 ,quoniam
1581 3357 1776 3434 gravis
1803 3357 1932 3435 ipse
1959 3361 2201 3415 senecta
2224 3355 2320 3424 est,

377 3447 554 3504 33313
566 3448 827 3524 :stipium
870 3453 1086 3507 natae.
1145 3462 1293 3523 quas
1339 3451 1607 3548 tempore
1654 3443 1860 3505 callida
1904 3459 2084 3523 parvo

510 3532 742 3592 {flaicinis
790 3534 1075 3595 amicitiae
1121 3530 1424 3594 mendacis
1468 3534 1733 3613 imagine
1771 3533 1964 3613 cepit,
