2467 4042
383 225 414 286 l
427 223 506 287 16
782 241 923 278 arcu
1200 221 1527 277 METAMM
1545 263 1561 279 .

420 401 525 451 335
552 389 677 451 Illic
720 388 1072 450 incumbens
1117 406 1256 450 cum
1299 388 1552 451 Palladis
1598 389 1809 452 arbore
1855 390 2084 471 palmae

552 478 754 540 Edidit
796 480 979 540 invita
1023 479 1291 557 geminos
1338 477 1561 540 Latona
1605 496 1860 540 noverca
1880 526 1893 541 .

552 566 704 628 Hinc
751 584 989 646 quoque
1033 565 1322 627 lunonem
1367 566 1591 645 fugisse
1636 585 1934 648 puerpera
1978 568 2177 630 fertur

552 655 738 735 Inque
785 674 894 716 suo
939 663 1212 735 portasse
1259 656 1395 716 sinu
1420 702 1439 737 ‚
1485 654 1604 717 duo
1650 658 1894 718 numina
1918 704 1938 736 ,
1982 665 2154 720 natos
2178 704 2194 718 .

551 743 790 823 Iamque
838 742 1294 804 Chimaeriferae
1323 791 1342 826 ‚
1387 761 1526 805 cum
1570 743 1661 806 sol
1705 746 1897 824 gravis
1943 754 2151 807 ureret
2190 762 2357 823 arva,

422 843 525 893 340
551 832 798 894 Finibus
843 834 906 892 in
950 830 1161 910 Lyciae
1204 831 1380 912 longo
1426 831 1537 893 dea
1581 833 1739 894 fessa
1782 831 1984 894 labore

554 921 798 983 Sidereo
845 922 1064 982 siccata
1109 922 1271 982 sitim
1317 920 1555 1000 collegit
1598 921 1671 982 ab
1718 931 1920 983 aestu:

552 1009 865 1089 Uberaque
910 1007 1219 1070 ebiberant
1264 1008 1417 1071 avidi
1460 1008 1737 1071 lactantia
1780 1012 1906 1070 nati
1923 1057 1938 1071 .

551 1099 729 1160 Forte
773 1098 968 1160 lacum
1011 1097 1332 1158 mediocris
1376 1114 1563 1177 aquae
1607 1100 1916 1178 prospexit
1960 1101 2023 1159 in
2072 1101 2206 1159 imis

551 1186 856 1249 Vallibus:
902 1194 1166 1265 agrestes
1210 1185 1332 1248 illic
1377 1187 1663 1248 fruticosa
1707 1184 1984 1266 legebant

420 1286 523 1336 345
551 1274 779 1336 vimina
824 1292 962 1336 cum
1004 1276 1200 1336 iuncis
1246 1283 1590 1354 gratamque
1635 1274 1948 1356 paludibus
1995 1274 2188 1336 ulvam
2206 1321 2221 1334 .

549 1365 817 1426 Accessit
840 1411 860 1446 ,
903 1364 1217 1443 positoque
1265 1381 1422 1443 genu
1467 1362 1699 1425 Titania
1745 1371 1965 1425 terram

548 1452 777 1514 Pressit
801 1500 820 1533 ,
864 1460 934 1514 ut
975 1452 1247 1513 hauriret
1289 1451 1513 1531 gelidos
1557 1460 1772 1532 potura
1815 1451 2081 1531 liquores
2099 1498 2114 1513 .

551 1541 795 1602 Rustica
840 1539 1015 1601 turba
1058 1548 1262 1602 vetant
1289 1587 1304 1602 .
1359 1540 1469 1602 dea
1513 1542 1602 1601 sic
1646 1541 1818 1601 affata
1863 1548 2164 1601 vetantes:

551 1626 776 1701 “‘Quid
806 1628 1136 1709 prohibetis
1163 1631 1334 1708 aquis
1350 1624 1385 1690 ?
1412 1646 1559 1690 usus
1587 1631 1918 1690 communis
1946 1645 2230 1707 aquarum
2258 1635 2363 1687 est.

419 1729 523 1781 3⁶0
550 1718 673 1780 Nec
718 1717 905 1779 solem
947 1720 1260 1798 proprium
1306 1725 1518 1779 natura
1562 1735 1676 1779 nec
1721 1722 1858 1778 aera
1903 1717 2048 1779 fecit

550 1807 674 1868 Nec
718 1815 930 1869 tenues
974 1806 1210 1868 undas:
1256 1804 1329 1866 ad
1373 1804 1608 1886 publica
1653 1821 1903 1867 munera
1945 1807 2081 1867 veni
2096 1853 2115 1886 ,

552 1896 713 1968 Quae
760 1904 958 1956 tamen
1003 1903 1073 1956 ut
1098 1893 1255 1956 detis
1279 1942 1299 1974 ,
1345 1893 1590 1974 supplex
1619 1902 1759 1973 peto
1789 1941 1804 1955 .
1859 1911 1982 1954 non
2012 1912 2120 1972 ego
2148 1901 2360 1954 nostros
2440 1931 2441 1989 i

549 1984 805 2045 Abluere
850 1984 948 2044 hic
984 1991 1150 2046 artus
1194 1982 1526 2062 lassataque
1571 1981 1837 2044 membra
1881 1982 2157 2062 parabam
2171 2030 2188 2062 ,

552 2072 669 2134 Sed
715 2072 978 2133 relevare
1024 2074 1185 2132 sitim
1213 2119 1227 2132 .
1284 2080 1448 2132 caret
1492 2089 1560 2131 os
1605 2087 1814 2133 umore
1858 2070 2156 2150 loquentis

415 2173 520 2225 355
550 2161 627 2222 Et
672 2161 873 2223 fauces
919 2172 1090 2222 arent
1114 2208 1132 2241 ,
1177 2162 1390 2238 vixque
1437 2168 1531 2221 est
1572 2161 1665 2220 via
1710 2161 1872 2220 vocis
1916 2161 1980 2221 in
2025 2158 2172 2222 illis.

549 2250 810 2312 Haustus
854 2265 1039 2328 aquae
1086 2247 1227 2309 mihi
1274 2255 1480 2310 nectar
1525 2250 1641 2309 erit
1664 2295 1683 2328 ,
1726 2249 2026 2326 vitamque
2072 2245 2285 2309 fatebor

554 2344 866 2416 *accepisse
909 2336 1130 2398 simul:
1173 2338 1354 2398 vitam
1399 2336 1682 2397 dederitis
1725 2339 1789 2397 in
1833 2336 2027 2398 unda.

554 2428 622 2488 ni
674 2448 907 2504 qunque
952 2444 1056 2486 vos
1084 2433 1358 2487 moveant
1381 2473 1400 2507 ,
1446 2427 1551 2504 qui
1593 2432 1799 2487 nostro
1826 2423 2102 2486 bracchia
2135 2420 2353 2485 tendunt

554 2520 734 2576 Parva
782 2520 913 2576 sinu
944 2509 1034 2576 .''’
1081 2522 1142 2575 et
1187 2531 1330 2577 casu
1376 2513 1698 2575 tendebant
1740 2512 2018 2575 bracchia
2063 2516 2211 2576 nati.

421 2620 522 2668 35⁴5]
554 2608 742 2676 ξιιμ-,τη
794 2624 909 2665 mm
952 2601 1166 2665 blanda
1210 2603 1355 2665 deae
1400 2604 1737 2682 potuissent
1781 2600 1957 2664 verba
2004 2596 2275 2663 movere?

554 2696 622 2752 Hi
678 2707 866 2752 [amen
912 2700 1182 2753 orantem
1223 2700 1495 2771 perstant
1536 2690 1856 2771 prohibere
1882 2738 1902 2773 ‚
1945 2693 2270 2769 minasque,

558 2784 622 2844 Ni
674 2784 882 2860 procul
926 2779 1205 2842 abscedat
1228 2828 1249 2860 ,
1294 2782 1678 2858 conviciaque
1723 2782 1971 2859 insuper
2017 2778 2256 2840 addunt.

554 2872 671 2932 Nec
722 2876 862 2928 satis
907 2878 1000 2931 est
1024 2918 1043 2949 ,
1085 2872 1251 2950 ipsos
1296 2871 1474 2931 etiam
1516 2866 1889 2948 pedibusque
1933 2885 2218 2947 manuque

554 2960 890 3020 ‘Purher-ere
936 2958 1101 3018 lacus
1126 3006 1145 3039 ,
1189 2961 1429 3036 imoque
1474 2975 1509 3017 e
1553 2959 1788 3036 gurgite
1834 2955 2072 3018 mollem

421 3064 522 3108 aea
554 3048 682 3108 llus
730 3048 870 3108 illuc
913 3046 1119 3108 limum
1166 3046 1321 3109 saltu
1364 3062 1603 3106 movere
1649 3045 1939 3124 maligno.

558 3136 790 3196 Distulit
834 3140 922 3196 ira
967 3136 1172 3197 sitim:
1217 3152 1412 3213 neque
1457 3135 1615 3195 enim
1661 3135 1779 3196 iam
1824 3133 1940 3194 filia
1988 3131 2127 3194 Coei

558 3227 862 3304 Supplicat
900 3223 1159 3304 indignis
1185 3272 1203 3305 ,
1250 3241 1361 3284 nec
1406 3222 1606 3283 dicere
1653 3223 1912 3284 sustinet
1955 3222 2110 3283 ultra

554 3316 740 3372 ’efferim
790 3316 1017 3373 minora
1062 3310 1217 3392 dea;
1264 3309 1598 3390 tollensque
1643 3310 1716 3372 ad
1762 3310 1956 3372 sidera
2003 3310 2212 3389 palmas

554 3396 952 3458 ““Asslernum
998 3394 1229 3476 stagno’
1277 3398 1423 3459 dixit
1468 3393 1698 3458 ‘vivatis
1743 3400 1806 3459 in
1850 3399 1967 3458 isto
1986 3393 2075 3457 .’'’

421 3496 522 3544 affl
546 3484 842 3540 Eveniunt
886 3493 1083 3561 optata
1128 3484 1274 3545 deae
1303 3529 1318 3544 .
1371 3487 1533 3544 iuvat
1578 3501 1710 3545 esse
1756 3484 1869 3545 sub
1916 3484 2125 3564 undis,
2205 3495 2239 3534 1-
2265 3486 2320 3529 ⁸⁰¹

554 3568 626 3624 Et
674 3572 846 3628 medo
898 3577 1013 3629 tota
1058 3587 1193 3629 cava
1243 3568 1628 3648 submergere
1674 3570 1941 3633 membra
1985 3570 2220 3650 palude,
