2467 4042
229 219 293 286 278
636 221 829 274 onerosum

317 378 442 463 Saepius
463 386 587 447 instanti
609 380 763 447 ‘mandata
786 387 957 466 peregimus
970 382 995 468 ,³
1022 389 1121 467 inquit

361 469 493 536 ‘Evictas
515 473 655 554 precibus
678 477 725 535 vix
748 474 831 537 dedit
852 474 902 536 illa
923 472 1069 538 mamus?

317 562 418 624 Credit
440 581 563 644 amaus,
585 562 789 643 thalamosque
812 572 916 642 parat.
959 564 1121 628 deducitur
1139 565 1184 626 illuc

251 664 303 713 aea
361 650 444 712 duna
468 659 571 730 tegens
594 651 712 731 voltus,
736 661 769 713 ut
790 671 866 714 nora
889 661 1006 734 nupta,
1029 672 1120 715 suos.

316 738 425 801 Oscula
448 749 623 819 sumpturus
646 739 744 802 subito
768 739 846 802 Mars
868 744 974 821 aspicit
997 743 1132 805 Annam.

359 828 445 889 Nune
467 828 564 907 pudor
587 827 726 909 elusum,
749 847 829 891 nune
851 829 931 891 subit
954 832 1001 891 ira
1026 831 1132 893 deum:

316 914 402 977 Ridet
425 924 608 995 amatorem,
631 935 698 977 rara
722 925 768 978 est
790 935 865 978 nova
888 918 954 979 diva
976 919 1142 1000 Minervae,

242 1068 247 1076 ,
360 1004 421 1065 Nee
444 1023 494 1065 res
516 1004 571 1065 hae
594 1003 702 1066 Veneri
724 1008 837 1082 gratior
859 1005 918 1067 ulla
940 1006 1018 1068 luit.

250 1104 302 1156 aaa
316 1092 387 1153 lnde
410 1095 469 1153 ioci
492 1102 607 1154 veteres
631 1091 817 1173 obscenaque
840 1095 918 1156 dieta
941 1105 1113 1178 canuntur,

359 1179 397 1242 m
419 1183 499 1242 iuvat
521 1181 596 1242 hane
619 1199 725 1260 magno
748 1182 837 1243 verba
861 1183 977 1244 dedisse
1002 1186 1082 1247 deo.

315 1268 536 1331 Praeteriturrrs
559 1287 640 1331 eram
664 1269 776 1348 gladios
798 1273 830 1332 in
852 1273 986 1352 prineipe
1013 1275 1108 1355 fixos,

360 1356 434 1419 Cum
458 1360 501 1419 sie
523 1376 540 1419 a
564 1360 653 1419 castis
677 1357 764 1419 Vesta
787 1359 884 1420 locuta
907 1361 1000 1422 locis:

316 1441 375 1507 ‘Ne
399 1445 500 1509 dubita
522 1445 715 1508 meminisse!
747 1465 831 1509 meus
854 1448 911 1509 luit
932 1448 980 1509 ille
1007 1451 1156 1513 sacerdos.

250 1546 302 1597 τοο
361 1533 525 1614 Sacrilegae
548 1535 615 1596 telis
638 1553 686 1597 me
709 1538 822 1615 petiere
845 1554 967 1598 manus.

315 1622 381 1704 lpsa
395 1625 500 1691 *virum
523 1626 631 1705 rapui,
654 1624 869 1703 simulacraque
891 1625 971 1687 nuda
994 1628 1124 1708 reliqui.

361 1711 441 1784 Quae
465 1712 572 1772 cecidit
595 1713 676 1773 ferro
689 1759 702 1791 ,
722 1711 855 1775 Caesaris
878 1713 983 1775 umbra
1008 1713 1102 1780 luit!

316 1798 367 1861 llle
391 1799 511 1879 quidem
533 1800 614 1861 eaelo
638 1803 754 1878 positus
776 1800 853 1863 loris
876 1804 950 1862 atria
972 1804 1070 1886 vidit,

359 1887 398 1949 Et
420 1897 502 1950 tenet
522 1891 555 1949 in
578 1907 684 1967 magno
707 1889 816 1968 templa
838 1889 933 1951 ditata
956 1891 1044 1955 loro.

250 1988 301 2039 ‘105
315 1977 353 2038 dt
375 1978 555 2056 quicumque
577 1977 661 2037 nelas
684 1979 749 2038 ausi
761 2024 770 2056 ,
793 1977 968 2056 prohibente
991 1979 1120 2043 deornm

359 2064 508 2144 Numina,
532 2064 699 2144 polluerant
720 2065 887 2144 pontificale
911 2076 1019 2147 eaput,

315 2152 410 2215 Morte
432 2155 529 2215 iacent
552 2155 679 2215 merita.
721 2162 813 2216 testas
835 2162 930 2217 estote
953 2155 1105 2238 Philippi,

358 2240 397 2303 Et
419 2252 549 2320 querum
571 2243 683 2321 sparsis
705 2241 823 2304 ossibus
846 2242 925 2305 albet
947 2243 1081 2307 humus.

316 2329 378 2391 lloe
401 2348 476 2410 opus
486 2378 495 2411 ‚
518 2331 591 2392 haee
609 2330 816 2412 pietas,l1aee
834 2331 1100 2411 primaelemeuta
1116 2334 1195 2395 lnend

249 2430 301 2481 ⁷10
359 2417 514 2503 Caesaris,
537 2417 641 2480 ulcisci
664 2420 742 2480 iusta
765 2437 819 2498 per
841 2437 922 2482 arma
944 2430 1082 2500 patrem.

663 2557 712 2622 16.
736 2554 802 2621 CF

315 2683 437 2746 Postera
459 2700 528 2744 eum
550 2693 669 2744 teneras
692 2701 798 2744 aurora
821 2683 960 2746 refecerit
981 2685 1112 2768 herbas,

361 2771 501 2850 Scorpios
524 2774 659 2850 aprima
681 2782 765 2850 parte
789 2771 932 2834 ridendus
955 2775 1032 2837 erit.

569 2909 620 2974 17.
642 2909 672 2974 Ι)
696 2907 846 2976 LIB·N³

316 3036 416 3097 Tertia
438 3045 506 3116 post
529 3035 599 3098 ldus
622 3036 673 3098 lux
696 3046 742 3098 est
764 3036 957 3098 celeberrima
979 3036 1117 3102 Baeelro.

360 3123 497 3205 Bacche,
520 3125 584 3185 lave
607 3128 666 3186 vati
678 3172 688 3206 ,
710 3126 782 3186 dum
806 3133 856 3187 tua
879 3125 954 3187 lesta
976 3143 1071 3189 cano.

252 3224 304 3276 tlt
318 3211 379 3273 Nee
399 3214 529 3275 reseram
553 3212 712 3293 Semelen,
735 3213 771 3274 ad
794 3232 883 3294 quam
905 3216 963 3276 nisi
986 3214 1113 3278 fulmina
1134 3222 1195 3274 secui

361 3300 493 3381 luppiter
516 3302 647 3363 adlerret
659 3350 668 3382 ‚
692 3305 807 3365 sardina
829 3304 932 3365 matris
955 3319 1042 3385 eras;

317 3388 399 3468 Nec,
421 3408 497 3468 puer
520 3401 554 3452 ut
576 3408 680 3469 posses
703 3399 818 3452 maturo
841 3403 974 3471 tempore
997 3396 1101 3473 nasei,

361 3474 518 3555 Expletum
541 3481 637 3556 patrio
661 3496 785 3558 corpore
808 3483 911 3540 matris
934 3497 1027 3558 opus.

318 3560 456 3625 Sithonas
478 3575 509 3625 et
533 3564 687 3645 Scythicos
710 3566 831 3646 longum
854 3578 899 3630 est
924 3585 1048 3656 narrare
1071 3565 1195 3634 trinum
