2467 4042
428 219 491 283 ata
503 256 540 265 -
554 219 627 283 tta.

87 374 185 434 Tunc
200 374 290 434 etiam
306 372 397 434 iubeo
416 378 496 433 totas
512 373 631 447 aperire
648 375 808 447 fenestras,
908 394 914 405 ·

135 459 318 533 Turpiaque
332 457 470 517 admisso
486 456 622 515 membra
636 464 742 517 notare
757 457 815 516 die.

88 544 136 601 At
153 542 246 601 simut
262 541 301 601 ad
317 548 415 600 metas
430 540 512 599 venit
527 540 611 599 finita
625 540 778 615 voluptas,

61 663 66 668 -
136 625 305 700 Lassaque
321 640 389 684 cum
405 630 470 685 tota
483 638 615 698 corpora
630 631 730 683 mente
744 624 852 698 iacent,

19 717 73 769 ato
87 710 176 769 Dum
190 709 291 784 piget,
314 714 345 768 et
358 707 446 767 matis
462 708 574 766 nuliam
589 707 727 781 tetigisse
741 709 883 784 puellam,

138 793 356 866 Tacturusque
370 791 424 851 tibi
439 806 499 850 non
516 791 640 851 videare
655 791 716 863 diu,

89 878 183 937 Tunc
195 876 299 936 animo
312 874 411 950 signa,
424 875 640 950 quodcumque
651 876 822 949 incorpore
833 875 1042 948 mendumest,

139 960 335 1034 Luminaque
349 960 380 1018 in
398 957 476 1019 vitiis
491 958 571 1018 itlius
586 974 687 1033 usque
703 965 781 1018 tene.

90 1039 1043 1118 Forsitanhaecaliquis...namsuotquoque...parvavocahit.

22 1135 78 1187 sto
141 1127 205 1187 Sed
224 1141 305 1202 quae
322 1142 384 1185 non
402 1132 531 1201 prosunt
544 1126 678 1200 singula,
702 1127 794 1185 multa
808 1126 921 1186 iuvant.

91 1210 197 1271 Parva
213 1214 304 1269 necat
316 1225 423 1270 morsu
438 1209 609 1284 spatiosum
624 1211 732 1285 vipera
745 1216 879 1270 taurum:

140 1295 170 1354 A
184 1309 263 1353 cane
279 1308 343 1353 non
358 1308 468 1368 magno
484 1308 580 1369 saepe
595 1291 715 1354 tenetur
730 1308 814 1366 aper.

92 1379 143 1439 Iu
157 1385 275 1437 tanturn
291 1392 420 1439 nurnero
435 1392 552 1452 pugna,
576 1382 806 1452 praeceptaque
819 1375 848 1435 in
865 1392 954 1436 unum

140 1461 312 1534 contrahe,
335 1461 375 1521 de
389 1461 490 1520 multis
507 1460 633 1535 grandis
648 1475 779 1519 acervus
794 1460 860 1520 erit.

26 1553 80 1604 aas
94 1544 161 1606 Sed
178 1545 326 1619 quoniam
341 1560 443 1605 mores
458 1543 597 1617 totidem,
619 1542 808 1617 totidemque
822 1544 946 1618 figurae,

139 1629 208 1689 Nou
226 1635 299 1688 sunt
312 1628 433 1688 iudiciis
449 1627 550 1687 omnia
567 1626 670 1687 danda
684 1626 770 1687 meis.

96 1713 164 1787 Quo
179 1720 311 1773 tuanen
330 1718 462 1787 possunt
477 1710 591 1772 offendi
608 1716 733 1786 pectora
749 1711 839 1783 iacto,

139 1796 284 1857 Forsitan
299 1795 361 1856 hoc
375 1794 435 1855 atio
451 1793 553 1854 iudice
567 1794 681 1853 crimen
696 1793 762 1854 crit.

95 1880 152 1939 llic
168 1880 255 1954 quod
272 1880 425 1939 obscenas
443 1879 473 1937 in
489 1885 595 1953 aperto
612 1893 744 1952 corpore
758 1885 861 1954 partes
959 1919 969 1932 .

29 1972 83 2024 430
137 1962 286 2034 Viderat,
309 1963 339 2021 in
356 1978 446 2023 cursu
461 1962 513 2036 qui
529 1962 598 2035 tuit,
621 1961 721 2022 haesit
735 1978 835 2022 amora

95 2047 151 2105 itte
166 2047 254 2120 quod
270 2046 434 2108 eveneris
447 2046 539 2106 rebus
556 2054 700 2119 surgente
717 2047 820 2120 puelia

138 2129 228 2190 Vidit
245 2130 276 2188 in
294 2130 440 2190 inmundo
459 2129 547 2205 signa
563 2129 711 2204 pudenda
725 2136 804 2189 toro.

93 2213 233 2287 Luditis,
256 2230 275 2274 o
290 2214 401 2288 siquos
417 2219 578 2288 potuerunt
592 2212 651 2272 ista
666 2229 805 2274 movere:

138 2296 306 2359 Adflarant
320 2297 443 2372 tepidae
456 2304 584 2372 pectora
599 2303 701 2357 vestra
716 2299 810 2357 taces.

34 2393 82 2443 tan
93 2381 250 2442 Adtrahat
265 2380 316 2441 ille
330 2396 408 2456 puer
421 2387 582 2442 contentos
598 2381 707 2441 fortius
722 2395 822 2452 arcus,

141 2464 259 2525 Saucia
273 2465 421 2526 maiorem
436 2465 524 2524 turba
538 2465 649 2539 petetis
664 2479 764 2539 opem.

97 2548 195 2624 Quid,
218 2549 271 2623 qui
287 2552 365 2609 ctam
380 2548 464 2608 latuit
479 2548 633 2608 reddente·
642 2547 779 2608 obscena
792 2546 903 2623 puelia,

139 2633 179 2692 tu
193 2631 287 2707 vidit,
311 2649 393 2708 quae
407 2649 475 2692 mos
490 2632 558 2708 ipse
573 2630 678 2693 videre
693 2638 795 2692 vetat?
908 2643 913 2656 ·

95 2718 135 2777 Di
150 2716 280 2790 metius,
303 2733 394 2792 qoam
410 2732 466 2777 nos
481 2731 662 2777 moneamus
679 2716 751 2776 tatia
768 2719 965 2791 quemquam!

35 2813 86 2865 tto
139 2801 183 2861 Ut
197 2801 332 2876 prosint,
354 2816 415 2860 non
431 2807 502 2860 sunt
517 2799 712 2875 expedienda
724 2807 835 2860 tamen
903 2861 908 2870 ,

96 2886 214 2946 Hortor
229 2892 274 2957 et,
296 2891 330 2945 ut
344 2884 458 2960 pariter
473 2884 559 2944 binas
574 2882 714 2944 habeatis
729 2884 860 2944 amicam

140 2968 265 3029 Fortior
279 2976 340 3040 est,
363 2969 468 3043 piures
484 2968 582 3043 siquis
597 2967 712 3028 habere
725 2974 840 3044 potest.

98 3053 193 3114 Secta
208 3051 352 3127 bipartito
366 3068 434 3112 cunr
449 3067 535 3111 mans
552 3051 694 3112 discurrit
709 3059 849 3126 utroque,

141 3136 279 3196 Alterius
295 3137 378 3197 vires
393 3135 543 3196 subtrahit
556 3136 633 3195 atter
646 3151 741 3198 amor.

33 3232 85 3283 445
97 3220 235 3281 Grandia
250 3236 307 3295 per
324 3221 436 3280 multos
449 3225 611 3279 tenuantur
626 3217 751 3279 humina
765 3219 861 3292 rivos,

142 3302 311 3379 Saevaque
326 3304 450 3364 diducto
469 3303 571 3378 stipite
584 3302 707 3363 flamma
721 3303 809 3379 perit.

98 3389 167 3447 Non
183 3387 260 3448 satis
279 3405 341 3448 una
354 3394 438 3448 tenet
451 3395 569 3448 ceratas
584 3386 721 3447 anchora
735 3401 865 3462 puppes,

142 3471 206 3532 Nec
222 3472 298 3533 satis
314 3477 362 3533 est
376 3469 502 3545 liquidis
518 3469 627 3531 unicus
645 3471 751 3531 hamus
767 3467 865 3545 aquis.

58 3572 143 3615 orio.
167 3556 192 3614 l.
849 3563 881 3615 16
