2467 4042
448 255 483 325 1,
500 260 659 311 691-170.
705 274 840 311 munus.
857 274 996 312 emuncti
1042 256 1083 320 21

159 422 307 502 Coniugis
328 420 379 482 ille
403 439 475 483 suae
498 420 671 501 complexus
694 420 769 482 colla
790 420 928 503 lacertis,

76 524 142 573 '135
157 511 261 572 Finiat
282 519 318 571 ut
338 528 451 589 poenas
472 511 593 572 tandem
605 558 615 591 ,
638 519 744 592 rogat,
767 506 821 571 ‘in'
845 528 903 589 que
925 505 1072 570 ‘futurum

158 600 247 660 Pone
269 593 402 679 metus,'
424 600 523 676 inquit
546 594 720 677 ‘numquam
743 597 798 659 tihi
819 616 908 660 causa
931 597 1042 659 doloris

158 688 245 749 llaec
267 682 338 748 erit'
361 695 393 747 et
415 686 532 767 Stygias
554 686 639 747 iuhet
660 686 717 747 hoo
740 687 843 748 audire
866 686 1006 767 paludes.

158 777 203 839 Ut
226 775 317 837 lenita
338 775 394 836 des
416 786 484 858 est,
505 775 608 836 reditis
630 776 708 854 capit
729 774 779 835 illa
801 778 935 857 priores,

158 866 272 944 Fitque
296 864 375 943 quoi
398 873 466 925 ante
489 865 567 926 luit.
595 865 749 942 fugiente
771 879 897 944 corpore
920 872 1035 944 saetae,

79 967 145 1016 ⁷40
160 954 287 1015 Cornua
307 953 508 1034 decrescunt,
529 953 564 1018 lit
584 950 706 1013 luminis
728 953 821 1013 artior
843 952 942 1034 erhis,

160 1041 359 1105 Contrahitur
381 1044 500 1122 rictars,
522 1041 651 1102 redeunt
672 1042 828 1119 umerique
851 1057 1033 1122 manusque,

160 1131 340 1210 Unguleque
362 1133 394 1191 in
418 1132 526 1208 quinos
549 1129 661 1209 dilapsa
684 1129 850 1189 absumitur
872 1147 1005 1208 ungues.

159 1220 207 1282 lte
232 1219 305 1280 hore
327 1217 370 1279 nil
392 1227 552 1299 superest,
573 1218 687 1278 formae
709 1219 768 1277 nisi
790 1218 900 1278 candor
912 1266 924 1299 ,
943 1220 976 1279 in
996 1215 1062 1277 illa.

160 1309 330 1387 Officioque
352 1306 463 1386 pedum
485 1305 613 1386 nymphe
632 1314 772 1366 contenta
795 1306 923 1367 duorum

81 1409 145 1460 ⁷45
159 1397 322 1477 Erigitur,
343 1397 509 1475 metuitque
532 1393 637 1475 loqui,
659 1412 697 1454 ne
720 1412 803 1455 more
824 1396 966 1455 iuvencae

160 1486 300 1566 Mugiat,
322 1493 353 1544 et
375 1483 478 1544 timide
501 1481 592 1544 verba
614 1484 785 1543 intermissa
807 1491 982 1563 retemptat.

159 1574 251 1635 Nunc
274 1571 328 1633 dea
350 1571 473 1650 linigera
497 1570 605 1632 colitur
628 1569 821 1632 celeberrime
843 1570 948 1632 turha.

209 1660 287 1723 Huic
308 1659 449 1740 Epaphus
471 1662 570 1739 magni
591 1661 711 1738 genitus
732 1659 770 1719 de
792 1662 905 1720 semiue
928 1660 1046 1721 tandem

160 1750 305 1812 Creditur
328 1767 395 1809 esse
417 1747 519 1829 lovis,
539 1763 654 1827 perque
676 1747 767 1807 urbes
788 1750 890 1808 iuncta
911 1752 1029 1828 parenti

85 1852 147 1902 ‘150
159 1837 288 1918 Templa
310 1846 415 1898 tenet.
442 1838 499 1897 mic
521 1836 593 1897 huie
614 1837 720 1896 anienis
743 1836 873 1915 aequalis
895 1846 926 1898 et
948 1841 1033 1899 annis

162 1928 235 1989 Sole
249 1924 493 1987 satusPhaethoo
507 1970 515 1987 .
538 1941 628 2004 quem
642 1923 790 2004 quondam
804 1941 908 2006 magna
916 1927 1086 2006 loquentem

160 2018 228 2079 Nee
251 2014 308 2075 sihi
331 2014 486 2075 cedentem
508 2011 689 2091 Phoeboque
711 2025 835 2092 parente
857 2015 1021 2096 superbum

45 2125 49 2132 ·
161 2106 232 2167 Non
255 2102 324 2164 tulit
344 2101 522 2183 Inachides,
545 2095 656 2161 ‘matri'
675 2117 733 2180 que
756 2108 797 2165 ait
819 2101 929 2165 ‘omnia
950 2105 1074 2166 demens

163 2192 294 2271 Credis,
316 2199 347 2253 et
369 2209 402 2252 es
424 2189 557 2251 tumidus
579 2191 725 2269 genitoris
747 2196 875 2273 imagine
897 2189 993 2254 taisi?

90 2293 149 2344 toa
162 2281 296 2343 Erubuit
317 2279 495 2360 Phaethon,
516 2281 651 2357 iramque
674 2282 788 2358 pudore
811 2283 973 2362 repressit,

162 2372 206 2433 Et
226 2369 296 2431 tulit
317 2369 355 2430 ad
378 2367 538 2448 Clymenen
561 2363 679 2447 Epaphi·
698 2373 831 2432 convicia
852 2378 995 2435 matrem:

164 2458 305 2537 ‘Quoque
328 2460 421 2536 magis
444 2455 567 2537 doleas,
589 2457 725 2535 genetrix
738 2455 758 2540 ,'
782 2462 824 2520 ait
846 2454 907 2518 ‘ille
921 2475 975 2536 ego
994 2457 1087 2539 liber,

163 2548 219 2610 llle
241 2548 327 2607 lerox
349 2548 450 2607 taem.
481 2544 575 2624 pudet
596 2543 670 2604 haec
693 2547 853 2628 obprobria
874 2546 960 2608 nohis

163 2637 206 2698 Et
227 2636 287 2698 dici
304 2638 438 2715 potuisse
460 2642 492 2695 et
509 2650 569 2694 non
586 2633 721 2711 potuisse
744 2635 857 2697 relelli.

95 2738 150 2787 teo
164 2729 205 2789 nt
226 2733 284 2806 tu,
305 2726 333 2784 si
354 2723 442 2784 modo
465 2739 533 2783 sum
555 2720 677 2784 caelesti
699 2726 791 2804 stirpe
815 2732 955 2805 creatus,

163 2814 229 2876 Ede
247 2821 348 2874 notam
371 2814 445 2872 tanti
466 2812 607 2891 generis,
630 2826 737 2891 meque
760 2830 860 2873 assero
883 2806 994 2873 eaelo?

163 2903 246 2965 Dixit
268 2909 301 2962 et
322 2901 468 2980 implicuit
489 2906 624 2978 materno
647 2900 786 2962 bracchia
808 2900 903 2983 eollo,

162 2992 284 3071 Perque
307 3008 396 3051 suum
417 2988 606 3067 Meropisque
634 2999 724 3068 eaput
749 2988 909 3068 taedasque
932 3005 1088 3070 sororum,

163 3080 334 3160 Traderet,
355 3079 472 3158 oravit,
494 3077 558 3136 veri
580 3072 639 3137 sihi
660 3079 744 3157 signa
766 3080 915 3157 parentis.

97 3179 150 3230 tet
164 3168 368 3248 Ambiguum,
390 3165 552 3245 Clymene,
578 3165 719 3242 precihus
741 3165 957 3246 Phaethontis,
983 3182 1022 3225 an
1043 3166 1088 3224 ira

163 3258 245 3319 iloto
267 3257 361 3335 magis
384 3254 456 3315 dicti
478 3253 536 3314 sihi
558 3254 714 3336 criminis,
736 3262 863 3332 utraque
887 3252 968 3314 caelo

164 3344 309 3407 Bracchia
331 3344 491 3424 porrexit,
514 3348 711 3421 spectansque
735 3342 771 3405 ad
790 3343 901 3403 lumine
923 3340 994 3402 solis

165 3430 236 3495 ‘Per
258 3431 345 3493 iuhar
367 3427 437 3493 hoe'
459 3433 557 3509 inquit
580 3426 682 3492 ‘radiis
704 3433 820 3511 insigne
844 3431 1000 3511 coruscis,

164 3522 240 3584 Nate
251 3569 262 3603 ,
283 3520 339 3582 tihi
361 3522 457 3601 iuro,
479 3518 559 3599 quod
582 3537 638 3580 nos
661 3519 802 3599 auditque
825 3519 982 3599 videtque,

97 3623 150 3674 tto
164 3610 229 3672 lloc
242 3619 273 3672 tc
286 3656 297 3692 ,
319 3626 410 3689 quem
424 3616 541 3687 spectas
555 3656 565 3690 ,
587 3607 645 3669 hoc
662 3616 692 3668 te
706 3654 716 3688 ,
739 3609 791 3686 qui
804 3615 952 3684 temperat
964 3603 1087 3684 orbem,
