2467 4042
411 230 494 300 VIII,
512 234 675 286 sia-501.
760 249 900 288 mussa
990 232 1051 301 163

51 409 103 461 see
118 398 223 479 Saepe
245 405 329 460 metu
351 394 474 458 sceleris
495 394 648 476 pallebant
670 412 724 457 era
745 396 858 479 futuri,

119 486 223 567 Saepe
246 502 337 547 suum
358 484 478 545 fervens
501 484 596 546 oculis
620 482 707 546 debat
728 486 773 546 ire
794 484 954 568 ruberem3

117 574 160 637 Et
184 573 276 635 mode
299 574 400 635 neseio
424 570 497 652 quid
518 572 623 634 similis
646 571 767 634 crudele
791 576 915 636 minanti

118 661 232 724 Vultus
256 669 342 742 erat,
365 660 453 722 mede
476 678 566 740 quem
588 662 727 722 misereri
750 661 872 724 credere
895 681 1015 743 posses.

119 750 263 831 Cumque
286 750 369 811 ferus
391 748 529 810 lacrimas
552 750 643 810 animi
666 752 828 811 siccaverat
849 751 955 833 arder,

53 851 106 902 iac
119 837 359 901 Inveniebantur
382 836 523 898 lacrimae
545 844 668 898 tamen.
696 845 788 916 utque
812 841 928 920 cerina,

120 928 222 1001 Quam
245 935 353 988 ventus
375 933 524 1004 ventoque
547 927 626 1005 rapit
648 927 816 987 contrarius
837 935 955 1009 aestus,

119 1015 191 1077 Vim
214 1017 364 1095 geminam
386 1015 499 1095 sentit,
520 1021 665 1093 paretque
688 1008 802 1075 incerta
825 1013 959 1077 duobus:

121 1104 266 1166 Thestias
289 1101 368 1164 baud
391 1101 477 1163 aliter
500 1100 598 1163 dubis
622 1100 777 1164 affectibus
800 1112 898 1184 errat,

123 1193 250 1272 Perque
274 1192 354 1252 vices
376 1192 462 1271 penit
483 1192 670 1270 positamque
693 1192 853 1253 resuscitat
874 1194 963 1254 iram

57 1291 108 1342 aab
122 1280 237 1361 lnclpit
260 1297 327 1341 esse
349 1286 449 1340 umen
472 1277 578 1340 melier
599 1295 740 1358 germane
761 1287 902 1361 parente,

124 1368 179 1447 [Et
203 1369 440 1447 consanguineas
462 1375 497 1428 ut
519 1368 664 1446 sanguine
686 1365 778 1428 leniat
799 1366 938 1449 umbras,

124 1456 283 1537 impietate
305 1458 354 1536 pia
376 1463 444 1517 est.
471 1471 540 1516 nam
561 1462 719 1534 postquam
741 1455 865 1535 pestifer
887 1458 964 1535 ignis

125 1545 306 1625 Conraluit,
329 1538 431 1623 ‘regnis
452 1545 511 1606 iste
534 1551 649 1604 cremet
671 1560 737 1605 mea
758 1539 884 1605 riseera'
908 1543 998 1605 dixit.

125 1632 227 1713 thue
250 1649 340 1693 manu
363 1630 427 1693 dira
449 1630 564 1711 lignum
587 1630 673 1693 fatale
696 1629 833 1713 tenebat,

63 1732 114 1783 480
128 1722 207 1782 Ante
229 1720 432 1800 sepulchrales
454 1718 559 1780 infelix
581 1721 676 1781 estitit
697 1718 795 1801 araa,]

127 1804 323 1870 ‘Poenarum’
346 1826 405 1889 que
429 1803 513 1868 ‘deae
536 1807 670 1887 triplices
682 1853 693 1888 ,
715 1807 871 1870 furialibus
883 1804 904 1890 ,⁹
927 1810 1025 1889 inquit

128 1894 345 1978 ‘Eumenides‚
368 1898 462 1958 saeris
484 1894 584 1957 rriltus
606 1895 753 1957 advertite
775 1903 907 1959 vestros.

128 1985 265 2048 Ulciscor
287 1986 423 2063 facieque
445 1983 551 2046 nefas.
577 2001 660 2045 mers
682 1992 779 2046 merle
802 1984 909 2065 pianda
932 1993 994 2048 est:

128 2073 162 2135 ln
185 2072 285 2136 scelus
307 2071 475 2134 addendum
497 2070 596 2134 scelus
618 2081 666 2133 est
678 2118 688 2152 ‚
709 2073 741 2133 in
764 2073 870 2134 funera
892 2072 1000 2135 funus:

67 2173 115 2223 48⁶
134 2161 194 2224 Per
217 2169 407 2223 coacervatos
428 2167 533 2241 pereat
554 2160 661 2222 demus
683 2162 774 2239 impia
794 2159 912 2223 luctus.

129 2252 174 2311 An
197 2249 268 2311 felix
291 2248 410 2312 Oeneus
432 2255 502 2309 nato
525 2249 639 2310 victore
661 2248 797 2328 fruetur,

129 2338 273 2400 Thestius
295 2335 388 2399 orbus
410 2332 499 2398 erit?
521 2335 628 2398 melius
650 2335 790 2416 lugebitis
813 2336 916 2398 ambe.

129 2424 188 2503 yos
210 2425 321 2508 mode,
343 2427 468 2488 fraterni
489 2442 592 2487 manes
614 2426 788 2504 animaeque
811 2433 965 2508 recentes,

130 2514 272 2577 Officium
294 2515 404 2576 senine
426 2530 550 2594 meum,
572 2530 738 2592 magnoque
760 2521 877 2593 paratas

70 2614 118 2666 sse
130 2603 265 2684 Accipite
288 2603 432 2664 inferias.
456 2599 550 2679 [uteri
571 2600 648 2663 male
669 2603 794 2681 pignera
815 2601 942 2680 nestri]
1080 2678 1082 2687 A

129 2691 167 2753 lii
189 2689 284 2753 mihil
308 2708 367 2770 quc
390 2685 522 2769 rapior?
543 2689 652 2752 fratres
673 2691 819 2769 ignoscite
843 2689 947 2752 metrii

131 2780 279 2843 Dellmunt
299 2778 337 2841 ad
350 2785 456 2859 coepta
478 2794 604 2840 manus.
633 2779 779 2840 merulsse
802 2778 931 2840 fatemur

131 2867 239 2949 illum,
261 2885 317 2930 eur
338 2875 464 2948 pereat:
491 2868 598 2928 mortis
620 2865 693 2927 milri
715 2865 853 2945 dlsplieet
875 2876 995 2929 auctor.

130 2955 210 3035 Ergo
233 2958 345 3036 inpune
368 2955 467 3037 feret,
488 2957 633 3034 virusque
656 2964 687 3016 et
708 2956 803 3016 vietor
825 2957 942 3035 etipse

72 3054 118 3105 tec
132 3043 281 3107 Successu
304 3042 436 3106 tumidus
458 3061 584 3123 regnum
608 3042 764 3123 Calydonis
787 3041 925 3125 babebit,

131 3131 189 3194 Vos
210 3134 287 3195 cinis
310 3134 436 3212 exiguus
457 3131 631 3212 gelidaeque
653 3130 788 3193 iacebitis
811 3126 959 3193 umbrae?

132 3220 217 3284 fland
239 3219 380 3301 equidem
402 3221 520 3302 patiar.
547 3227 653 3300 pereat
673 3219 854 3300 sceleratus,
876 3227 908 3280 et
929 3217 977 3280 illc

133 3309 283 3390 Spemque
304 3311 398 3389 patris
420 3310 566 3389 regnique
587 3306 686 3370 trabat
707 3309 879 3389 patriaeque
902 3308 1035 3369 ruinam.

131 3397 214 3462 llens
235 3397 289 3461 nbi
311 3405 446 3459 materna
467 3393 545 3459 est?
567 3396 620 3458 ubi
638 3405 709 3460 sunt
726 3399 776 3477 pia
788 3398 854 3458 iura
871 3390 1054 3476 parentum?

73 3494 120 3549 too
132 3485 171 3549 Bt
191 3504 269 3567 ques
291 3487 423 3549 sustinui
444 3485 492 3549 b‘u
513 3503 651 3548 mensum
674 3488 806 3565 quinque
828 3481 972 3547 labores?

131 3573 157 3636 0
180 3577 295 3638 utinam
317 3576 423 3656 primis
445 3575 570 3637 arsisses
591 3573 711 3654 ignibus
732 3574 848 3654 infans,

789 3673 843 3726 11*
