2467 4042
181 218 247 285 240
371 236 472 276 meana
596 218 777 275 uuum.

270 385 441 465 Seditioque
464 402 573 466 repens
595 384 746 464 dubioque
769 392 892 448 auctore
915 385 1056 449 Susurri.

246 473 337 555 ·lpsa
349 522 359 556 ,
382 473 452 553 quid
475 476 508 535 in
531 472 611 535 caelo
635 492 737 536 rerum
758 474 923 554 pelagoque
946 484 1068 556 geratur

270 561 308 625 Et
331 562 459 644 tellure,
481 562 583 643 videt,
606 569 761 642 totumque
784 564 910 643 inquisit
931 565 964 625 in
986 564 1108 626 orbem.

314 650 437 712 Fecerat
459 650 532 712 baec
554 657 660 712 notum
672 698 682 733 ,
705 650 806 712 Graias
829 670 899 713 cum
921 652 1015 714 milite
1038 654 1110 714 terti
1200 706 1207 722 .

221 749 255 800 ct
269 738 435 800 Adventare
458 746 559 800 ratos.
587 757 686 819 neque
708 741 915 820 inexpectatae
936 743 969 801 in
992 744 1082 801 armis

270 826 371 888 Hostis
393 827 504 889 adest:
526 826 687 907 prohibent
709 828 828 908 aditus,
850 828 982 907 litusque
1005 836 1128 891 tuentur

269 915 386 996 Trois3
409 922 441 977 et
461 914 608 977 Hectorea
630 917 745 995 primns
768 916 897 978 fataliter
919 917 1023 999 basta,

153 1028 158 1037 ·
269 1003 454 1086 Protesilao,
477 1000 579 1066 cadis:
601 1007 818 1084 commissaque
840 1003 954 1085 proelia
977 1022 1084 1086 magne

272 1092 357 1155 Stant
375 1091 498 1175 nanus,
521 1092 668 1172 fortisque
686 1094 800 1154 animae
818 1111 892 1154 neco
912 1095 1049 1172 cognitus
1066 1092 1190 1174 Hector3

224 1191 257 1242 to
270 1180 332 1241 Nec
354 1180 487 1261 Phryges
509 1182 638 1263 exiguo,
661 1181 732 1261 qnid
754 1182 881 1243 Achaica
904 1182 1027 1243 dextera
1048 1190 1168 1263 posset,

271 1268 421 1348 Sanguine
444 1277 624 1331 senserunt.
653 1278 684 1331 et
705 1264 765 1331 iam
787 1269 875 1349 Sigea
897 1268 1046 1334 rubebant

271 1355 393 1439 Litora,
415 1359 475 1419 iam
496 1357 555 1419 leto
578 1356 679 1437 proles
701 1357 872 1439 Neptunia,
895 1357 1014 1437 Cygnus

271 1444 350 1507 Mille
373 1447 452 1507 enos
476 1445 620 1527 dederat,
642 1447 702 1507 iarn
724 1464 817 1507 curru
839 1445 969 1507 instabat
990 1445 1137 1528 Achssles,

271 1532 404 1614 Totaque
426 1533 559 1596 Peliacae
583 1533 735 1596 sternebat
758 1535 889 1615 cuspidis
912 1537 975 1597 ictu

223 1633 257 1683 tc
271 1621 416 1704 Agmina3
438 1641 552 1703 perque
575 1624 655 1685 acies
678 1631 730 1685 aut
752 1620 885 1703 Cygnum
908 1629 960 1684 aut
981 1620 1112 1685 Hectora

374 1768 376 1771 .
1049 1728 1190 1790 quaerens

272 1798 469 1880 Congreditur
493 1798 614 1879 Cygno.
643 1799 794 1861 decimum
815 1798 922 1860 ddatns
944 1801 984 1860 in>
1000 1817 1113 1861 annum

184 1920 188 1925 ·
271 1886 382 1949 Hector
405 1894 489 1950 erat.
517 1895 582 1950 turn
604 1886 680 1948 colla
701 1890 771 1967 iugo
795 1889 931 1948 canentia
951 1905 1075 1967 pressos

270 1975 452 2038 Esbortatus
475 1993 591 2058 equos,
614 1993 738 2037 currum
760 1975 869 2037 direxit
890 1977 922 2036 in
944 1974 1081 2057 bostem,

272 2064 511 2143 concutiensque
534 2066 597 2126 suis
620 2056 764 2125 vibrantia
787 2063 844 2124 tela
866 2063 986 2125 lacertis

223 2164 258 2215 to
273 2149 427 2232 ‘Quisquis
451 2171 506 2233 es,
529 2171 547 2212 o
569 2154 685 2214 iuvenis
697 2147 719 2235 ,⁹
742 2151 817 2212 dixit
839 2147 982 2213 ‘solamen
1004 2151 1113 2214 babeto
1231 2158 1232 2165 ’

272 2242 398 2323 Mortis,
421 2240 457 2302 ab
480 2239 643 2302 Haemonio
667 2240 746 2319 quod
770 2241 811 2301 sis
833 2239 985 2319 iugulatus
1007 2239 1121 2303 Achille
1130 2235 1149 2303 .’

271 2328 422 2392 Hactenus
444 2329 608 2391 Aeacides.
636 2347 740 2390 vocem
763 2330 859 2408 gravis
882 2327 965 2390 basta
989 2337 1093 2393 secuta
1115 2336 1174 2410 est,
1231 2318 1232 2359 ¹

273 2417 346 2497 [Sed
370 2436 548 2498 quamquam
570 2423 653 2480 certa
676 2415 775 2479 nullus
798 2417 856 2479 init
877 2434 963 2478 error
985 2418 1018 2478 in
1041 2416 1142 2498 besu,
1231 2442 1232 2469 r

271 2505 319 2567 Nil
341 2514 441 2568 tamen
464 2506 566 2568 emissi
587 2506 716 2586 proiecit
738 2506 873 2566 acumine
896 2503 1002 2586 serri,]
1231 2496 1232 2511 ¹

222 2606 256 2657 tt
270 2594 369 2675 thue
391 2593 492 2657 hebeti
514 2602 620 2675 pectus
644 2593 847 2677 tantummodo
869 2593 1005 2654 contudit
1026 2595 1106 2656 ictn.

272 2680 358 2745 ‘Nato
381 2683 436 2745 dea
448 2731 458 2766 ,
481 2701 550 2745 nam
572 2691 602 2745 te
626 2683 702 2743 fama
724 2672 933 2763 praenovimus
946 2676 967 2763 ‚'
990 2682 1090 2761 inquit

271 2771 323 2833 lile
347 2767 430 2850 ‘qnid
452 2790 469 2833 a
491 2769 577 2851 nobis
600 2769 709 2832 vulnus
731 2772 848 2832 miraris
871 2769 975 2832 abesse
989 2765 1017 2830 θ’
1042 2802 1085 2815 -

271 2858 432 2922 Mirabatur
456 2861 535 2920 enim
553 2892 596 2903 -
616 2856 687 2921 ‘non
710 2858 801 2940 baec,
825 2875 913 2939 quam
935 2860 1056 2940 cernis,
1079 2860 1189 2939 equinis

271 2946 365 3017 Hadra
383 2946 461 3009 iubis
485 2949 599 3028 cassis,
622 2964 719 3026 neque
741 2965 816 3008 onus
840 2965 909 3008 cava
931 2965 1034 3026 parma
1057 2948 1189 3010 sinistrae

223 3048 258 3098 90
271 3034 386 3097 nunno
410 3034 483 3097 mihi
506 3043 598 3116 sunt3
621 3035 711 3096 decor
734 3043 781 3097 est
803 3037 955 3114 quaesitus
978 3034 1015 3097 ab
1038 3037 1123 3097 istis.

270 3124 348 3186 Mars
372 3142 490 3203 quoque
509 3124 547 3185 ob
571 3122 628 3185 hoe
647 3140 755 3204 capere
772 3140 853 3185 mma
871 3123 967 3186 solet.
993 3122 1190 3188 removebitur
1231 3150 1232 3159 ¹

1016 3213 1108 3274 buius

271 3300 421 3382 Tegminis
445 3301 598 3383 officium,
622 3309 720 3363 tamen
743 3300 936 3363 indestrictus
959 3300 1064 3363 abibo.
1231 3282 1232 3297 ¹

267 3389 327 3452 ¹Est
348 3389 481 3471 aliquid,
503 3407 563 3451 non
587 3407 653 3451 esse
676 3396 774 3451 satum
796 3388 946 3472 Nereide,
969 3389 1023 3452 sed
1046 3391 1098 3468 qui

271 3476 425 3556 Nereaque
449 3486 480 3539 et
502 3486 585 3539 natas
609 3486 648 3538 et·
661 3485 758 3540 totum
780 3485 928 3558 temperet
951 3496 1064 3558 aequor
1073 3471 1093 3541 .'

223 3563 372 3646 debirit,
395 3571 425 3625 et
447 3565 607 3627 haesurum
631 3566 719 3648 clipei
743 3569 911 3655 curvamine
934 3566 1029 3629 tetum
