2467 4042
173 217 238 284 180
581 217 631 268 ax
649 217 770 271 rouro

212 396 246 446 35
261 381 362 444 Redde
385 383 502 461 ricem,
525 397 581 441 nec
604 397 672 441 rara
696 382 740 442 tui
763 383 944 443 monimenta
968 382 1095 446 laboris

305 471 459 550 Accipiam
482 477 624 548 nostrae,
647 477 730 548 grata
752 470 875 550 lutura,
897 488 1024 533 manus.

262 560 315 621 llic
338 569 460 638 nmen,
482 577 501 618 o
524 559 639 618 iuvenis
663 556 831 618 studiorum
854 558 942 638 plene
966 578 1137 643 meorum,

306 646 421 727 Ecquid
446 645 481 707 ab
505 646 552 707 bis
575 647 650 725 ipsis
673 645 849 707 admoneare
872 649 949 707 mei.

262 735 400 816 Ecquid,
430 734 482 795 ubi
509 741 561 796 aut
588 735 698 795 recitas
725 736 836 795 lactum
864 735 952 795 modo
982 754 1118 800 carmen

812 825 934 905 amicis,

213 924 248 975 40
307 912 388 989 Aut,
412 911 491 992 quod
515 929 603 991 saepe
627 910 728 991 soles,
751 912 845 990 exigis
868 919 902 973 ut
924 915 1081 994 recitent,

264 1000 422 1080 Quaeror,
448 1008 483 1060 ut
510 998 661 1060 interdum
688 1001 737 1078 pia
764 1017 872 1079 mens,
898 998 991 1062 oblita
1019 1003 1102 1081 quid

813 1086 908 1165 absit,
1160 1106 1201 1153 rao

306 1176 414 1238 Nescio
437 1175 509 1255 quid
532 1184 614 1237 certe
638 1177 730 1236 sentit
751 1175 856 1237 abesse
879 1173 955 1237 sui?

263 1263 337 1327 Utve
360 1264 443 1344 loqui
464 1263 591 1325 multum
614 1263 652 1325 de
676 1281 724 1325 me
746 1271 903 1343 praesente
927 1263 1070 1347 solebas,

307 1352 393 1414 Nunc
417 1370 536 1432 quoque
560 1351 686 1414 Nasonis
709 1370 817 1414 nomen
840 1355 872 1412 in
895 1370 948 1413 oro
970 1361 1027 1414 tuo
1053 1353 1135 1419 est?

215 1454 250 1504 45
264 1442 331 1523 lpse
354 1441 475 1522 quidem
498 1439 601 1502 Getico
625 1458 746 1520 peream
769 1440 896 1502 violatus
917 1440 954 1502 ab
976 1459 1054 1503 arcu
1065 1491 1077 1524 ‚
1099 1478 1136 1488 —

308 1530 345 1591 Et
368 1532 408 1591 sit
430 1531 545 1610 periuri
569 1547 658 1607 quam
681 1547 775 1609 prope
797 1548 911 1610 poena,
933 1528 1019 1590 vides
1040 1563 1079 1575 -

263 1618 306 1680 Te
330 1620 388 1680 nisi
413 1620 569 1680 momentis
593 1618 679 1679 video
702 1636 796 1696 paene
819 1617 957 1679 omnibus
979 1617 1120 1685 absens.

308 1705 408 1769 Gratia
431 1706 494 1787 dis,
517 1708 611 1767 menti
635 1704 768 1785 quolibet
790 1707 834 1767 ire
858 1706 942 1768 licet.

263 1795 325 1857 Hac
348 1794 400 1856 ubi
423 1797 567 1875 perveni,
591 1793 665 1855 nulli
688 1794 878 1875 cernendos,
900 1797 931 1855 in
954 1792 1093 1878 Urbem,

216 1897 250 1947 50
309 1883 403 1963 Saepe
426 1882 533 1962 loquor
557 1891 678 1962 tecum,
702 1900 790 1962 saepe
813 1882 953 1960 loquente
975 1883 1087 1947 fruor.

250 1971 341 2044 ‚Tum
364 1971 459 2051 mibi,
483 1969 603 2031 dillicile
627 1979 695 2050 est,
718 1988 806 2050 quam
830 1973 870 2031 sit
890 1968 989 2051 bene,
1015 1972 1147 2058 dicere,

814 2076 962 2138 quamque

309 2148 438 2211 Candida
461 2147 579 2209 iudiciis
602 2147 651 2208 illa
674 2147 714 2208 sit
736 2146 809 2208 bora
831 2149 923 2208 meis.

264 2237 340 2298 'lum
364 2256 434 2316 me,
457 2238 542 2315 siqua
565 2235 662 2315 sodes,
685 2235 806 2297 caelesti
828 2234 899 2296 sede
922 2243 1084 2316 receptum

309 2326 384 2387 Cum
408 2326 566 2386 fortunatis
590 2325 727 2404 suspicor
750 2341 818 2386 esse
839 2322 922 2384 deis.

215 2427 249 2478 55
264 2415 380 2476 Rursus
403 2413 455 2475 ubi
477 2412 536 2474 buc
560 2412 658 2494 redii,
686 2412 800 2473 caelum
824 2429 1007 2491 superosque
1033 2412 1192 2499 relinquo,
1225 2451 1226 2480 t

308 2504 332 2563 Α
357 2503 445 2582 Styge
469 2520 525 2563 nec
548 2500 635 2579 longe
658 2500 781 2561 Pontica
804 2499 896 2561 distat
917 2500 1046 2563 humus.

265 2591 350 2652 Unde
373 2608 429 2671 ego
452 2592 478 2651 si
502 2590 561 2652 lato
584 2592 665 2650 nitor
688 2587 866 2669 prohibente
889 2592 1018 2667 reverti,

309 2678 399 2760 Spem
423 2680 487 2740 sine
510 2678 671 2759 proiectu,
694 2677 841 2754 Maxime,
864 2677 935 2739 tolle
958 2678 1050 2741 mibi.

648 2871 709 2947 vr.

266 3034 344 3096 Naso
368 3051 445 3112 suo,
468 3033 569 3112 posuit
591 3049 701 3092 nomen
724 3032 773 3091 cui
796 3048 914 3111 paene,
936 3030 1028 3092 sodali

309 3122 400 3184 Mittit
423 3120 459 3182 ab
483 3119 607 3182 Euxinis
631 3119 687 3181 hoc
710 3118 800 3181 breve
824 3138 944 3181 carmen
967 3120 1069 3199 aquis.

265 3213 303 3273 At
326 3212 352 3272 si
376 3219 462 3272 cauta
484 3227 589 3289 parum
614 3210 785 3288 scripsisset
807 3207 933 3291 dextra,
955 3210 1021 3288 quis
1045 3224 1145 3292 esses,

312 3298 450 3360 Forsitan
474 3298 572 3358 officio
595 3306 680 3377 parta
704 3295 834 3375 querella
858 3297 953 3359 soret.

237 3387 328 3449 odor
351 3395 474 3467 tamen,
496 3387 554 3448 boc
578 3386 642 3447 aliis
665 3391 764 3447 tutum
786 3384 1001 3466 credentibus,
1022 3403 1119 3467 unuS,
1143 3399 1180 3451 (⁹⁷)

310 3474 468 3552 Appelleut
490 3492 528 3535 ne
552 3482 581 3534 te
605 3475 736 3533 earmina
758 3481 879 3554 nostra,
902 3471 1014 3552 rogas?

268 3558 384 3628 Quanta
407 3563 447 3620 sit
469 3563 499 3619 in
524 3558 621 3620 media
643 3559 800 3623 clementia
823 3560 958 3624 Caesaris
980 3564 1040 3641 ira,
