2467 4042
615 235 808 287 neronum

646 430 698 493 22.
720 427 785 493 FN

301 556 394 620 Nocte
417 564 562 636 sequente
584 555 665 616 diem
687 557 770 616 canis
792 554 976 633 Erigoneius
1000 557 1087 615 exit.

345 645 399 707 Est
421 644 478 705 alio
502 646 580 723 signi
602 642 720 704 reootta
742 660 831 703 eausa
853 642 937 702 loco.

570 780 623 845 23.
647 779 676 845 G
694 776 861 843 TVB-N'

236 922 287 971 tto
303 910 441 971 Proxima
463 905 585 968 Volcani
607 906 659 967 lux
682 915 728 968 est
740 953 750 987 ‚
773 905 958 968 Tubilustria
981 907 1114 967 dicunt:
1171 919 1200 965 us

346 995 526 1058 Lustrantur
548 1012 664 1075 purae,
687 1012 761 1073 quas
784 995 855 1056 lacit
876 993 949 1073 ille,
972 994 1089 1055 tubae.

570 1133 623 1198 24
646 1129 864 1206 Hom-cu

303 1260 450 1331 Quattuor
472 1257 541 1318 inde
565 1261 644 1319 notis
667 1258 750 1319 locus
778 1265 846 1338 est,
874 1256 986 1336 quibus
1010 1260 1125 1321 ordine
1145 1260 1198 1320 bu

347 1345 399 1407 Vel
422 1364 486 1407 mos
509 1364 685 1425 sacrorum,
708 1346 754 1406 rel
776 1346 845 1425 tuga
866 1346 948 1425 regis
970 1347 1074 1409 inest.

379 1481 516 1549 25.Αο
563 1481 698 1549 26.Βο
743 1484 795 1547 27.
818 1479 875 1547 CC
920 1482 974 1547 28.
997 1481 1067 1548 Dc

470 1572 521 1636 29.
544 1570 605 1636 EO
651 1568 783 1635 30.Ρο
829 1568 961 1634 31.th

223 1690 230 1695 ’
266 1758 270 1765 ,
304 1698 365 1760 Nec
388 1707 418 1758 te
442 1707 619 1778 praetereo,
642 1697 745 1776 populi
767 1696 898 1757 Fortuna
921 1699 1060 1774 potentis

237 1800 291 1850 tto
349 1785 492 1861 Publica,
517 1789 566 1847 cui
588 1785 732 1866 templum
753 1785 821 1846 luce
844 1792 989 1863 sequente
1014 1786 1124 1848 datum
1144 1796 1190 1846 est.

304 1875 384 1936 Hanc
408 1873 460 1936 ubi
483 1874 565 1935 dives
588 1877 673 1953 aquis
696 1874 846 1953 acceperit
868 1870 1072 1956 Amphitrite,

348 1963 437 2024 Grata
460 1962 521 2023 lovi
544 1962 641 2024 fulvae
664 1971 761 2023 rostra
784 1959 897 2021 videbis
920 1962 999 2021 avis.

304 2052 426 2114 toleret
449 2068 486 2112 ex
509 2051 604 2111 oculis
628 2052 749 2112 veniens
772 2067 879 2111 aurora
901 2047 1038 2128 Booten,

348 2140 555 2219 Continuoque
579 2138 627 2199 die
651 2138 734 2200 sidus
758 2136 879 2218 Hyantis
902 2138 977 2197 erit.

543 2412 682 2495 Llssun
709 2410 897 2495 sutton.

305 2597 359 2657 llic
383 2586 501 2676 quoque
525 2598 637 2656 mensis
659 2594 748 2656 habet
770 2593 875 2655 (lobias
902 2596 932 2654 in
956 2598 1082 2658 nomine
1106 2615 1201 2658 cause

349 2686 430 2756 Quae
454 2685 611 2764 placeant,
634 2685 738 2763 positis
761 2681 900 2743 omnibus
922 2684 987 2761 ipse
1010 2683 1113 2764 leges.

304 2772 393 2834 Facta
417 2791 539 2852 canam,
563 2771 614 2832 sed
640 2779 728 2832 erunt
739 2817 748 2849 ‚
767 2772 818 2850 qui
836 2788 883 2831 me
902 2770 1022 2831 finxisse
1049 2772 1201 2853 loquanturp

349 2859 493 2941 Nullaque
518 2858 635 2920 mortali
659 2861 778 2919 numina
803 2860 863 2919 visa
886 2868 1009 2938 putent.

275 2948 358 3012 aust
381 2949 455 3010 deus
477 2951 508 3009 iu
532 2945 619 3008 nobis
632 2994 642 3027 ‚
665 2950 793 3026 agitante
817 2946 990 3007 calescimus
1013 2946 1085 3009 illo:

349 3037 480 3118 lmpetus
503 3035 552 3096 hie
575 3053 676 3096 sacrae
700 3036 812 3095 semina
836 3037 942 3096 mentis
964 3032 1074 3097 habet.

307 3126 363 3187 Fas
387 3124 458 3187 mihi
481 3126 640 3204 praecipue
665 3123 762 3184 voltus
785 3122 893 3184 vidisse
916 3122 1058 3203 deorum,

350 3214 402 3276 Vel
425 3217 492 3294 quia
516 3231 583 3274 sum
606 3219 710 3292 vates,
733 3210 778 3272 vel
801 3212 870 3289 qnia
894 3229 976 3271 sacra
999 3229 1092 3273 cano.

306 3302 360 3363 Est
383 3320 487 3364 nemus
511 3300 668 3362 arboribus
692 3299 839 3380 densum,
862 3306 996 3360 secretus
1019 3299 1058 3359 ab
1081 3306 1162 3363 omni

260 3403 293 3450 10
351 3389 429 3450 Voce
452 3390 557 3463 loeus,
581 3391 607 3448 si
630 3405 689 3447 uon
712 3387 937 3465 obstreperetur
960 3388 1063 3466 aquis.

307 3474 361 3536 llic
385 3493 439 3554 ego
462 3475 662 3555 quaerebam,
685 3478 784 3554 coepti
806 3493 882 3555 quae
905 3477 1017 3536 menois
1038 3479 1126 3555 origo

351 3562 461 3642 Esset,
483 3570 513 3623 et
535 3566 566 3622 in
589 3578 661 3622 cora
684 3564 812 3622 nominis
835 3563 924 3624 huius
947 3580 1046 3624 eram.
