2467 4042
402 249 448 300 IV.
467 259 513 300 vn
528 250 708 300 19-vn118.
1021 245 1062 309 75

141 413 199 474 Sed
223 414 333 494 modo,
357 430 432 491 quos
454 411 567 492 habui,
589 428 699 471 vacuos
722 409 862 472 secedere
887 411 919 471 in
941 410 1062 493 hortos,

140 502 227 563 Nunc
248 502 402 563 hominum
424 503 491 561 visu
513 517 620 560 rursus
643 507 675 560 et
695 497 775 559 Urbe
798 499 877 560 frui.

142 590 192 652 Sic
214 593 312 652 animo
336 588 484 669 quondam
507 606 567 648 non
590 587 740 648 divinante
763 588 864 648 lutura

93 692 127 739 ao
140 678 285 759 Optabam
308 677 422 758 placide
445 679 543 738 rivere
566 694 655 755 posse
679 692 788 738 senex.

140 766 211 827 Fata
234 774 461 847 repugnarunt,
484 782 559 845 quae
583 782 652 826 cum
675 763 747 824 mihi
770 771 904 843 tempora
926 765 1021 843 prima

141 854 239 915 Mollia
262 853 455 936 praebuerint
467 899 477 934 ‚
499 855 666 932 posteriora
689 860 828 930 gravant.

141 943 261 1024 lamque
283 943 388 1004 decem
410 941 513 1003 lustris
536 943 617 1001 omni
641 942 705 1000 sine
728 938 793 1001 labe
816 943 945 1019 peractis

140 1032 228 1092 Parte
251 1048 373 1111 premor
395 1031 472 1090 ritae
495 1028 644 1089 deteriore
667 1045 770 1109 meae;

93 1131 127 1181 35
140 1118 202 1181 Nec
225 1119 331 1200 procul
353 1136 370 1179 a
392 1119 502 1197 metis,
526 1134 600 1196 quas
623 1133 716 1196 paene
739 1123 843 1178 tenere
865 1116 1004 1199 videbar,

141 1208 296 1269 Curriculo
320 1208 418 1286 gravis
441 1213 488 1266 est
510 1205 587 1266 lacta
610 1207 697 1265 ruina
719 1222 806 1267 meo.

140 1295 221 1375 limo
234 1294 327 1357 ,illum
350 1294 472 1355 demens
496 1294 527 1353 in
551 1311 599 1354 me
623 1294 735 1353 saevire
759 1295 860 1376 coegi,

141 1383 242 1444 Mitius
265 1386 419 1443 inmensus
442 1400 502 1462 quo
525 1381 598 1441 nihil
622 1380 703 1441 orbis
726 1378 841 1442 habet?

142 1470 267 1551 lpsaque
290 1470 406 1532 delictis
428 1472 506 1530 victa
529 1476 576 1530 est
598 1468 755 1529 clementia
776 1471 906 1551 nostris,

95 1572 129 1620 4ο
143 1559 204 1619 Neo
228 1567 325 1620 tamen
348 1559 446 1620 errori
468 1560 528 1618 vita
551 1565 657 1636 negata
679 1574 745 1617 meo
769 1554 841 1618 est?

142 1646 206 1709 Vita
229 1647 335 1727 procul
356 1648 452 1726 patria
474 1643 643 1725 peragenda
666 1643 722 1704 suh
746 1663 799 1705 axe
822 1644 932 1726 horeo,

143 1735 207 1807 Qua
230 1739 320 1796 maris
343 1733 452 1796 Euxini
475 1743 555 1796 terra
579 1735 700 1794 sinistra
723 1730 826 1794 iacet?

142 1823 206 1885 lloc
229 1824 301 1884 mihi
323 1825 351 1884 si
372 1821 477 1902 Delphi
500 1821 681 1901 Dodonaque
704 1821 819 1882 diceret
840 1824 922 1904 ipsa,

143 1910 216 1973 llsse
240 1910 392 1973 videretur
414 1928 507 1972 vanus
530 1918 658 1990 uterque
680 1909 782 1970 locus.

95 2013 129 2062 45
142 1999 190 2062 Nil
212 2000 285 2061 adeo
308 1998 436 2061 validum
459 2007 505 2060 est
517 2046 527 2080 ‚
550 1998 668 2059 adamas
691 1997 760 2059 licet
783 1996 996 2082 alingetuna,

144 2089 183 2150 Ut
204 2097 321 2150 maneat
343 2087 445 2168 rapido
469 2087 583 2148 firmius
605 2089 675 2165 igne
697 2085 792 2166 lovls3

143 2177 192 2238 Nil
213 2180 254 2238 ita
277 2176 403 2238 sublime
426 2184 472 2237 est
495 2192 645 2254 supraque
668 2172 801 2253 pericula
823 2173 938 2254 tendit,

143 2265 209 2326 Non
232 2266 271 2326 sit
293 2273 328 2327 ut
348 2265 474 2326 inlerius
497 2265 744 2343 suppositumque
767 2262 840 2323 deo.

144 2353 217 2414 Nam
240 2370 416 2433 quamquam
439 2354 511 2414 ultio
534 2369 604 2432 pars
628 2358 674 2412 est
697 2358 848 2412 contracta
871 2350 1033 2432 malorum,

97 2453 130 2502 50
144 2440 214 2502 Plus
237 2449 336 2502 tamen
359 2442 442 2502 exitii
464 2443 594 2502 numinis
617 2442 662 2500 ira
685 2439 784 2501 dedit.

144 2530 256 2591 Atros
279 2528 421 2590 admoniti
444 2531 555 2590 nostris
578 2545 697 2607 quoque
721 2526 840 2589 casibus
863 2534 944 2609 este,

144 2619 326 2698 Aequantem
350 2635 475 2697 superos
499 2619 663 2679 emeruisse
686 2614 801 2677 virum!

501 2810 615 2883 VIIII.

145 2972 178 3033 Si
198 2971 269 3031 licet
291 2978 322 3031 et
343 2970 476 3048 pateris,
499 2985 609 3029 nomen
632 2969 806 3048 facinusque
829 2964 953 3047 tacebo,

144 3057 182 3119 Et
203 3065 254 3118 tua
276 3057 414 3119 Lethaeis
437 3064 500 3116 acta
524 3054 675 3116 dabuntur
697 3059 800 3134 aquis,

144 3145 310 3224 Nostraque
333 3147 469 3206 vincetur
492 3142 623 3203 lacrimis
646 3140 802 3203 clementia
826 3143 922 3202 seris:

144 3232 202 3294 Fac
225 3233 336 3315 modo,
358 3239 389 3292 te
411 3237 511 3310 pateat
531 3230 713 3310 paenituisse
737 3231 799 3291 tui.

113 3321 201 3383 siae
225 3321 336 3403 modo,
358 3329 388 3382 te
412 3318 534 3380 damnes
558 3319 720 3397 cupiasque
743 3315 866 3378 eradere
888 3317 965 3377 ultae

143 3409 313 3491 Tempora,
336 3411 363 3470 si
384 3408 504 3490 possis,
527 3405 705 3486 Tisiphonea
728 3413 814 3467 tuae.

145 3497 197 3559 Sin
220 3500 320 3559 minois
332 3544 342 3579 ‚
366 3506 396 3559 et
418 3496 543 3576 llagrant
565 3494 633 3556 odio
656 3502 707 3555 tua
729 3502 851 3573 pectora
874 3501 996 3576 nostro,

142 3585 250 3648 lndnet
272 3586 376 3648 inlelir
398 3602 479 3647 arma
502 3593 603 3647 coacta
626 3582 728 3645 dolor.
