2467 4042
401 237 451 287 111.
469 248 525 288 xlv
538 236 655 289 22-1v.
674 240 742 289 133.

375 425 513 509 LIBER
541 426 767 512 QUARTUS.

557 608 584 682 Ι.

2 732 5 741 ’
75 823 77 825 ,
158 752 250 832 Siqua
271 752 347 813 meis
369 750 503 832 fuerint,
525 759 560 811 ut
583 760 695 833 erunt,
718 753 822 813 vitiosa
845 751 968 834 libellis,

157 840 304 902 Exousata
327 856 382 901 suo
405 847 562 920 tempore,
585 839 702 922 lector,
728 840 822 901 habe.

157 928 234 990 Exul
257 945 338 990 eram
350 973 359 1008 ,
383 930 563 1007 requiesque
585 928 681 1007 mihi,
703 946 762 989 non
787 929 862 990 lama
884 931 977 1008 petita
1001 936 1063 1010 est,

157 1017 240 1079 Mens
263 1019 377 1078 intenta
400 1017 525 1077 suisne
548 1016 626 1076 locet
647 1035 744 1097 usque
767 1017 869 1078 malls.

126 1104 220 1167 5Hoc
244 1112 311 1185 est,
335 1122 389 1166 cur
408 1111 507 1165 cantet
529 1105 647 1165 rinctus
667 1123 785 1184 quoque
804 1105 946 1184 compede
967 1106 1080 1187 lossor,

157 1192 282 1255 lndocili
304 1210 430 1254 numero
453 1210 522 1253 cum
545 1210 633 1271 grave
657 1193 751 1254 mollit
773 1211 865 1273 opus.

158 1281 263 1344 Canac
285 1288 315 1343 et
337 1281 469 1341 innitens
491 1280 612 1341 limosae
635 1298 749 1360 pronus
769 1285 916 1367 harenae,

158 1369 289 1431 Adverso
311 1368 427 1430 tardam
450 1371 502 1448 qui
524 1368 616 1430 trabit
639 1388 725 1430 amne
747 1378 860 1451 ratem;

158 1456 276 1537 Quique
299 1458 393 1518 relect
414 1459 527 1537 pariter
549 1457 646 1518 lentos
670 1457 705 1519 ad
729 1465 850 1537 pectora
873 1473 991 1540 remos,

112 1558 145 1608 10
157 1546 192 1607 ln
216 1564 372 1607 numerum
395 1545 481 1624 pulsa
503 1545 625 1606 brachia
646 1540 671 1624 †
693 1546 791 1625 pulsat
813 1563 906 1625 aqua.

158 1635 268 1696 Fessus
290 1641 325 1696 ut
347 1632 485 1695 incubuit
507 1632 639 1713 baculo,
663 1652 769 1695 saxove
792 1634 904 1696 resedit

158 1722 284 1804 Pastor,
307 1722 470 1783 arundineo
494 1724 625 1783 carmine
648 1722 759 1784 mulcet
782 1741 870 1784 oves.

160 1812 311 1873 Canmntis
334 1813 467 1890 pariter,
491 1812 604 1889 pariter
627 1811 692 1872 data
716 1829 808 1890 pensa
831 1809 978 1873 trahentis

158 1899 283 1961 Fallitur
305 1899 428 1961 ancillae
451 1899 659 1978 decipiturque
683 1898 784 1961 labor.

111 2001 144 2050 15
159 1988 267 2050 Fertur
290 1997 320 2050 ct
342 1987 469 2049 abducta
491 1988 654 2068 Lyrneside
676 1990 773 2049 tristis
794 1988 923 2051 Achilles

158 2076 319 2138 Haemonia
341 2094 429 2137 curas
452 2084 622 2137 attenuasse
645 2077 725 2156 lyra.

160 2166 233 2227 (lum
256 2164 390 2227 traheret
412 2164 499 2225 silvas
523 2163 662 2245 Orpbeus
685 2173 715 2226 et
738 2163 814 2226 dura
836 2164 969 2227 canendo

160 2252 257 2336 Saxa,
279 2252 326 2314 bis
349 2255 456 2313 amissa
479 2254 603 2332 coniuge
627 2263 758 2315 maestus
781 2261 862 2314 erat.

159 2341 205 2403 lde
228 2359 347 2422 quoque
370 2340 452 2402 llusa
475 2341 553 2402 levat
574 2342 662 2403 Ponti
684 2343 748 2403 loca
771 2343 852 2403 iussa
874 2350 1045 2421 petentem:

110 2442 145 2491 20
161 2429 228 2491 Sola
251 2448 351 2492 comes
373 2438 492 2491 nostrae
515 2432 648 2508 perstitit
669 2429 719 2491 illa
741 2430 846 2511 iugae;

160 2518 228 2579 Sola
250 2537 306 2580 nec
328 2518 451 2580 insidias
463 2565 473 2598 ,
496 2517 573 2580 Sinti
596 2536 652 2579 uec
675 2518 778 2580 militis
801 2536 921 2600 ensem,

158 2606 220 2668 Nec
243 2625 346 2687 mare,
369 2625 425 2668 nec
448 2614 552 2669 ventos
575 2605 801 2687 barbariamque
823 2610 928 2669 timet.

160 2695 223 2758 Scit
246 2714 387 2777 quoque,
411 2714 478 2757 cum
502 2697 579 2775 perii
590 2743 599 2777 ‚
624 2698 691 2775 quis
713 2715 760 2757 me
784 2695 936 2776 deceperit
958 2715 1062 2777 error,

157 2783 195 2847 Et
218 2785 334 2865 culpam
357 2786 388 2845 in
411 2785 510 2865 lacto,
534 2803 593 2846 nou
616 2784 714 2846 scelus
739 2803 804 2847 esse
827 2802 918 2866 meo,

108 2886 143 2934 25
159 2874 279 2935 Scilicet
300 2874 357 2935 boc
380 2876 445 2951 ipso
468 2891 549 2934 nunc
572 2891 666 2952 aequa
678 2920 687 2955 ‚
712 2874 789 2952 quod
813 2872 910 2935 obluit
931 2880 1018 2954 ante,

158 2962 233 3023 Cum
255 2979 373 3023 mecum
395 2963 491 3021 iuncti
514 2959 649 3022 criminis
672 2969 736 3022 acta
759 2979 810 3023 rea
833 2971 899 3024 cst.

157 3048 222 3110 Non
245 3049 383 3127 equidem
405 3047 531 3129 vellem,
555 3050 694 3128 quoniam
717 3052 853 3110 nocitura
876 3048 1015 3130 luerunt,

157 3136 309 3198 Pieridum
331 3137 425 3197 sacris
447 3138 616 3214 inposuisse
641 3154 778 3198 manum.

158 3224 217 3287 Sed
240 3242 321 3285 nunc
339 3224 410 3304 quid
430 3220 565 3285 luciam?
596 3225 640 3284 vis
659 3240 706 3283 me
724 3231 806 3285 tenet
824 3226 889 3303 ipsa
908 3241 1079 3306 sacrorum,

107 3324 143 3375 3ο
157 3312 195 3374 Et
218 3330 338 3374 carmen
362 3311 485 3373 demens
507 3314 638 3373 carmine
661 3310 759 3373 laesus
782 3329 868 3377 amo.

158 3402 208 3463 Sic
231 3419 306 3463 nova
329 3399 464 3462 Dulichio
487 3399 564 3461 lotos
587 3407 704 3480 gustata
726 3399 823 3480 palato

157 3490 232 3572 lllo,
255 3507 315 3570 quo
339 3492 462 3569 nocuit,
486 3496 568 3568 grata
592 3506 697 3569 sapore
721 3489 795 3551 luit.

158 3579 255 3642 Sentit
277 3596 378 3641 amans
401 3596 455 3641 sua
473 3579 577 3640 damna
596 3579 682 3658 lere,
714 3587 812 3641 tamen
831 3576 983 3640 haeretic
1002 3576 1069 3655 illls,
