2467 4042
430 237 475 287 IV.
495 239 645 290 led-560.
975 234 1040 300 299

51 411 107 461 555
122 395 190 463 ‘Sin
213 398 290 480 tihi,
314 416 401 479 quam
424 408 538 478 raptam
562 402 720 481 quereris,
744 403 783 461 sit
806 400 864 461 lilia
887 418 1008 481 sospes,

80 546 85 554 ,
166 488 283 566 Surge,
307 505 363 549 nee
385 489 508 566 exiguae
532 488 651 567 despice
674 497 752 549 15515
776 483 893 549 casae.7

11 562 13 601 '
121 576 177 637 Cui
199 575 254 637 dea
277 571 351 637 ‘duo
365 571 389 636 l'
413 578 509 654 inquit
533 572 655 656 ‘scisti,
678 594 736 655 qua
759 593 865 654 eogere
889 574 1025 658 posses3'

166 663 265 744 Seque
287 663 364 725 15551
386 682 478 745 sano,
502 664 754 744 subsequIturque
778 681 896 725 senem.

121 751 186 813 uox
210 754 312 815 comiti
334 760 435 813 narrat
447 799 456 832 ,
480 770 569 831 quam
591 755 631 813 511
653 751 710 813 sibi
732 752 810 813 filius
833 770 939 832 aeger,

53 853 107 903 555
166 839 227 901 1155
252 842 347 917 555151
370 858 489 902 somnos
512 841 703 920 invigiletque
728 840 828 901 malis.

121 928 172 991 1115
195 928 409 1009 soporiferum,
433 946 539 1007 parvos
561 932 671 991 initura
694 936 833 1010 penates,

167 1016 283 1095 Colligit
306 1019 416 1095 agresti
439 1015 504 1079 lene
527 1035 656 1096 papaver
678 1017 786 1078 humo.

11 1098 13 1139 ¹
122 1104 198 1167 llum
220 1104 313 1185 legit,
337 1104 429 1167 oblito
452 1106 548 1167 fertur
570 1114 704 1185 gustasse
728 1105 842 1185 palato,

11 1190 13 1225 ¹
165 1194 354 1273 Longamque
377 1193 551 1273 imprudens
574 1194 738 1256 exsoluisse
761 1195 886 1256 samem.

11 1288 13 1317 l
53 1293 108 1343 535
123 1282 205 1353 Quae
228 1284 296 1359 quia
319 1283 465 1360 principio
488 1284 589 1360 posuit
610 1284 721 1344 ieiunia
744 1286 858 1357 noetis,

11 1382 12 1387 ¹
166 1367 298 1446 Tempus
321 1366 430 1429 habent
453 1377 565 1447 5555155
588 1369 685 1430 sidera
709 1373 771 1431 5155
792 1370 869 1432 cibi.

123 1455 227 1517 Limen
250 1464 284 1517 ut
307 1458 448 1534 15155511,
472 1456 571 1517 luctus
594 1457 675 1518 videt
696 1460 793 1519 omnia
816 1458 921 1538 plena,

167 1544 228 1607 lam
251 1545 373 1623 apesin
395 1561 490 1623 puero
513 1544 593 1605 55115
615 1544 719 1605 5515115
742 1553 823 1606 5551.

123 1632 215 1693 Matre
239 1630 363 1693 salutata
385 1664 422 1675 -
442 1640 538 1693 mater
560 1630 703 1694 Metanira
725 1642 847 1695 vocetur
871 1666 905 1677 —

55 1733 110 1782 545
169 1720 295 1799 lungere
319 1720 436 1799 dignata
457 1728 561 1799 55155
584 1721 699 1800 puerile
722 1739 794 1782 suo.

124 1808 220 1870 Pallor
243 1807 324 1888 51511,
349 1808 521 1887 subitasque
545 1809 646 1871 vident
667 1812 699 1870 in
723 1827 847 1890 5555555
871 1811 966 1871 vires.
1062 1884 1064 1888 Ι

168 1897 280 1961 Tantus
304 1896 425 1958 55515511
447 1898 527 1958 55511
550 1896 586 1959 515
610 1916 663 1959 555
686 1900 785 1977 vigor.

124 1985 197 2046 Tote
220 1984 326 2046 domus
348 1986 424 2047 15515
447 1994 514 2047 est:
551 1986 607 2047 1555
632 1994 698 2067 551,
722 1994 874 2066 materque
898 1994 1041 2066 paterque

168 2073 323 2153 Nataque:
361 2082 423 2135 tres
446 2072 488 2134 illi
511 2081 571 2135 tota
594 2075 680 2135 fuere
703 2074 826 2136 domus.

57 2174 111 2224 545
125 2161 193 2223 lllox
216 2161 318 2241 epulas
341 2170 478 2242 555551,
501 2161 659 2240 liquefacta
682 2162 803 2242 coagula
825 2163 901 2225 15515

168 2250 317 2329 Pomaque
341 2258 371 2312 et
393 2253 425 2310 15
447 2252 525 2311 55515
548 2268 637 2311 55555
661 2250 747 2312 mella
769 2253 848 2312 suis.
871 2298 880 2315 .

125 2339 261 2400 distinet
283 2338 358 2399 51555
381 2338 493 2418 Ceres,
517 2341 673 2418 somnique
695 2358 839 2418 55555555
863 2357 966 2401 causas

170 2426 226 2489 Dat
248 2426 302 2488 11151
325 2444 393 2489 oum
417 2425 517 2505 tepido
539 2426 615 2488 laete
638 2426 765 2488 hibenda
777 2474 786 2508 ‚
809 2446 902 2506 puer.

125 2514 226 2575 1155115
250 2522 315 2575 5551
336 2514 466 2576 medium
489 2514 656 2594 placidique
681 2516 796 2577 silentia
819 2517 933 2577 somni:

57 2616 112 2665 555
171 2601 385 2681 Triptolemum
408 2605 521 2681 gremio
546 2603 667 2665 sustulit
689 2604 738 2664 illa
761 2622 834 2685 suo,

127 2691 244 2770 Terque
267 2708 356 2752 menn
380 2690 537 2770 permulsit
559 2710 650 2773 eum,
673 2695 729 2753 tria
753 2696 883 2754 earmina
905 2692 995 2773 dixit,
1028 2717 1032 2723 ·

170 2777 306 2841 Carmina
330 2780 446 2841 mortali
469 2798 529 2841 555
552 2781 708 2842 referenda
731 2800 822 2864 sono,

126 2867 219 2948 Inque
243 2868 309 2929 loeo
332 2887 442 2949 eorpus
465 2870 553 2947 pueri
575 2872 690 2931 vivente
715 2870 809 2931 1551115

170 2955 300 3037 Obruit,
321 2958 484 3019 humanum
506 2966 613 3037 purget
637 2966 671 3021 ut
693 2961 770 3037 ignis
793 2976 886 3020 onus.

59 3055 113 3104 555
127 3042 285 3106 1155511155
308 3062 410 3106 somno
435 3044 524 3108 stulte
547 3049 596 3125 pia
618 3053 713 3108 mater
725 3093 734 3127 ‚
759 3055 789 3108 et
812 3065 914 3107 amens

172 3126 267 3203 ‘Ouid
290 3132 363 3193 15515
377 3127 409 3194 ?'
433 3133 576 3195 exclamat
587 3181 596 3215 ‚
621 3134 811 3214 membraque
835 3135 871 3195 ab
894 3136 962 3212 igne

675 3226 769 3300 rapit.

127 3307 182 3370 Cui
206 3308 260 3370 dea
284 3302 370 3370 ‘dum
394 3327 454 3371 non
477 3330 509 3373 es
521 3307 548 3390 ‚'
572 3310 647 3371 dixit
670 3306 829 3372 ‘scelerata
852 3310 952 3371 luisti:

156 3396 261 3459 1155115
285 3408 417 3460 materno
442 3409 512 3461 sunt
535 3417 600 3460 mea
624 3399 700 3460 dona
723 3407 822 3460 metu.

127 3486 186 3547 1515
210 3485 330 3567 quidem
353 3488 485 3549 mortalis
509 3490 588 3549 erit:
622 3487 673 3548 sed
696 3490 812 3567 primus
834 3486 928 3548 arabit

58 3586 112 3636 555
170 3575 208 3636 Et
231 3583 312 3638 seret
334 3584 365 3638 et
388 3575 466 3639 eulta
488 3578 621 3658 praemia
644 3576 728 3638 tollet
749 3571 874 3637 humo?
