2467 4042
415 219 436 269 1.
455 230 477 269 x
491 219 579 270 9-11.
598 222 668 271 133.

256 435 260 444 ·
335 408 475 492 LIBER
503 407 755 494 SECUNDUS.

526 590 553 664 Ι.

126 734 191 797 Ηιιε
215 750 334 813 quoque
358 732 495 794 Caesarei
517 735 654 812 pervenit
677 689 753 795 lania
775 732 936 816 triumphi,

170 821 321 903 Languida
345 840 404 901 quo
428 822 499 883 iessl
522 823 571 882 vix
592 824 675 885 venit
697 839 769 885 aura
791 825 872 885 noll,

125 911 174 973 Nil
196 911 260 972 iore
284 909 371 971 dulce
395 908 467 970 mihi
490 908 628 989 Scythica
651 912 772 990 regione
795 912 913 992 putari:

170 997 231 1061 lam
253 1000 353 1060 minus
376 997 425 1059 hie
451 997 519 1058 odiu
543 1006 589 1059 est
601 1044 610 1078 ,
639 1016 727 1079 quam
750 999 806 1061 luit
829 1007 919 1080 ante,
946 997 1047 1063 loeus.

99 1087 262 1150 alaudem
284 1086 394 1167 aliquid
417 1084 502 1166 pulsa
525 1104 666 1148 surarum
689 1086 767 1148 nube
791 1105 931 1150 serenum

169 1175 256 1256 vidi,
280 1176 417 1237 fortunae
440 1173 530 1235 verba
552 1175 681 1255 dedique
704 1192 804 1238 meae.

125 1264 205 1326 Nulli
228 1270 262 1326 ui
283 1262 343 1325 ulia
366 1262 439 1324 mihi
462 1265 635 1343 eeniingere
659 1263 764 1344 gaudia
788 1262 912 1348 Caesar,

170 1349 250 1413 Velle
274 1359 374 1430 potest
397 1351 491 1412 cuivis
513 1351 587 1413 haee
609 1359 708 1414 tamen
731 1371 791 1414 una
813 1353 894 1415 dari.

126 1439 161 1502 ui
184 1457 327 1519 quoque,
350 1447 385 1500 ni
407 1457 424 1499 a
447 1442 563 1501 nunciis
586 1439 673 1501 hilari
696 1442 805 1520 pietate
828 1441 981 1524 eolaninr,

80 1539 112 1590 10
171 1527 334 1589 'iristitiam
358 1528 428 1606 poni
452 1544 506 1607 per
528 1545 582 1589 sua
604 1529 680 1590 lesia
703 1528 824 1591 iubent.

125 1615 282 1696 Denique,
306 1614 384 1694 quod
408 1624 510 1677 sertus
532 1616 617 1677 iuror
640 1624 687 1678 esi
709 1617 819 1678 audere
842 1618 946 1700 lateri,

169 1703 231 1766 llae
255 1721 309 1783 ego
333 1703 443 1765 laeiiiia
455 1750 465 1784 ,
489 1706 515 1765 si
537 1712 617 1767 vetet
639 1707 725 1787 ipse,
748 1706 845 1767 lruar.

125 1792 258 1873 luppiter
280 1791 404 1853 utilibus
428 1794 566 1871 quotiens
588 1796 670 1855 iuvat
692 1792 837 1856 imbribus
860 1812 964 1874 agros,

169 1881 259 1942 Mixia
281 1888 370 1941 tenax
394 1883 488 1960 segeti
510 1898 648 1943 creseere
672 1882 757 1962 lappa
780 1881 872 1945 solet.

78 1982 109 2031 15
124 1969 184 2031 Nos
209 1986 328 2049 quoque
351 1969 528 2048 frugiferum
552 1972 697 2033 sentimus
719 1970 833 2033 inutilis
855 1970 948 2033 herba

170 2057 309 2137 Numen,
333 2066 363 2118 ei
384 2059 476 2119 invita
499 2075 587 2138 saepe
611 2061 746 2121 iuvamur
769 2077 842 2139 ope.

126 2146 238 2208 Gaudia
261 2146 421 2209 Caesareae
445 2149 554 2208 mentis
576 2164 631 2226 pro
654 2155 739 2228 parte
761 2147 839 2209 virili

171 2234 248 2297 Sunt
270 2251 356 2298 mea:
388 2236 496 2314 privati
518 2234 560 2296 nil
583 2234 673 2297 habet
695 2235 743 2297 ilia
766 2235 889 2298 domus.

126 2321 247 2405 Gratia,
271 2323 369 2404 lama,
392 2321 464 2384 tibi!
487 2341 541 2403 per
565 2341 653 2403 quana
677 2332 808 2405 speciata
831 2324 974 2407 triumphi

76 2422 111 2475 20
170 2411 288 2473 incluso
312 2410 417 2472 mediis
440 2421 486 2473 esi
508 2411 581 2473 mihi
603 2430 711 2493 pompa
734 2412 834 2478 Getis.

124 2499 225 2562 indies
249 2509 278 2560 te
303 2498 414 2580 didici,
437 2517 534 2579 nuper
557 2501 678 2562 visenda
702 2503 797 2563 coisse
1002 2517 1045 2568 ias>

169 2587 343 2649 innumeras
366 2596 470 2667 gentes
494 2588 529 2649 ad
554 2588 639 2651 ducis
662 2607 713 2650 era
737 2592 802 2653 sui:

125 2675 267 2756 Quaeque
291 2679 370 2756 capit
391 2678 482 2738 vastis
504 2679 674 2740 inmensum
696 2677 852 2741 moenibus
875 2678 995 2764 orbem,

169 2761 313 2845 lluspiiiis
336 2764 458 2827 Romam
481 2768 530 2827 vix
552 2765 691 2829 habuisse
715 2767 832 2831 locuni.

75 2865 109 2915 25
123 2853 169 2916 Tu
192 2853 266 2915 milri
289 2856 438 2935 narrasti,
461 2872 530 2916 eum
553 2856 655 2918 multis
676 2855 794 2919 lueihus
817 2863 885 2919 anie

169 2941 294 3004 Fuderii
315 2943 449 3004 assiduas
473 2942 594 3004 nubilus
616 2953 719 3007 auster
741 2963 850 3024 aquas,

124 3029 252 3092 Numine
275 3030 396 3091 caelesti
420 3030 513 3091 selena
536 3031 655 3093 fulsisse
679 3050 837 3112 seranum,

170 3117 244 3179 Cum
267 3117 368 3197 populi
391 3116 474 3179 vultu
498 3122 693 3179 conveniente
716 3117 781 3181 dle.

124 3206 221 3285 itque
245 3206 285 3266 iia
308 3207 451 3266 victorem
475 3222 544 3267 eum
567 3223 689 3284 magnae
713 3209 793 3268 vocis
816 3206 928 3268 honore

73 3306 109 3356 30
167 3292 276 3355 Bellica
300 3293 425 3355 laudatis
449 3293 524 3356 dona
548 3293 665 3356 dedisse
688 3296 778 3377 viris,

125 3381 269 3461 Claraque
293 3391 483 3462 sumpturum
507 3385 600 3462 pietas
624 3385 751 3463 insignia
774 3392 872 3446 vestes

168 3471 247 3532 Tura
271 3473 355 3552 prins
379 3473 489 3533 sanetis
512 3474 680 3553 inposuisse
704 3473 796 3554 lueis,

124 3561 328 3640 lusiiiiamque
353 3562 399 3623 sui
423 3569 502 3624 caste
525 3560 658 3642 placasse
681 3564 813 3642 parentis
