2467 4042
443 247 465 300 1.
485 248 634 300 317-386.

125 413 197 475 Nam
222 420 284 474 sata
306 429 375 472 vere
399 428 475 471 novo
499 411 611 471 teneris
634 409 772 471 lactentia
795 412 875 471 sucis

170 501 262 563 Eruta
286 503 447 578 saetigerae
472 500 617 578 comperit
641 517 692 559 ore
717 500 796 558 suis.

126 590 183 652 Sus
208 589 329 650 dederat
352 605 484 667 poenas:
516 586 651 665 exemplo
675 588 798 648 territus
821 584 911 646 buius

169 677 291 739 Palmite
315 675 461 737 debueras
485 674 685 756 abstinuisse,
710 691 815 753 caper.
903 710 909 716 ε

59 779 110 839 355
126 767 221 839 Quem
245 772 381 845 spectans
406 763 511 843 aliquis
535 763 639 824 dentes
662 765 694 823 in
718 766 776 823 vite
798 769 1001 843 prementem,

170 853 250 915 Talia
274 873 334 914 non
357 854 446 913 tacito
470 852 548 913 dicta
571 851 672 912 dolore
696 851 794 913 dedita

127 939 249 1022 ‘Rode,
273 960 383 1022 caper,
406 939 519 1001 viteml
551 948 650 1001 tamen
672 940 765 1021 binc,
788 957 856 1000 cum
880 937 971 1000 stabis

674 1029 710 1090 ad
733 1046 834 1109 aram,

168 1120 203 1182 ln
227 1128 276 1182 tua
301 1118 379 1200 quod
404 1120 503 1198 spargi
526 1135 637 1179 cornua
660 1119 776 1197 possit,
800 1111 890 1177 erit.'
946 1115 960 1141 '

124 1207 220 1270 Verba
242 1209 315 1269 lides
338 1209 497 1287 sequitur:
529 1224 623 1267 noxae
646 1205 702 1266 tibi
724 1205 842 1266 deditus
865 1205 960 1265 hostis

58 1310 111 1359 360
171 1297 327 1377 Spargitur
350 1296 454 1357 adfuso
478 1312 611 1374 cornua,
634 1293 771 1374 Racohe,
795 1311 894 1353 mero.

126 1384 217 1462 Culpa
241 1387 288 1444 sui
310 1387 435 1463 nocuit,
459 1383 563 1443 nocuit
585 1398 703 1460 quoque
728 1381 814 1459 culpa
837 1379 983 1460 capellae:

170 1471 247 1541 Quid
270 1470 325 1532 bos
337 1516 346 1551 ,
370 1470 441 1550 quid
464 1469 595 1549 placidae
620 1470 837 1529 commeruistis
861 1466 957 1530 oves?

125 1559 228 1620 Flebat
250 1559 425 1638 Aristaeus,
449 1556 528 1636 quod
552 1574 623 1635 apes
646 1574 714 1618 cum
738 1558 831 1636 stirpe
854 1564 973 1619 necatas

170 1646 292 1708 Viderat
314 1649 450 1725 inceptos
474 1645 645 1706 destituisse
669 1646 767 1706 larus,

59 1747 111 1798 365
126 1734 250 1797 Caerula
274 1752 362 1815 quem
386 1735 521 1812 genetrix
544 1751 632 1814 aegre
655 1732 747 1818 solata
770 1732 935 1815 dolentem,

169 1824 291 1885 Addidit
313 1823 386 1884 haec
410 1822 497 1883 dictis
520 1821 623 1883 ultima
645 1822 734 1883 verba
758 1824 838 1883 suis:

127 1907 244 1993 ‘Siste,
266 1930 364 1993 puer,
387 1909 540 1972 lacrimas!
572 1911 699 1972 Proteus
722 1919 772 1972 tua
794 1910 899 1971 damna
922 1909 1044 1994 levabit,

170 2001 295 2080 Quoque
318 1999 405 2060 modo
429 2017 550 2079 repares
573 2017 648 2078 quae
671 2001 811 2078 periere,
834 1998 935 2061 dabit.

125 2089 259 2169 Decipiat
282 2107 319 2150 ne
343 2099 373 2149 te
396 2090 492 2148 versis
514 2095 613 2148 tamen
636 2086 685 2147 ille
708 2088 829 2167 figuris,

60 2191 112 2240 ato
170 2178 335 2256 lmpediant
358 2178 489 2256 geminas
513 2174 629 2237 vincula
652 2176 736 2236 lirma
760 2170 898 2236 manus.'

125 2265 265 2327 Pervenit
287 2266 323 2326 ad
346 2272 442 2325 vatem
465 2265 603 2344 iuvenis,
627 2262 816 2342 resolutaque
839 2281 943 2325 somno

169 2353 275 2433 Alligat
297 2353 439 2433 aequorei
460 2351 581 2413 brachia
605 2359 690 2430 capta
713 2354 810 2413 senis.

126 2442 176 2504 llle
200 2460 252 2504 sna
275 2442 380 2502 laniem
403 2441 590 2502 transformis
613 2439 760 2501 adulterat
783 2446 864 2500 arte:

169 2530 236 2591 ldor
259 2528 390 2590 domitus
412 2528 518 2590 vinclis
540 2531 572 2590 in
595 2546 649 2589 sua
673 2526 805 2590 membra
828 2526 923 2608 redit,

59 2619 245 2698 arsuraque
268 2617 404 2679 caerulea
427 2616 534 2679 tollens
556 2619 687 2678 rorantia
711 2615 819 2696 barba,

170 2702 267 2777 ‘Qua’
290 2706 364 2767 dixit
387 2701 524 2786 ‘repares
547 2713 633 2786 arte,
656 2707 807 2785 requiris,
831 2700 927 2784 apes?

124 2795 225 2858 Obrue
248 2797 367 2857 mactati
390 2813 499 2875 corpus
522 2793 630 2856 tellure
653 2796 788 2855 iuvenci:

169 2884 253 2957 Quod
277 2886 356 2964 petis
378 2901 395 2945 a
418 2883 526 2965 uobis,
549 2883 675 2944 obrutus
698 2881 747 2943 ille
771 2874 885 2943 dabit.'

124 2973 207 3034 lussa
230 2974 300 3034 lacit
322 2980 444 3052 pastor.
486 2973 603 3033 servent
626 2974 758 3032 examina
781 2972 863 3050 putri

59 3073 110 3122 380
168 3060 210 3121 lle
233 3059 330 3120 bove:
361 3059 440 3121 mille
464 3062 575 3120 animas
598 3078 657 3120 uua
681 3067 784 3120 necata
808 3057 906 3118 dedit.

124 3148 224 3208 Poscit
246 3165 331 3207 ovem
355 3148 470 3208 latum:
501 3147 646 3208 verbenas
669 3147 802 3226 improba
826 3147 953 3227 carpsit,

169 3235 249 3307 Quas
271 3237 319 3315 pia
342 3234 388 3295 dis
410 3236 490 3296 ruris
513 3236 593 3295 lerre
617 3233 728 3296 solebat
752 3250 843 3294 anus.
873 3228 877 3236 '

123 3325 201 3395 Quid
223 3325 281 3386 tuti
305 3331 463 3404 superest,
486 3325 613 3383 animam
636 3340 705 3384 cum
727 3329 818 3402 ponat
840 3323 871 3382 in
894 3324 954 3382 aris

167 3413 406 3493 Lanigerumque
429 3429 523 3491 pecus
545 3409 752 3490 ruricolaeque
775 3405 891 3470 boves?
1048 3404 1050 3407 ⁴

57 3516 108 3566 ³85
123 3503 222 3564 Placat
245 3520 323 3581 equo
346 3501 446 3563 Persis
470 3499 560 3560 radiis
583 3498 751 3579 Hyperiona
774 3501 923 3579 cinctum,

166 3591 210 3653 Ne
233 3591 322 3653 detur
345 3590 436 3651 celeri
458 3591 577 3650 victima
599 3587 683 3650 tarda
706 3588 779 3649 deo.
