2467 4042
394 320 421 394 Ι,
440 317 496 393 14,
511 319 554 380 22
568 352 605 363 -
621 317 671 394 15,
687 318 739 381 40.
990 313 995 320 ”
1024 320 1063 384 21

124 474 194 534 Non
209 487 362 532 memore
376 479 513 546 patrum,
537 472 610 535 dum
626 481 751 533 strenua
765 473 895 536 sustinet
909 484 994 536 aetas

168 557 312 616 Praemia
325 555 450 617 militiae
465 557 678 630 pulverulenta
693 559 797 633 sequi,
917 584 921 589 -

95 643 189 704 allec
203 656 253 700 me
268 640 422 701 verbosas
441 641 527 713 leges
542 640 698 713 ediscere,
721 656 779 701 nee
793 658 843 702 me

168 727 294 799 Ingrato
309 740 419 784 vocem
435 724 634 800 prostituisse
648 725 726 784 foro.

122 810 256 870 Mortale
271 815 335 883 est,
359 808 445 884 quod
461 808 599 882 quaeris,
624 824 714 882 opus.
744 808 817 867 mihi
829 809 910 870 fama
924 812 1065 887 perennia

170 894 347 968 Quaeritur,
372 893 401 951 in
416 899 481 952 toto
496 907 621 967 semper
634 898 667 952 ut
681 891 757 951 orbe
772 907 873 953 canan.

122 979 219 1038 Vivet
232 976 431 1048 Maeonides,
453 976 597 1036 Tenedos
612 976 686 1037 dum
701 975 793 1036 stabit
807 983 837 1036 et
850 978 914 1053 lde,

83 1076 116 1127 ιο
173 1062 252 1122 Dum
267 1061 396 1135 rapidas
413 1058 525 1120 Simois
540 1061 571 1120 in
585 1076 670 1120 mare
682 1061 788 1121 volvet
801 1078 910 1135 aquas.

122 1147 222 1206 Vivet
238 1152 268 1205 et
281 1146 456 1216 AscraeuS,
478 1145 553 1206 dum
568 1145 677 1205 mustis
691 1159 754 1205 uva
768 1145 902 1221 tumebit,

170 1230 251 1291 Dum
265 1229 358 1289 cadet
371 1229 500 1289 incurva
512 1229 592 1288 falce
607 1236 729 1289 resecta
743 1244 841 1289 ceres.

122 1314 285 1375 Battiades
305 1329 431 1388 semper
447 1318 511 1372 tolo
527 1312 699 1374 cantabitur
714 1314 803 1373 orbe:

169 1397 318 1472 Quamvis
335 1397 460 1471 ingenio
474 1412 537 1456 non
551 1399 647 1469 valet,
672 1404 738 1458 arte
753 1397 842 1457 valet.

83 1494 114 1546 15
125 1483 220 1543 Nulla
235 1480 414 1556 Sophocleo
431 1481 534 1541 reniet
546 1482 665 1541 iactura
679 1482 841 1542 cothurno.

169 1566 247 1627 llum
260 1564 329 1624 sole
343 1571 375 1624 et
388 1566 463 1626 luna
476 1580 600 1639 semper
613 1567 729 1626 Aratus
745 1565 809 1626 erit.

121 1651 205 1711 Dum
221 1650 315 1708 fallax
331 1664 457 1722 servus,
479 1650 575 1709 durus
592 1658 694 1723 peter,
718 1650 859 1724 improba
873 1651 942 1710 lena

167 1734 283 1794 Vivent
296 1740 328 1793 et
340 1733 484 1793 meretrix
497 1732 627 1807 blenda,
648 1733 836 1794 Menandros
851 1734 915 1794 erit

120 1819 247 1880 Ennius
260 1823 327 1877 arte
342 1832 453 1876 carens
468 1815 663 1891 animosique
677 1817 785 1879 Amius
800 1819 863 1879 oris

79 1914 115 1967 lo
169 1903 323 1963 Casurum
337 1902 421 1960 nullo
435 1906 576 1975 tempore
590 1916 703 1961 nomen
717 1901 841 1962 habent

121 1990 301 2047 Varronem
316 1985 509 2060 primamque
523 1991 621 2045 ratem
636 2001 716 2060 quae
730 1987 849 2048 nesciet
862 1993 956 2061 aetas

167 2076 339 2145 Aureaque
353 2069 492 2157 Aesonio
507 2076 595 2144 terga
610 2070 705 2145 petita
718 2069 811 2131 ducit

122 2154 269 2215 carmina
284 2151 425 2227 sublimis
440 2160 513 2214 tunc
527 2160 599 2214 sunt
614 2154 748 2229 peritura
761 2155 896 2225 Lucreti,

166 2238 271 2298 Exitio
285 2246 384 2300 terras
400 2252 471 2300 oum
484 2236 570 2299 dabit
584 2255 645 2298 una
661 2238 738 2298 dies.

79 2335 114 2387 25
125 2323 254 2405 Tityrus
269 2328 300 2381 et
315 2322 419 2399 trugas
433 2322 615 2398 Aeneiaque
630 2339 715 2382 arma
730 2324 882 2398 legentur,

165 2409 269 2469 Rome
283 2404 459 2480 triumphati
476 2408 549 2467 dum
564 2415 658 2482 caput
671 2407 755 2467 orbis
772 2407 836 2467 erit

123 2494 235 2555 Donec
249 2497 339 2552 erunt
353 2489 440 2565 ignes
454 2507 610 2566 arcusque
626 2491 782 2567 Cupidinis
798 2507 897 2564 arma,

167 2577 338 2637 Discentur
352 2575 484 2649 numeri,
510 2577 592 2637 culte
605 2576 738 2648 Tibulle,
761 2577 814 2635 tui.

123 2662 235 2722 Gallus
250 2667 281 2721 et
293 2659 447 2734 hesperiis
462 2666 493 2719 et
505 2659 612 2720 Gallus
627 2667 719 2720 notus
735 2661 817 2732 eois,

1 2751 2 2760 ’
80 2756 116 2809 30
170 2745 212 2805 Et
226 2760 285 2804 sua
299 2759 369 2803 eum
385 2743 471 2804 Gallo
487 2751 560 2804 nota
573 2744 704 2821 Lycoris
718 2744 785 2804 erit

1 2881 2 2902 ,
113 2831 199 2905 argo
217 2844 288 2890 cum
302 2827 422 2900 silices,
445 2844 514 2889 cum
529 2830 607 2889 dens
622 2827 766 2904 patientis
782 2828 874 2888 aratri

1 2913 2 2992 ,
166 2915 348 2987 Depereant
361 2927 455 2988 aevo,
477 2913 614 2973 earmina
628 2918 725 2973 morte
740 2922 853 2973 carent.

124 2997 248 3059 Cedant
262 2996 449 3058 carminibus
463 3013 554 3072 reges
569 3013 738 3072 regumque
753 2996 913 3072 triumphi,

168 3080 269 3141 Cedat
283 3087 314 3141 et
327 3079 450 3155 auriferi
465 3083 533 3158 ripe
546 3079 681 3156 benigna
694 3081 778 3156 Tagi.

80 3175 114 3230 aa
125 3165 214 3226 Vilia
229 3163 355 3225 miretur
370 3166 493 3241 vulgus.
522 3165 596 3225 mihi
610 3164 713 3226 flavus
727 3166 842 3242 Apollo

164 3248 287 3309 Pocula
303 3249 435 3310 castalia
450 3251 541 3327 plena
555 3250 704 3312 ministret
717 3266 809 3327 aqua,

124 3333 371 3408 Sustineamque
386 3350 475 3394 coma
488 3342 674 3396 metuentem
688 3335 802 3412 frigora
815 3343 961 3412 myrtunn

164 3418 278 3492 Atque
290 3416 331 3476 ita
346 3418 478 3480 sollicito
493 3420 606 3505 mult-us
624 3427 744 3480 amante
759 3422 852 3494 legar.

1 3571 2 3578 ,
120 3501 270 3563 Pascitur
283 3501 313 3561 in
328 3502 408 3564 vivis
422 3502 524 3564 Livor.
554 3512 627 3580 post
642 3505 703 3564 fata
719 3502 864 3579 quiescit,

80 3598 113 3651 to
169 3586 253 3647 Cum
269 3601 343 3647 suus
357 3602 397 3646 ex
414 3587 521 3649 merito
537 3603 692 3664 quemque
707 3595 807 3650 tuetur
821 3588 931 3648 honos.
