2467 4042
103 261 143 319 V.
168 258 256 318 OEN.
282 255 397 317 150-
412 254 484 318 158.
519 257 570 315 Vl.
593 254 806 317 HYPSIPYLE
829 257 963 323 1-64.
1010 259 1051 324 89

101 412 247 472 Protinus
263 409 569 484 exilui‚·tunioisque
583 425 602 468 a
615 416 742 485 pectore
755 412 854 486 ruptis

145 496 259 567 ‘Vivit
285 498 337 555 an'
356 495 496 555 exclamo
512 496 575 553 ‘me
589 510 714 571 quoque
729 496 791 556 lata
807 501 951 558 vocantl’

100 580 213 641 ‘Vivit’
230 579 282 639 ait.
306 577 508 655 timidumque
522 577 595 638 mihi
609 579 712 639 iurare
726 579 824 655 coegi.

57 673 93 727 eo
149 664 212 726 Vix
228 663 302 723 mihi
318 670 399 725 teste
413 664 473 723 deo
490 663 605 723 credita
620 663 683 724 vita
699 669 822 724 tuaest

48 783 85 790 -
98 748 205 825 thue
220 748 342 809 animus
359 748 463 820 rediit,
484 752 535 808 tua
550 747 631 807 facta
643 747 800 824 requirere
816 750 915 826 coepi.

49 866 85 873 -
145 832 255 893 Narrat
269 832 441 909 aenipedes
454 831 561 892 Martis
576 847 685 893 arasse
698 831 807 907 boves,

53 951 89 958 —
99 916 260 993 Vipereos
276 916 386 977 dentes
402 915 432 976 in
448 916 573 977 humum
587 933 645 992 pro
662 916 780 977 semine
795 916 901 995 iactos,

54 1035 59 1040 -
73 1036 84 1041 -
142 1000 181 1061 Et
194 1000 299 1062 subito
316 1007 406 1081 natos
423 1017 508 1061 arma
521 998 630 1062 tulisse
644 1000 752 1069 viros:¹

24 1094 93 1148 —35
103 1084 291 1161 Terrigenas
305 1086 442 1162 populos
457 1083 539 1145 civili
554 1090 650 1145 marte
665 1091 820 1161 peremtas

49 1204 90 1213 -
143 1170 288 1245 Inplesse
303 1170 411 1230 aetatis
428 1170 490 1231 lata
504 1168 615 1230 diurne
630 1185 717 1230 suae.

49 1253 248 1315 -Devictus
265 1269 408 1331 serpens.
430 1255 553 1327 iterum,
574 1253 602 1313 si
617 1254 704 1316 vivat
717 1254 818 1330 Iason,

52 1373 89 1382 —
145 1338 340 1412 Quaerimus.
362 1338 513 1399 alternant
527 1353 666 1414 spesque
681 1339 834 1415 timorque
849 1339 953 1402 fidem.

103 1421 232 1498 Singula
247 1422 321 1482 dum
336 1427 453 1496 narrat,
475 1422 578 1483 studio
595 1437 751 1499 cursuque
767 1424 913 1501 loquendi

61 1518 95 1569 to
146 1507 271 1581 Detegit
285 1506 409 1582 ingenio
427 1508 554 1567 vulnera
569 1514 677 1568 nostra
691 1523 760 1569 suo.

101 1590 203 1666 Heus,
225 1590 281 1651 ubi
295 1597 389 1667 pacta
403 1590 505 1651 lidest
525 1589 579 1651 ubi
595 1589 790 1652 connubialia
805 1592 882 1670 iura,

143 1675 289 1751 Faxque,
312 1674 371 1734 sub
386 1690 512 1735 arsuros
528 1673 652 1750 dignior
664 1675 710 1736 ire
724 1684 842 1751 regesi

102 1758 169 1820 Non
185 1773 245 1834 ego
263 1774 332 1819 sum
347 1760 427 1819 lurto
444 1757 496 1818 tibi
511 1760 644 1834 cognita.
666 1759 806 1836 pronuba
819 1762 895 1824 Iuno

144 1841 244 1904 nffuit
263 1849 292 1902 et
308 1843 398 1903 sertis
414 1848 553 1918 tempora
567 1844 689 1904 vinctus
704 1844 836 1921 Hymen.

64 1936 96 1991 te
106 1928 148 1989 At
160 1926 236 1987 mihi
250 1942 310 1987 nec
326 1926 417 2002 luno,
438 1943 495 1987 nec
509 1928 647 2005 Hymen,
670 1929 726 1989 sed
741 1930 836 1993 tristis
850 1931 963 2013 Erinys

143 2011 292 2075 Praetulit
308 2011 460 2073 infaustos
475 2012 712 2088 sanguinolenta
727 2014 822 2075 iaces.

104 2094 182 2170 Quid
195 2094 271 2156 mihi
286 2110 354 2156 carn
370 2095 497 2172 Minyis,
520 2097 593 2172 quid
609 2112 678 2157 oum
693 2098 849 2161 Tritonide
864 2100 958 2177 pinul

145 2179 225 2254 Quid
239 2179 294 2240 tibi
310 2195 379 2239 curn
395 2180 507 2257 patria,
528 2181 633 2242 navita
645 2181 754 2261 Tiphy,
775 2191 866 2245 meat

102 2264 168 2326 Non
185 2270 252 2324 erat
267 2264 318 2323 hic
332 2264 414 2324 aries
431 2264 502 2325 villo
518 2264 697 2341 spectabilis
713 2282 816 2343 aureo,

66 2360 98 2411 ao
146 2347 211 2409 Nec
226 2350 313 2409 senis
326 2350 444 2409 Aeetae
461 2349 546 2425 regia
563 2349 698 2412 Lemnos
713 2358 789 2412 erat.

105 2432 193 2494 Certa
207 2432 252 2492 lui
266 2433 398 2508 primo...
414 2434 472 2494 sed
486 2449 536 2494 nte
551 2435 632 2495 mala
648 2436 710 2495 lata
722 2435 913 2499 trahebant...

143 2516 276 2592 Hospita
290 2515 425 2578 leminea
438 2518 556 2594 pellere
574 2525 677 2581 castra
693 2535 794 2581 manu.

103 2599 351 2678 Lemniadesque
365 2601 464 2675 viros,
486 2600 611 2664 nimium
628 2619 767 2679 quoque,
787 2604 911 2666 vincere
925 2615 1045 2670 norunt.

143 2682 240 2747 Milite
254 2692 317 2746 tam
332 2685 403 2747 lorti
418 2702 514 2747 causa
527 2688 643 2748 tuenda
657 2688 721 2749 iuit.

68 2767 188 2830 ttUrbe
201 2768 303 2830 viram
319 2769 399 2843 vidi,
422 2777 566 2847 tectoque
581 2773 747 2848 animoque
761 2773 875 2850 recepi.

144 2852 201 2913 Hie
218 2853 273 2914 tibi
288 2852 402 2930 bisque
416 2863 519 2916 aestas
535 2856 648 2932 bisque
664 2858 795 2918 cucurrit
809 2856 941 2935 hiemps.

103 2935 201 2997 Tertia
217 2938 332 3000 messis
348 2945 427 3013 erat,
451 2955 519 3000 cum
534 2947 567 3001 tu
582 2941 656 3002 dare
671 2944 741 3002 vela
754 2950 879 3004 coaetus

144 3020 282 3098 Implesti
296 3023 430 3083 lacrimis
446 3024 517 3084 talia
531 3024 628 3086 verba
641 3025 702 3087 tuis

105 3103 303 3181 ‘Absuahon
323 3106 511 3186 Hypsipyle.
534 3109 592 3169 sed
606 3110 681 3172 dent
695 3112 789 3172 inodo
808 3111 869 3173 lata
889 3127 1043 3187 recursus,

70 3198 98 3251 to
147 3188 204 3250 Vir
217 3196 290 3252 tuus
304 3189 377 3252 hinc
390 3191 486 3267 abeo,
507 3193 555 3253 vir
568 3194 622 3255 tibi
636 3210 759 3271 semper
774 3211 838 3258 ero.

106 3272 192 3348 Quod
206 3281 309 3335 tamen
324 3291 343 3335 e
358 3276 448 3337 nobis
463 3277 594 3352 gravida
608 3280 723 3340 celatur
738 3280 769 3339 in
786 3282 867 3355 alvo,

143 3358 252 3433 Vivat,
276 3365 307 3421 et
321 3360 461 3421 eiusdem
475 3362 572 3425 simus
587 3370 716 3439 uterque
730 3369 865 3440 parens?

105 3440 268 3504 Hactenus.
292 3451 323 3505 et
337 3445 471 3506 lacrimis
485 3446 517 3506 in
532 3447 611 3509 falsa
627 3448 808 3510 cadentibus
824 3464 877 3510 ora

146 3525 254 3589 cetera
268 3535 299 3589 te
313 3529 437 3591 memini
451 3548 513 3592 non
528 3531 670 3608 potuisse
684 3533 779 3610 ioqui.
