2467 4042
177 234 220 297 26
335 252 474 288 amaron
588 233 769 291 METAMM.

200 412 251 462 136
263 398 326 461 Nec
339 417 442 479 preme
455 446 465 480 ,
487 417 543 459 uec
561 417 712 461 summum
724 399 830 461 molire
843 420 899 480 per
912 402 1031 464 aethera
1044 422 1203 467 cursuum.

264 487 359 549 Altius
383 484 528 567 egressus
544 486 682 552 caelestia
705 496 784 549 tecta
806 490 970 571 cremabis,

263 577 391 639 Inferius
413 585 531 637 terras:
554 576 651 636 medio
674 579 840 638 tutissimus
863 578 938 639 ibic.

262 664 328 726 Neu
350 675 381 726 te
403 664 554 725 dexterior
575 672 690 724 tortum
711 665 841 726 declinet
863 666 898 727 ad
921 666 1072 749 Anguem,

263 753 343 814 Neve
367 754 534 814 sinisterior
555 771 690 832 pressam
713 761 778 814 rota
799 753 889 815 ducat
911 755 947 815 ad
969 756 1075 817 Aram:

200 855 250 905 140
264 843 347 904 iuter
368 851 529 920 utrumque
551 850 643 903 tene.
669 841 819 902 Fortunae
841 851 941 903 cetera
963 846 1087 925 maudo,

264 931 346 1003 Quae
368 933 450 991 iuvet
471 938 502 991 et
524 929 630 990 melius
653 948 742 1009 mam
764 939 799 991 tu
822 930 877 990 tibi
889 979 899 1012 ,
922 931 1058 992 consulat
1078 941 1180 1011 opto.

263 1020 341 1080 llum
362 1018 491 1099 loquor,
514 1017 659 1097 ilesperio
682 1020 794 1098 positas
816 1021 849 1079 in
870 1019 958 1079 litore
981 1029 1075 1081 metas

264 1107 369 1169 Umida
392 1124 450 1166 nox
473 1108 592 1185 tetigit.
620 1124 681 1166 nou
704 1115 750 1167 est
772 1125 855 1167 mora
876 1107 971 1168 libera
992 1107 1096 1190 uobis3

263 1196 442 1257 Poseimur:
464 1194 586 1273 ellulget
608 1194 741 1255 tenebris
765 1213 872 1255 aurora
893 1196 1021 1274 fugatis.

199 1296 250 1347 145
265 1285 388 1363 Corripe
410 1282 474 1343 lora
495 1281 607 1344 manul
631 1314 674 1326 —
696 1282 765 1361 vel,
784 1285 810 1343 si
832 1283 974 1344 mutabile
995 1292 1101 1364 pectus

263 1373 319 1434 Est
339 1371 394 1432 tibi
406 1419 416 1453 ,
439 1371 593 1452 consiliis,
615 1389 677 1432 nou
699 1371 838 1432 curribus
860 1378 946 1433 utere
969 1373 1098 1458 uostris,

263 1462 342 1522 1111111
363 1467 471 1541 potes,
494 1467 526 1521 et
548 1459 650 1519 solidis
673 1462 843 1520 etiamnunc
866 1460 988 1521 sedibus
1010 1468 1106 1542 astas,

262 1550 399 1627 Dumque
422 1547 499 1608 male
522 1555 638 1627 optatos
661 1548 793 1608 nondum
819 1551 931 1627 premis
958 1550 1072 1609 inscius
1099 1567 1192 1609 axes,

264 1638 346 1709 Quae
369 1644 452 1697 tutus
475 1643 615 1717 spectes,
638 1638 702 1697 sine
724 1655 773 1697 me
796 1635 866 1697 dare
888 1636 1000 1697 lumina
1023 1632 1145 1697 terrisl'

199 1739 251 1789 150
265 1726 399 1804 Occupat
419 1724 468 1785 ille
492 1724 586 1785 levem
608 1723 737 1784 iuvenali
759 1741 885 1803 corpore
908 1742 1050 1807 currum,

264 1815 388 1892 Statque
411 1830 524 1894 super,
545 1810 742 1891 manibusque
765 1812 848 1873 datas
870 1815 1044 1892 contingere
1057 1812 1189 1874 habenas

265 1902 401 1983 Gaudet,
424 1909 456 1961 et
477 1902 569 1962 invito
593 1909 692 1979 grates
715 1903 776 1979 agit
796 1900 866 1961 iude
888 1904 1022 1980 parenti.

190 2067 191 2070 Ἴ
262 1991 381 2052 luterea
402 1988 539 2049 volucres
561 1988 666 2068 Pyrois
689 1997 721 2049 et
742 1987 823 2049 Eous
846 1997 877 2049 et
899 1989 1032 2070 Aethon,

264 2078 342 2140 Solis
365 2080 457 2160 equi,
480 2085 665 2156 quartusque
686 2075 819 2155 Phlegon
840 2076 1006 2138 hinnitibus
1028 2096 1116 2139 auras

199 2180 249 2229 155
264 2167 460 2229 Flammiferis
483 2165 607 2244 implent
628 2164 813 2244 pedibusque
836 2165 976 2244 repagula
997 2166 1134 2245 pulsant.

264 2256 346 2328 Quae
368 2263 526 2334 postquam
544 2252 678 2335 Tethys,
699 2253 829 2314 fatorum
850 2255 953 2332 ignara
975 2257 1113 2337 nepotis,

263 2343 425 2425 Reppulit,
448 2351 479 2403 et
502 2343 578 2402 lacta
600 2350 648 2402 est
669 2343 797 2402 inmensi
819 2344 905 2421 copia
926 2342 1048 2422 mundi,

265 2432 445 2511 Corripuere
462 2433 539 2491 viam
561 2430 747 2510 pedibusque
770 2447 826 2509 per
848 2436 917 2491 aera
938 2432 1028 2491 motis

264 2520 423 2581 Obstantes
446 2520 587 2580 scindunt
609 2518 733 2579 nebulas
755 2521 921 2598 pennisque
943 2518 1032 2579 levati

199 2622 251 2672 160
264 2609 462 2670 Praetereunt
483 2615 566 2668 ortos
588 2607 684 2667 isdem
707 2606 745 2667 de
766 2606 902 2687 partibus
924 2606 1039 2667 Euros.

266 2697 324 2758 Sed
347 2697 411 2757 leve
433 2696 551 2776 pondus
574 2703 661 2776 erat,
683 2713 739 2755 uec
763 2694 842 2774 quod
865 2711 1045 2773 cognoscere
1064 2706 1182 2775 possent

265 2784 341 2846 Solis
365 2787 457 2866 equi,
479 2783 625 2862 solitaque
648 2786 751 2862 iugum
773 2786 915 2862 gravitate
939 2782 1075 2845 carebat.

263 2873 361 2952 thue
384 2872 485 2934 labant
506 2889 614 2932 curvae
637 2873 716 2932 iusto
740 2873 805 2931 sine
827 2871 959 2950 pondere
981 2889 1072 2932 nares

263 2962 381 3041 Perque
404 2979 485 3022 mare
508 2959 661 3021 instabiles
683 2962 774 3020 nimia
795 2959 914 3020 levitate
937 2960 1095 3042 feruutur,

199 3062 250 3112 too
265 3050 314 3110 Sic
338 3068 430 3112 onere
453 3055 571 3110 assueto
594 3066 705 3108 vacuus
728 3047 833 3108 datin
856 3053 925 3109 aera
947 3047 1040 3109 saltus

265 3138 499 3217 Succutiturque
522 3136 580 3197 alte
603 3135 767 3214 similisque
790 3144 838 3197 est
859 3154 968 3197 currus
990 3138 1089 3197 inani.

153 3254 159 3264 ·
262 3218 350 3298 ¹Quod
374 3226 497 3287 simulac
520 3242 665 3304 sensere,
688 3232 782 3285 ruunt
804 3227 968 3303 tritumque
990 3224 1162 3305 relinquunt

265 3315 438 3394 Quadriiugi
461 3316 590 3394 spatium
613 3330 670 3373 nec
698 3331 757 3391 quo
784 3315 891 3394 prius,
915 3312 1019 3373 ordine
1042 3323 1178 3375 currunt.

264 3403 330 3482 lpse
353 3411 466 3482 pavet.
493 3420 549 3464 nec
572 3418 632 3480 qua
654 3403 828 3462 commissas
849 3400 950 3461 ssectat
972 3400 1120 3484 habenas,

199 3502 249 3553 tto
263 3490 325 3551 Nec
348 3494 405 3551 scit
417 3538 426 3571 ,
449 3509 506 3570 qua
530 3492 570 3550 sit
591 3492 672 3569 iter;
695 3507 751 3550 nec
763 3537 773 3570 ‚
796 3491 822 3550 si
844 3492 918 3550 sciat
930 3537 939 3570 ,
961 3491 1091 3569 imperet
1109 3490 1178 3553 illis.

263 3577 340 3639 Tum
361 3581 492 3657 primum
514 3576 604 3638 radiis
627 3577 717 3656 gelidi
738 3577 857 3639 caluere
879 3576 1005 3638 Triones
