2467 4042
250 274 328 338 xvl.
350 273 469 351 [XVlLl
493 271 712 330 HELENAE
734 271 912 334 80-155.
1034 269 1090 336 lai

194 426 393 507 ‘Tyndaridis
409 425 535 486 eoniux’
551 424 639 484 tertia
653 424 730 484 dixit
744 425 853 485 ‘eris’t

146 512 283 573 Credere
297 511 349 572 vix
365 510 511 586 equidem
525 506 669 568 caelestia
685 524 814 584 corpora
833 525 959 584 possum

80 607 133 659 120
190 596 325 657 Arbitrio
344 595 474 655 sormam
489 591 695 668 subposuisse
711 600 771 652 tuo.

146 681 252 757 thue
267 681 306 741 sit
320 679 383 741 hoe
397 694 519 750 verum,
543 683 627 737 certe
641 692 713 751 pars
732 676 826 737 altera
844 675 914 736 fieta
930 685 988 751 est,

193 764 299 824 Iudicii
316 762 447 840 pretium
464 777 525 838 qua
540 762 609 820 data
626 759 712 819 dicor
728 776 798 836 ego.

146 850 215 908 Non
232 855 281 909 est
295 855 380 909 tanta
394 846 466 906 mihi
483 844 594 906 fiducia
612 845 768 919 corporis,
791 850 823 903 ut
840 860 888 903 me

192 932 328 993 Maxima
345 939 423 992 teste
438 930 496 990 dea
515 929 598 990 dona
613 927 710 989 luisse
728 935 839 1003 putem.

84 1027 133 1080 115
147 1018 299 1078 Contenta
315 1021 363 1076 est
378 1015 476 1076 oeulis
491 1012 646 1073 homiuum
661 1028 729 1072 rnea
745 1012 841 1071 iornra
857 1012 989 1086 probari.

191 1101 360 1161 Laudatrix
375 1101 482 1158 Venus
497 1103 545 1157 est
558 1094 712 1156 invidiosa
727 1095 809 1155 mihi.

148 1185 214 1246 Sed
229 1184 305 1244 nihil
319 1182 450 1244 infirmo.
474 1182 563 1241 laveo
581 1196 706 1255 quoque
721 1179 863 1239 laudibus
878 1179 959 1240 istis:

75 1278 87 1295 ·
191 1268 267 1328 Nam
283 1283 354 1328 mea
368 1284 431 1328 vox
446 1281 557 1342 quare,
581 1264 666 1340 quod
682 1264 779 1340 eupit,
801 1279 872 1323 esse
888 1271 998 1340 neget?

149 1353 213 1412 Neo
229 1360 261 1414 tu
276 1366 443 1425 suscense,
466 1348 591 1409 nimium
608 1347 681 1407 mihi
699 1347 833 1409 creditus
850 1362 951 1423 aegre.

88 1447 138 1500 130
193 1436 295 1499 Tarda
309 1437 389 1497 solet
403 1430 523 1508 magnis
538 1432 631 1492 rebus
646 1431 751 1493 inesse
765 1431 854 1492 fides.

147 1522 250 1581 Prima
265 1535 336 1581 mea
352 1527 401 1579 est
415 1518 506 1594 igitur
518 1516 633 1577 Veneri
649 1514 807 1592 placuisse
821 1516 979 1593 voluptas

192 1605 351 1677 Proxima;
375 1618 424 1662 rne
441 1601 538 1661 visam
554 1601 690 1676 praemia
705 1615 824 1660 summa
839 1598 900 1676 ubi,

147 1689 211 1749 Nee
227 1696 257 1748 te
270 1685 440 1761 Palladios,
462 1701 520 1746 neo
534 1691 564 1744 te
578 1683 704 1745 Iunonis
719 1683 855 1745 honores

193 1771 317 1833 Auditis
331 1772 468 1831 Helenae
483 1767 705 1845 praeposuisse
720 1767 821 1829 bonis.

86 1866 137 1921 135
148 1857 232 1933 Ergo
248 1871 307 1931 ego
323 1871 391 1916 surn
407 1852 518 1928 uirtus,
541 1869 599 1929 ego
616 1868 686 1914 sum
703 1851 755 1914 tibi
774 1851 875 1912 nobile
890 1860 1038 1929 regnum?

191 1940 306 2001 Ferrea
319 1938 393 2014 sim,
417 1938 444 1999 si
460 1954 521 1999 non
535 1936 596 1997 boe
611 1952 670 2013 ego
687 1941 795 2012 pectus
811 1952 919 1999 autern.

148 2024 278 2098 Ferrea,
303 2023 395 2084 erede
409 2021 498 2095 mihi,
522 2038 582 2083 non
600 2037 680 2082 sum.
702 2020 760 2082 sed
778 2036 881 2081 amare
895 2036 1034 2097 repugno

190 2110 295 2183 Illum,
317 2123 408 2184 quem
423 2105 491 2167 fleri
505 2105 558 2165 vix
572 2111 646 2180 puto
664 2120 761 2181 posse
775 2120 886 2166 meum.

148 2193 230 2268 Quid
244 2191 382 2253 bibulum
398 2206 493 2252 curvo
508 2189 710 2266 proscindere
724 2189 795 2249 litus
810 2195 921 2263 aratro,
1006 2218 1009 2223 ·

88 2288 137 2341 tto
191 2276 351 2352 Spemque
366 2274 456 2353 sequi
471 2290 580 2346 coner,
605 2290 698 2349 quarn
713 2275 801 2335 loeus
815 2273 884 2349 ipse
899 2280 1010 2348 negati

149 2361 224 2422 Sum
239 2361 325 2422 rudis
342 2359 529 2420 adveneris
545 2359 674 2433 lurtum,
696 2358 841 2432 nullaque
856 2356 1008 2416 fidelem...

190 2445 229 2506 Di
243 2443 316 2505 mibi
336 2451 407 2505 sunt
424 2449 551 2504 testes...
567 2441 697 2503 lusimus
713 2448 777 2502 arte
793 2441 901 2500 virum.

148 2530 394 2605 annonaeque,
415 2527 499 2605 quod
516 2525 607 2587 taeito
622 2527 735 2586 mando
753 2541 820 2586 rnea
836 2525 931 2585 verba
947 2522 1057 2595 libello,

191 2612 339 2688 Fungitur
355 2612 460 2676 olfieio
479 2610 576 2672 littera
591 2616 698 2671 nostra
713 2626 806 2672 novo.

89 2709 136 2760 115
148 2697 286 2772 Felices,
310 2695 422 2772 quibus
436 2710 513 2756 usus
528 2694 632 2756 adest!
656 2710 713 2770 ego
728 2693 835 2755 neseio
848 2708 948 2754 rerum

193 2779 357 2842 Difficilem
372 2781 482 2856 eulpae
498 2778 643 2854 suspicor
657 2794 729 2841 esse
743 2775 835 2839 viam.

150 2866 224 2943 lpse
238 2865 319 2925 malo
334 2871 433 2924 metus
448 2869 504 2923 est.
528 2862 586 2922 iarn
603 2878 684 2923 nune
698 2862 886 2936 eonlundor,
907 2867 936 2921 et
951 2876 1057 2922 ornnes

193 2950 228 3011 'n
244 2948 358 3009 nostris
373 2947 482 3008 oeulos
498 2943 631 3007 vultibus
646 2962 718 3007 esse
733 2961 812 3007 reor.
886 3000 895 3019 ,

148 3035 215 3094 Nee
229 3048 301 3093 reor
316 3032 377 3093 hoe
395 3031 485 3092 lalso.
507 3031 592 3092 sensi
609 3031 688 3091 mala
705 3047 858 3091 murmura
875 3029 966 3105 vulgi,

44 3186 48 3193 ,
90 3130 138 3180 tao
190 3116 230 3176 Et
245 3117 394 3193 quasdam
411 3112 748 3177 voeesrettulitAetbra
764 3114 846 3174 mihi.

152 3204 192 3262 tt
210 3208 241 3261 tu
259 3199 434 3275 dissimula,
457 3198 515 3260 nisi
534 3198 561 3258 si
577 3198 728 3259 desistere
743 3200 850 3259 mavis.
871 3250 874 3255 .

195 3284 260 3345 Sed
275 3301 329 3345 our
343 3283 500 3345 desistas?
522 3281 716 3343 dissimulare
732 3289 830 3358 potes.

152 3370 254 3440 Lude,
278 3369 334 3429 sed
350 3368 479 3430 occulte.
503 3365 613 3442 maior,
638 3382 698 3427 non
713 3367 862 3440 maxima,
885 3366 974 3429 nobis

194 3453 250 3513 Est
266 3452 336 3513 data
352 3451 491 3526 libertas,
515 3451 599 3526 quod
615 3449 772 3510 Menelaus
789 3450 884 3511 abest.

90 3552 137 3602 tas
150 3539 204 3597 lile
221 3535 344 3613 quidem
358 3535 467 3609 procul
483 3541 545 3600 est.
567 3530 608 3594 ila
621 3549 656 3593 re
670 3541 813 3608 cogente,
836 3532 1005 3611 proiectum
