2467 4042
175 244 220 309 44
592 242 765 295 TRISTIUM

265 409 393 470 Saevum
415 406 576 488 praelustri
598 407 712 468 fulmen
735 406 771 468 ab
794 408 862 487 igne
885 408 983 469 venit.

265 497 353 576 [Nam
376 513 554 576 quamquam
582 494 637 556 soli
665 502 791 575 possunt
817 495 959 574 prodesse
982 504 1155 583 potenteS,

263 585 330 646 Non
352 587 449 664 prosit
470 585 594 664 potius,
616 583 779 662 plurimum
802 582 906 645 obesse
929 592 1028 663 potest
1038 584 1061 663 .]

263 672 375 753 Effugit
397 671 538 733 hibernas
560 672 690 733 demissa
713 680 850 733 antemna
872 672 1034 754 procellas,

221 774 254 823 to
269 761 400 841 Lataqau
423 760 491 840 plus
514 762 613 837 parvis
636 759 701 821 vela
724 762 840 821 timoris
863 759 990 821 habent.

262 850 402 930 Aspicis,
425 856 459 909 ut
481 866 595 909 summa
619 856 722 909 cortex
744 848 819 908 levis
841 850 956 909 innatet
978 847 1076 931 unda,

263 938 338 999 Cum
361 954 450 1016 grave
472 953 549 997 nexa
571 936 660 997 simul
683 938 758 997 retia
781 943 897 1015 mergat
919 933 1020 998 onus?

261 1025 341 1087 llaec
365 1042 419 1105 ego
443 1027 469 1085 si
492 1026 622 1086 monitor
646 1026 776 1085 monitus
799 1026 884 1103 prius
907 1025 971 1103 ipse
994 1025 1150 1110 fuissem,

261 1114 297 1176 ln
320 1130 379 1192 qua
401 1110 568 1192 debebam,
591 1113 716 1173 forsitan
740 1109 818 1173 Urbe
841 1113 954 1174 iorem.

215 1213 247 1263 15
262 1202 338 1263 llum
361 1208 462 1262 tecum
484 1202 544 1261 rixi
556 1245 566 1281 ‚
589 1199 660 1261 duan
682 1217 730 1261 ma
752 1200 825 1261 levis
848 1218 921 1261 aura
942 1200 1076 1283 ferebat,

261 1289 341 1351 llaec
363 1307 429 1350 mea
452 1306 507 1367 per
528 1287 659 1367 placidas
683 1287 790 1349 cumba
812 1290 949 1350 cucurrit
971 1307 1084 1368 aquas.

263 1378 322 1449 Qui
339 1377 418 1438 cadit
436 1379 467 1438 in
485 1376 574 1456 plano
587 1425 597 1458 ‚
612 1409 651 1420 -
672 1378 721 1438 vir
735 1375 792 1437 hoo
806 1383 905 1440 minen
920 1379 1017 1438 evenit
1030 1380 1144 1459 ipsum
1158 1416 1197 1428 -

262 1466 312 1527 Sic
336 1465 436 1547 cadit,
459 1472 493 1526 ut
515 1474 592 1526 tacta
616 1483 739 1543 surgere
763 1467 858 1544 possit
880 1465 988 1527 humo:

262 1556 300 1615 Aa
322 1556 414 1614 miser
437 1552 568 1633 Elpenor
589 1557 671 1614 tecto
695 1552 834 1633 delapsus
857 1552 894 1614 ab
917 1553 975 1614 alto

213 1653 247 1703 20
262 1642 403 1704 Occurrit
424 1643 490 1720 regi
512 1640 618 1702 debilis
640 1640 747 1703 umbra
769 1659 841 1703 suo.

261 1730 339 1801 Quid
362 1730 419 1792 suit
431 1776 441 1810 ,
463 1737 498 1790 nt
520 1737 600 1790 tutas
623 1731 748 1809 agitaret
771 1729 915 1791 Daedalus
938 1730 1016 1811 alas,

260 1818 362 1880 learns
385 1820 535 1878 inmensas
558 1820 679 1878 nomine
702 1820 800 1897 signet
821 1814 939 1897 aquas?

260 1906 373 1987 Nempe
396 1905 476 1986 quod
499 1905 549 1967 hic
572 1905 652 1988 alte,
676 1905 835 1968 demissius
858 1906 908 1967 ille
932 1905 1065 1988 volabat3

259 1993 333 2055 Nam
356 2011 469 2074 pennas
494 1992 579 2055 ambo
602 2011 663 2055 non
685 1994 817 2056 habuere
839 2012 925 2055 suas.

212 2093 246 2143 25
261 2082 356 2143 Crede
380 2082 476 2163 mibi,
498 2081 574 2142 bene
599 2084 651 2160 qui
673 2081 780 2163 latuit,
804 2081 878 2144 bena
903 2084 975 2144 vixit
987 2128 996 2164 ,
1019 2091 1050 2145 et
1073 2087 1161 2150 intra

260 2170 422 2232 Fortunam
445 2169 534 2231 debet
556 2172 684 2249 quisquo
707 2188 827 2231 manere
850 2187 951 2232 suam.

260 2257 327 2318 Non
350 2258 428 2319 soret
450 2257 600 2320 Eumedes
623 2257 737 2339 orbus,
762 2260 788 2320 si
811 2258 890 2319 illius
913 2260 978 2321 eius

261 2346 377 2408 Stultus
400 2345 548 2407 Achilleos
571 2363 631 2407 non
654 2346 819 2408 adamasset
841 2364 952 2426 equos3

181 2441 184 2450 '
260 2433 322 2496 Nec
345 2441 448 2496 natum
469 2437 502 2495 in
524 2435 641 2496 ilamma
663 2434 786 2496 vidisset
798 2482 807 2517 ,
829 2437 862 2495 in
884 2434 990 2496 arbore
1013 2445 1120 2521 natas,

212 2534 246 2585 ao
261 2522 395 2602 Cepisset
417 2526 533 2602 genitor
557 2525 583 2584 si
604 2522 790 2584 Phaethonta
811 2522 947 2602 Merops.

261 2610 308 2673 Tu
331 2628 450 2690 quoque
473 2611 599 2673 formida
622 2612 747 2672 nimium
770 2610 907 2672 sublimia
931 2629 1065 2694 semper,

260 2696 492 2781 Propositiqne,
514 2717 646 2779 precor,
668 2698 810 2760 contrahe
833 2699 896 2759 vela
919 2702 981 2761 tui.

259 2785 333 2847 Nam
356 2788 432 2867 pede
454 2789 600 2848 inoffenso
623 2789 752 2866 spatium
775 2786 936 2848 decurrere
959 2790 1034 2850 vitae

260 2873 373 2954 Dignus
396 2893 430 2935 es
452 2883 484 2937 et
505 2876 566 2935 lato
589 2874 761 2936 candidiore
784 2876 863 2937 irui.

212 2974 246 3024 ab
262 2961 342 3032 Quae
365 2980 421 3042 pro
443 2971 473 3025 te
497 2973 531 3025 ut
553 2981 696 3045 voveam,
719 2965 785 3026 miti
807 2965 918 3042 pietate
941 2966 1065 3025 mereris

260 3050 453 3130 llaesuraque
475 3051 532 3112 fide
556 3060 675 3130 tempus
697 3054 730 3112 in
753 3069 840 3112 omne
863 3052 952 3114 mibi.

261 3138 328 3199 Vidi
350 3157 404 3219 ego
427 3146 457 3200 te
480 3139 532 3200 tali
555 3139 639 3200 vultu
662 3157 727 3201 mea
749 3139 808 3201 iata
831 3147 1017 3221 gementem,

260 3226 383 3297 Qualem
407 3226 547 3288 credibile
571 3237 618 3289 est
640 3245 692 3288 ore
715 3228 809 3290 inisse
831 3245 917 3290 meo.

261 3314 368 3376 Nostra
391 3323 458 3376 tuas
481 3315 542 3377 vidi
564 3315 701 3377 lacrimas
725 3333 816 3397 super
839 3332 891 3376 ora
914 3316 1070 3396 cadentes,

210 3412 245 3464 40
259 3402 407 3483 Tempore
431 3422 504 3482 quas
526 3420 587 3464 uno
610 3402 727 3483 fidaque
751 3402 841 3465 verba
864 3403 942 3465 bibi.

259 3490 345 3550 Nunc
369 3508 488 3570 quoque
512 3499 693 3553 summotum
717 3491 815 3552 studio
839 3492 973 3555 delendis
995 3494 1146 3576 amicum,

259 3575 299 3637 Et
320 3577 395 3638 mala
419 3580 467 3638 rix
490 3577 551 3641 ulla
572 3586 657 3657 parta
679 3579 803 3640 levanda
824 3579 922 3643 levas.
