<?xml version="1.0" encoding="UTF-8"?>
<!DOCTYPE html PUBLIC "-//W3C//DTD XHTML 1.0 Transitional//EN"
    "http://www.w3.org/TR/xhtml1/DTD/xhtml1-transitional.dtd">
<html xmlns="http://www.w3.org/1999/xhtml" xml:lang="en" lang="en">
 <head>
  <title>
</title>
<meta http-equiv="Content-Type" content="text/html;charset=utf-8" />
  <meta name='ocr-system' content='tesseract 3.04.00' />
  <meta name='ocr-capabilities' content='ocr_page ocr_carea ocr_par ocr_line ocrx_word'/>
</head>
<body>
  <div class='ocr_page' id='page_1' title='image "./povidiusnaso00ehwagoog_0096.png"; bbox 0 0 2467 4042; ppageno 0'>
   <div class='ocr_carea' id='block_1_1' title="bbox 615 271 818 334">
    <p class='ocr_par' dir='ltr' id='par_1_1' title="bbox 615 271 818 334">
     <span class='ocr_line' id='line_1_1' title="bbox 615 271 818 334; baseline 0.005 -2"><span class='ocrx_word' id='word_1_1' title='bbox 615 271 818 334; x_wconf 82' lang='lat' dir='ltr'><strong>AMORUM</strong></span> 
     </span>
    </p>
   </div>
   <div class='ocr_carea' id='block_1_2' title="bbox 215 426 1234 3538">
    <p class='ocr_par' dir='ltr' id='par_1_2' title="bbox 215 426 1234 3538">
     <span class='ocr_line' id='line_1_2' title="bbox 334 426 1054 502; baseline -0.004 -12"><span class='ocrx_word' id='word_1_2' title='bbox 334 426 514 490; x_wconf 71' lang='lat' dir='ltr'><strong>Stramineis</strong></span> <span class='ocrx_word' id='word_1_3' title='bbox 530 433 615 487; x_wconf 92' lang='lat' dir='ltr'>esset</span> <span class='ocrx_word' id='word_1_4' title='bbox 631 440 712 486; x_wconf 91' lang='lat' dir='ltr'>nunc</span> <span class='ocrx_word' id='word_1_5' title='bbox 727 441 853 502; x_wconf 88' lang='lat' dir='ltr'>quoque</span> <span class='ocrx_word' id='word_1_6' title='bbox 867 434 948 488; x_wconf 87' lang='lat' dir='ltr'>tecta</span> <span class='ocrx_word' id='word_1_7' title='bbox 963 428 1054 489; x_wconf 68' lang='lat' dir='ltr'>clasis,</span> 
     </span>
     <span class='ocr_line' id='line_1_3' title="bbox 292 510 1019 586; baseline -0.001 -13"><span class='ocrx_word' id='word_1_8' title='bbox 292 514 406 573; x_wconf 80' lang='lat' dir='ltr'><strong>Fessus</strong></span> <span class='ocrx_word' id='word_1_9' title='bbox 422 512 452 570; x_wconf 94' lang='lat' dir='ltr'>in</span> <span class='ocrx_word' id='word_1_10' title='bbox 468 517 615 586; x_wconf 89' lang='lat' dir='ltr'>acceptos</span> <span class='ocrx_word' id='word_1_11' title='bbox 630 510 718 570; x_wconf 86' lang='lat' dir='ltr'>miles</span> <span class='ocrx_word' id='word_1_12' title='bbox 734 510 897 572; x_wconf 80' lang='lat' dir='ltr'>deducitur</span> <span class='ocrx_word' id='word_1_13' title='bbox 911 525 1019 586; x_wconf 83' lang='lat' dir='ltr'>agros,</span> 
     </span>
     <span class='ocr_line' id='line_1_4' title="bbox 215 594 988 671; baseline -0.009 -10"><span class='ocrx_word' id='word_1_14' title='bbox 215 638 246 645; x_wconf 76' lang='grc'>-</span> <span class='ocrx_word' id='word_1_15' title='bbox 259 609 293 661; x_wconf 74' lang='lat'>20</span> <span class='ocrx_word' id='word_1_16' title='bbox 348 595 474 656; x_wconf 81' lang='lat' dir='ltr'><strong>Mittitur</strong></span> <span class='ocrx_word' id='word_1_17' title='bbox 487 594 519 655; x_wconf 92' lang='lat' dir='ltr'>in</span> <span class='ocrx_word' id='word_1_18' title='bbox 535 596 632 655; x_wconf 90' lang='lat' dir='ltr'>saltus</span> <span class='ocrx_word' id='word_1_19' title='bbox 648 609 772 655; x_wconf 86' lang='lat' dir='ltr'>carcere</span> <span class='ocrx_word' id='word_1_20' title='bbox 788 594 865 654; x_wconf 87' lang='lat' dir='ltr'>liber</span> <span class='ocrx_word' id='word_1_21' title='bbox 879 611 988 671; x_wconf 80' lang='lat' dir='ltr'>equus</span> 
     </span>
     <span class='ocr_line' id='line_1_5' title="bbox 215 679 1063 756; baseline -0.002 -15"><span class='ocrx_word' id='word_1_22' title='bbox 215 719 247 729; x_wconf 81' lang='lat'>-</span> <span class='ocrx_word' id='word_1_23' title='bbox 305 682 474 755; x_wconf 80' lang='lat' dir='ltr'>Longaque</span> <span class='ocrx_word' id='word_1_24' title='bbox 490 679 673 740; x_wconf 84' lang='lat' dir='ltr'>subductam</span> <span class='ocrx_word' id='word_1_25' title='bbox 688 679 788 738; x_wconf 90' lang='lat' dir='ltr'>celant</span> <span class='ocrx_word' id='word_1_26' title='bbox 802 679 924 740; x_wconf 89' lang='lat' dir='ltr'>navalia</span> <span class='ocrx_word' id='word_1_27' title='bbox 942 679 1063 756; x_wconf 80' lang='lat' dir='ltr'>pinum:</span> 
     </span>
     <span class='ocr_line' id='line_1_6' title="bbox 332 763 989 839; baseline -0.003 -15"><span class='ocrx_word' id='word_1_28' title='bbox 332 766 470 839; x_wconf 84' lang='lat' dir='ltr'>Tutaque</span> <span class='ocrx_word' id='word_1_29' title='bbox 486 763 630 839; x_wconf 86' lang='lat' dir='ltr'>deposito</span> <span class='ocrx_word' id='word_1_30' title='bbox 648 763 785 839; x_wconf 88' lang='lat' dir='ltr'>poscitur</span> <span class='ocrx_word' id='word_1_31' title='bbox 799 778 875 823; x_wconf 90' lang='lat' dir='ltr'>ense</span> <span class='ocrx_word' id='word_1_32' title='bbox 893 764 989 825; x_wconf 90' lang='lat' dir='ltr'>rudis.</span> 
     </span>
     <span class='ocr_line' id='line_1_7' title="bbox 289 847 1164 927; baseline 0.006 -17"><span class='ocrx_word' id='word_1_33' title='bbox 289 851 338 911; x_wconf 87' lang='lat' dir='ltr'>Me</span> <span class='ocrx_word' id='word_1_34' title='bbox 354 864 495 926; x_wconf 84' lang='lat' dir='ltr'>quoque,</span> <span class='ocrx_word' id='word_1_35' title='bbox 518 848 571 923; x_wconf 90' lang='lat' dir='ltr'>qui</span> <span class='ocrx_word' id='word_1_36' title='bbox 586 848 697 910; x_wconf 83' lang='lat' dir='ltr'>totiens</span> <span class='ocrx_word' id='word_1_37' title='bbox 715 847 811 908; x_wconf 91' lang='lat' dir='ltr'>merui</span> <span class='ocrx_word' id='word_1_38' title='bbox 828 847 885 907; x_wconf 90' lang='lat' dir='ltr'>sub</span> <span class='ocrx_word' id='word_1_39' title='bbox 901 863 1006 909; x_wconf 86' lang='lat' dir='ltr'>amore</span> <span class='ocrx_word' id='word_1_40' title='bbox 1021 854 1164 927; x_wconf 88' lang='lat' dir='ltr'>puellae,</span> 
     </span>
     <span class='ocr_line' id='line_1_8' title="bbox 330 933 998 1008; baseline -0.006 -13"><span class='ocrx_word' id='word_1_41' title='bbox 330 934 511 995; x_wconf 77' lang='lat' dir='ltr'>Defunctum</span> <span class='ocrx_word' id='word_1_42' title='bbox 533 933 654 1008; x_wconf 88' lang='lat' dir='ltr'>placide</span> <span class='ocrx_word' id='word_1_43' title='bbox 670 934 774 992; x_wconf 88' lang='lat' dir='ltr'>vivere</span> <span class='ocrx_word' id='word_1_44' title='bbox 788 938 910 1007; x_wconf 90' lang='lat' dir='ltr'>tempus</span> <span class='ocrx_word' id='word_1_45' title='bbox 924 939 998 993; x_wconf 88' lang='lat' dir='ltr'>erat.</span> 
     </span>
     <span class='ocr_line' id='line_1_9' title="bbox 247 1016 1091 1093; baseline 0 -15"><span class='ocrx_word' id='word_1_46' title='bbox 247 1028 280 1079; x_wconf 77' lang='lat'>25</span> <span class='ocrx_word' id='word_1_47' title='bbox 292 1018 396 1078; x_wconf 78' lang='lat' dir='ltr'>‘Vive’</span> <span class='ocrx_word' id='word_1_48' title='bbox 413 1017 492 1078; x_wconf 90' lang='lat' dir='ltr'>deus</span> <span class='ocrx_word' id='word_1_49' title='bbox 506 1017 635 1092; x_wconf 79' lang='lat' dir='ltr'>‘posito’</span> <span class='ocrx_word' id='word_1_50' title='bbox 651 1016 749 1092; x_wconf 90' lang='lat' dir='ltr'>siquis</span> <span class='ocrx_word' id='word_1_51' title='bbox 764 1016 837 1075; x_wconf 93' lang='lat' dir='ltr'>mihi</span> <span class='ocrx_word' id='word_1_52' title='bbox 851 1016 933 1077; x_wconf 86' lang='lat' dir='ltr'>dicat</span> <span class='ocrx_word' id='word_1_53' title='bbox 948 1020 1091 1093; x_wconf 59' lang='lat' dir='ltr'>iamore,</span> 
     </span>
     <span class='ocr_line' id='line_1_10' title="bbox 276 1101 1228 1177; baseline 0.007 -15"><span class='ocrx_word' id='word_1_54' title='bbox 276 1140 283 1153; x_wconf 48' lang='lat'>¹</span> <span class='ocrx_word' id='word_1_55' title='bbox 330 1103 495 1177; x_wconf 81' lang='lat' dir='ltr'>Deprecer.</span> <span class='ocrx_word' id='word_1_56' title='bbox 523 1101 719 1176; x_wconf 86' lang='lat' dir='ltr'>usqueadeo</span> <span class='ocrx_word' id='word_1_57' title='bbox 735 1101 1069 1176; x_wconf 88' lang='lat' dir='ltr'>dulcepuellamalum</span> <span class='ocrx_word' id='word_1_58' title='bbox 1087 1112 1148 1166; x_wconf 85' lang='lat' dir='ltr'>est.</span> <span class='ocrx_word' id='word_1_59' title='bbox 1227 1166 1228 1169; x_wconf 74' lang='grc'>,</span> 
     </span>
     <span class='ocr_line' id='line_1_11' title="bbox 290 1185 1199 1266; baseline 0.006 -19"><span class='ocrx_word' id='word_1_60' title='bbox 290 1186 364 1247; x_wconf 83' lang='lat' dir='ltr'>Cum</span> <span class='ocrx_word' id='word_1_61' title='bbox 380 1186 458 1246; x_wconf 88' lang='lat' dir='ltr'>bene</span> <span class='ocrx_word' id='word_1_62' title='bbox 472 1192 649 1262; x_wconf 74' lang='lat' dir='ltr'>pertaesum</span> <span class='ocrx_word' id='word_1_63' title='bbox 663 1193 725 1258; x_wconf 90' lang='lat' dir='ltr'>est,</span> <span class='ocrx_word' id='word_1_64' title='bbox 748 1185 913 1259; x_wconf 90' lang='lat' dir='ltr'>animoque</span> <span class='ocrx_word' id='word_1_65' title='bbox 926 1186 1079 1261; x_wconf 71' lang='lat' dir='ltr'>relanguit</span> <span class='ocrx_word' id='word_1_66' title='bbox 1094 1190 1199 1266; x_wconf 88' lang='lat' dir='ltr'>ardor,</span> 
     </span>
     <span class='ocr_line' id='line_1_12' title="bbox 330 1268 1018 1344; baseline -0.001 -15"><span class='ocrx_word' id='word_1_67' title='bbox 330 1270 441 1329; x_wconf 87' lang='lat' dir='ltr'>Nescio</span> <span class='ocrx_word' id='word_1_68' title='bbox 455 1285 516 1344; x_wconf 91' lang='lat' dir='ltr'>quo</span> <span class='ocrx_word' id='word_1_69' title='bbox 531 1270 663 1330; x_wconf 83' lang='lat' dir='ltr'>miserae</span> <span class='ocrx_word' id='word_1_70' title='bbox 676 1269 795 1330; x_wconf 84' lang='lat' dir='ltr'>turbine</span> <span class='ocrx_word' id='word_1_71' title='bbox 809 1268 918 1330; x_wconf 79' lang='lat' dir='ltr'>mends</span> <span class='ocrx_word' id='word_1_72' title='bbox 933 1284 1018 1344; x_wconf 83' lang='lat' dir='ltr'>agor.</span> 
     </span>
     <span class='ocr_line' id='line_1_13' title="bbox 289 1353 1134 1430; baseline 0.005 -15"><span class='ocrx_word' id='word_1_73' title='bbox 289 1356 328 1415; x_wconf 94' lang='lat' dir='ltr'>Ut</span> <span class='ocrx_word' id='word_1_74' title='bbox 341 1354 422 1429; x_wconf 86' lang='lat' dir='ltr'>rapit</span> <span class='ocrx_word' id='word_1_75' title='bbox 440 1355 469 1413; x_wconf 92' lang='lat' dir='ltr'>in</span> <span class='ocrx_word' id='word_1_76' title='bbox 485 1369 638 1430; x_wconf 85' lang='lat' dir='ltr'>praeceps</span> <span class='ocrx_word' id='word_1_77' title='bbox 654 1353 810 1414; x_wconf 91' lang='lat' dir='ltr'>dominum</span> <span class='ocrx_word' id='word_1_78' title='bbox 825 1354 1000 1430; x_wconf 75' lang='lat' dir='ltr'>spumantia</span> <span class='ocrx_word' id='word_1_79' title='bbox 1015 1355 1134 1419; x_wconf 83' lang='lat' dir='ltr'>trustra</span> 
     </span>
     <span class='ocr_line' id='line_1_14' title="bbox 246 1437 974 1513; baseline -0.008 -13"><span class='ocrx_word' id='word_1_80' title='bbox 246 1448 281 1500; x_wconf 75' lang='lat' dir='ltr'>ao</span> <span class='ocrx_word' id='word_1_81' title='bbox 332 1438 432 1498; x_wconf 80' lang='lat' dir='ltr'>Frena</span> <span class='ocrx_word' id='word_1_82' title='bbox 446 1445 646 1499; x_wconf 80' lang='lat' dir='ltr'>retentantem</span> <span class='ocrx_word' id='word_1_83' title='bbox 662 1438 767 1500; x_wconf 89' lang='lat' dir='ltr'>durior</span> <span class='ocrx_word' id='word_1_84' title='bbox 782 1437 844 1499; x_wconf 88' lang='lat' dir='ltr'>oris</span> <span class='ocrx_word' id='word_1_85' title='bbox 860 1454 974 1513; x_wconf 77' lang='lat' dir='ltr'>equus=</span> 
     </span>
     <span class='ocr_line' id='line_1_15' title="bbox 289 1522 1103 1598; baseline -0.001 -13"><span class='ocrx_word' id='word_1_86' title='bbox 289 1524 328 1585; x_wconf 91' lang='lat' dir='ltr'>Ut</span> <span class='ocrx_word' id='word_1_87' title='bbox 342 1522 477 1597; x_wconf 90' lang='lat' dir='ltr'>subitus,</span> <span class='ocrx_word' id='word_1_88' title='bbox 502 1538 601 1598; x_wconf 88' lang='lat' dir='ltr'>prope</span> <span class='ocrx_word' id='word_1_89' title='bbox 615 1523 676 1582; x_wconf 85' lang='lat' dir='ltr'>iam</span> <span class='ocrx_word' id='word_1_90' title='bbox 691 1539 805 1598; x_wconf 90' lang='lat' dir='ltr'>prensa</span> <span class='ocrx_word' id='word_1_91' title='bbox 818 1523 939 1594; x_wconf 89' lang='lat' dir='ltr'>tellure,</span> <span class='ocrx_word' id='word_1_92' title='bbox 963 1522 1103 1584; x_wconf 87' lang='lat' dir='ltr'>carinam</span> 
     </span>
     <span class='ocr_line' id='line_1_16' title="bbox 329 1606 997 1683; baseline -0.001 -19"><span class='ocrx_word' id='word_1_93' title='bbox 329 1606 517 1682; x_wconf 84' lang='lat' dir='ltr'>Tangentem</span> <span class='ocrx_word' id='word_1_94' title='bbox 531 1614 639 1683; x_wconf 88' lang='lat' dir='ltr'>portus</span> <span class='ocrx_word' id='word_1_95' title='bbox 654 1614 764 1668; x_wconf 90' lang='lat' dir='ltr'>ventus</span> <span class='ocrx_word' id='word_1_96' title='bbox 779 1607 811 1666; x_wconf 92' lang='lat' dir='ltr'>in</span> <span class='ocrx_word' id='word_1_97' title='bbox 829 1608 890 1668; x_wconf 92' lang='lat' dir='ltr'>alta</span> <span class='ocrx_word' id='word_1_98' title='bbox 904 1607 997 1682; x_wconf 74' lang='lat' dir='ltr'>rapit:</span> 
     </span>
     <span class='ocr_line' id='line_1_17' title="bbox 288 1690 1019 1768; baseline -0.003 -16"><span class='ocrx_word' id='word_1_99' title='bbox 288 1691 339 1752; x_wconf 88' lang='lat' dir='ltr'>Sic</span> <span class='ocrx_word' id='word_1_100' title='bbox 354 1707 402 1750; x_wconf 92' lang='lat' dir='ltr'>me</span> <span class='ocrx_word' id='word_1_101' title='bbox 418 1706 513 1768; x_wconf 81' lang='lat' dir='ltr'>saepe</span> <span class='ocrx_word' id='word_1_102' title='bbox 526 1692 620 1752; x_wconf 79' lang='lat' dir='ltr'>refert</span> <span class='ocrx_word' id='word_1_103' title='bbox 632 1690 749 1752; x_wconf 87' lang='lat' dir='ltr'>incerta</span> <span class='ocrx_word' id='word_1_104' title='bbox 763 1691 916 1766; x_wconf 83' lang='lat' dir='ltr'>cupidinis</span> <span class='ocrx_word' id='word_1_105' title='bbox 932 1707 1019 1766; x_wconf 88' lang='lat' dir='ltr'>aura,</span> 
     </span>
     <span class='ocr_line' id='line_1_18' title="bbox 329 1773 996 1852; baseline -0.001 -18"><span class='ocrx_word' id='word_1_106' title='bbox 329 1776 469 1849; x_wconf 85' lang='lat' dir='ltr'>Notaque</span> <span class='ocrx_word' id='word_1_107' title='bbox 485 1790 659 1852; x_wconf 87' lang='lat' dir='ltr'>purpureus</span> <span class='ocrx_word' id='word_1_108' title='bbox 673 1778 733 1836; x_wconf 88' lang='lat' dir='ltr'>tela</span> <span class='ocrx_word' id='word_1_109' title='bbox 747 1773 876 1836; x_wconf 88' lang='lat' dir='ltr'>resumit</span> <span class='ocrx_word' id='word_1_110' title='bbox 892 1776 996 1835; x_wconf 86' lang='lat' dir='ltr'>Amor.</span> 
     </span>
     <span class='ocr_line' id='line_1_19' title="bbox 244 1859 1105 1936; baseline 0 -15"><span class='ocrx_word' id='word_1_111' title='bbox 244 1867 279 1921; x_wconf 76' lang='lat'>³5</span> <span class='ocrx_word' id='word_1_112' title='bbox 290 1859 377 1935; x_wconf 84' lang='lat' dir='ltr'>Fige,</span> <span class='ocrx_word' id='word_1_113' title='bbox 399 1874 484 1935; x_wconf 89' lang='lat' dir='ltr'>puer</span> <span class='ocrx_word' id='word_1_114' title='bbox 514 1860 625 1936; x_wconf 91' lang='lat' dir='ltr'>positis</span> <span class='ocrx_word' id='word_1_115' title='bbox 640 1860 741 1921; x_wconf 87' lang='lat' dir='ltr'>nudas</span> <span class='ocrx_word' id='word_1_116' title='bbox 755 1859 810 1920; x_wconf 92' lang='lat' dir='ltr'>tibi</span> <span class='ocrx_word' id='word_1_117' title='bbox 825 1859 977 1935; x_wconf 84' lang='lat' dir='ltr'>praebeor</span> <span class='ocrx_word' id='word_1_118' title='bbox 991 1861 1105 1921; x_wconf 85' lang='lat' dir='ltr'>armis·</span> 
     </span>
     <span class='ocr_line' id='line_1_20' title="bbox 329 1942 1232 2005; baseline -0.002 -1"><span class='ocrx_word' id='word_1_119' title='bbox 329 1943 386 2004; x_wconf 90' lang='lat' dir='ltr'>Hic</span> <span class='ocrx_word' id='word_1_120' title='bbox 399 1944 452 2005; x_wconf 91' lang='lat' dir='ltr'>tibi</span> <span class='ocrx_word' id='word_1_121' title='bbox 468 1951 539 2005; x_wconf 92' lang='lat' dir='ltr'>sunt</span> <span class='ocrx_word' id='word_1_122' title='bbox 554 1944 646 2005; x_wconf 89' lang='lat' dir='ltr'>vires</span> <span class='ocrx_word' id='word_1_123' title='bbox 675 1944 726 2004; x_wconf 86' lang='lat' dir='ltr'>hic</span> <span class='ocrx_word' id='word_1_124' title='bbox 740 1951 793 2005; x_wconf 89' lang='lat' dir='ltr'>tua</span> <span class='ocrx_word' id='word_1_125' title='bbox 807 1945 915 2004; x_wconf 90' lang='lat' dir='ltr'>dextra</span> <span class='ocrx_word' id='word_1_126' title='bbox 930 1942 1011 2003; x_wconf 86' lang='lat' dir='ltr'>iacit.</span> <span class='ocrx_word' id='word_1_127' title='bbox 1226 1992 1232 1999; x_wconf 68' lang='grc'><strong><em>,</em></strong></span> 
     </span>
     <span class='ocr_line' id='line_1_21' title="bbox 287 2028 1230 2120; baseline 0.009 -32"><span class='ocrx_word' id='word_1_128' title='bbox 287 2029 369 2102; x_wconf 88' lang='lat' dir='ltr'>Huc,</span> <span class='ocrx_word' id='word_1_129' title='bbox 391 2036 548 2105; x_wconf 86' lang='lat' dir='ltr'>tamquam</span> <span class='ocrx_word' id='word_1_130' title='bbox 563 2030 684 2102; x_wconf 85' lang='lat' dir='ltr'>iussae,</span> <span class='ocrx_word' id='word_1_131' title='bbox 707 2028 854 2089; x_wconf 85' lang='lat' dir='ltr'>veniunt</span> <span class='ocrx_word' id='word_1_132' title='bbox 846 2043 906 2088; x_wconf 86' lang='lat' dir='ltr'>ram</span> <span class='ocrx_word' id='word_1_133' title='bbox 921 2033 1033 2103; x_wconf 92' lang='lat' dir='ltr'>sponte</span> <span class='ocrx_word' id='word_1_134' title='bbox 1048 2033 1230 2120; x_wconf 85' lang='lat' dir='ltr'>sagittae</span> 
     </span>
     <span class='ocr_line' id='line_1_22' title="bbox 330 2112 1005 2189; baseline 0.001 -19"><span class='ocrx_word' id='word_1_135' title='bbox 330 2113 391 2171; x_wconf 85' lang='lat' dir='ltr'>Vix</span> <span class='ocrx_word' id='word_1_136' title='bbox 403 2113 462 2172; x_wconf 93' lang='lat' dir='ltr'>illis</span> <span class='ocrx_word' id='word_1_137' title='bbox 478 2130 552 2189; x_wconf 88' lang='lat' dir='ltr'>prae</span> <span class='ocrx_word' id='word_1_138' title='bbox 567 2128 616 2172; x_wconf 92' lang='lat' dir='ltr'>me</span> <span class='ocrx_word' id='word_1_139' title='bbox 632 2119 705 2173; x_wconf 88' lang='lat' dir='ltr'>ncta</span> <span class='ocrx_word' id='word_1_140' title='bbox 718 2112 861 2187; x_wconf 88' lang='lat' dir='ltr'>pharetra</span> <span class='ocrx_word' id='word_1_141' title='bbox 876 2128 933 2173; x_wconf 90' lang='lat' dir='ltr'>sua</span> <span class='ocrx_word' id='word_1_142' title='bbox 949 2120 1005 2171; x_wconf 85' lang='lat' dir='ltr'>est.</span> 
     </span>
     <span class='ocr_line' id='line_1_23' title="bbox 287 2195 980 2273; baseline 0 -18"><span class='ocrx_word' id='word_1_143' title='bbox 287 2195 411 2269; x_wconf 86' lang='lat' dir='ltr'>lnlelix,</span> <span class='ocrx_word' id='word_1_144' title='bbox 430 2204 493 2258; x_wconf 88' lang='lat' dir='ltr'>tota</span> <span class='ocrx_word' id='word_1_145' title='bbox 508 2197 696 2273; x_wconf 80' lang='lat' dir='ltr'>quicumque</span> <span class='ocrx_word' id='word_1_146' title='bbox 711 2197 873 2272; x_wconf 87' lang='lat' dir='ltr'>quiescere</span> <span class='ocrx_word' id='word_1_147' title='bbox 890 2204 980 2256; x_wconf 88' lang='lat' dir='ltr'>nocte</span> 
     </span>
     <span class='ocr_line' id='line_1_24' title="bbox 244 2279 1069 2377; baseline 0.003 -36.242"><span class='ocrx_word' id='word_1_148' title='bbox 244 2279 483 2354; x_wconf 78' lang='lat' dir='ltr'>tcSustinet‚</span> <span class='ocrx_word' id='word_1_149' title='bbox 507 2288 536 2341; x_wconf 90' lang='lat' dir='ltr'>et</span> <span class='ocrx_word' id='word_1_150' title='bbox 551 2296 679 2342; x_wconf 90' lang='lat' dir='ltr'>somnos</span> <span class='ocrx_word' id='word_1_151' title='bbox 693 2282 829 2358; x_wconf 86' lang='lat' dir='ltr'>praemia</span> <span class='ocrx_word' id='word_1_152' title='bbox 843 2296 954 2377; x_wconf 83' lang='lat' dir='ltr'>magna</span> <span class='ocrx_word' id='word_1_153' title='bbox 969 2290 1069 2343; x_wconf 88' lang='lat' dir='ltr'>vocal</span> 
     </span>
     <span class='ocr_line' id='line_1_25' title="bbox 244 2288 1229 2447; baseline 0.007 -22.284"><span class='ocrx_word' id='word_1_154' title='bbox 244 2288 396 2438; x_wconf 59' lang='lat' dir='ltr'>4⁰,Stulte</span> <span class='ocrx_word' id='word_1_155' title='bbox 422 2365 495 2441; x_wconf 93' lang='lat' dir='ltr'>quid</span> <span class='ocrx_word' id='word_1_156' title='bbox 510 2373 558 2426; x_wconf 91' lang='lat' dir='ltr'>est</span> <span class='ocrx_word' id='word_1_157' title='bbox 571 2378 714 2440; x_wconf 87' lang='lat' dir='ltr'>somnus,</span> <span class='ocrx_word' id='word_1_158' title='bbox 735 2365 856 2441; x_wconf 85' lang='lat' dir='ltr'>gelidae</span> <span class='ocrx_word' id='word_1_159' title='bbox 870 2364 929 2424; x_wconf 90' lang='lat' dir='ltr'>nisi</span> <span class='ocrx_word' id='word_1_160' title='bbox 944 2365 1071 2425; x_wconf 90' lang='lat' dir='ltr'>mortis</span> <span class='ocrx_word' id='word_1_161' title='bbox 1064 2378 1229 2447; x_wconf 71' lang='lat' dir='ltr'>imago?</span> 
     </span>
     <span class='ocr_line' id='line_1_26' title="bbox 328 2421 1233 2535; baseline -0.001 -27"><span class='ocrx_word' id='word_1_162' title='bbox 328 2449 434 2523; x_wconf 88' lang='lat' dir='ltr'>Longa</span> <span class='ocrx_word' id='word_1_163' title='bbox 449 2451 631 2524; x_wconf 88' lang='lat' dir='ltr'>quiescendi</span> <span class='ocrx_word' id='word_1_164' title='bbox 645 2459 786 2526; x_wconf 89' lang='lat' dir='ltr'>tempora</span> <span class='ocrx_word' id='word_1_165' title='bbox 799 2451 861 2509; x_wconf 88' lang='lat' dir='ltr'>iata</span> <span class='ocrx_word' id='word_1_166' title='bbox 875 2448 1000 2508; x_wconf 86' lang='lat' dir='ltr'>dabunt.</span> <span class='ocrx_word' id='word_1_167' title='bbox 1214 2421 1233 2535; x_wconf 61' lang='lat' dir='ltr'>f}</span> 
     </span>
     <span class='ocr_line' id='line_1_27' title="bbox 285 2532 1005 2610; baseline -0.001 -18"><span class='ocrx_word' id='word_1_168' title='bbox 285 2533 335 2592; x_wconf 87' lang='lat' dir='ltr'>Me</span> <span class='ocrx_word' id='word_1_169' title='bbox 350 2533 443 2593; x_wconf 90' lang='lat' dir='ltr'>modo</span> <span class='ocrx_word' id='word_1_170' title='bbox 459 2535 614 2610; x_wconf 90' lang='lat' dir='ltr'>decipiant</span> <span class='ocrx_word' id='word_1_171' title='bbox 629 2550 724 2596; x_wconf 89' lang='lat' dir='ltr'>voces</span> <span class='ocrx_word' id='word_1_172' title='bbox 740 2534 858 2594; x_wconf 81' lang='lat' dir='ltr'>fallacis</span> <span class='ocrx_word' id='word_1_173' title='bbox 873 2532 1005 2608; x_wconf 83' lang='lat' dir='ltr'>amicae,</span> 
     </span>
     <span class='ocr_line' id='line_1_28' title="bbox 328 2616 967 2694; baseline -0.003 -18"><span class='ocrx_word' id='word_1_174' title='bbox 328 2616 489 2693; x_wconf 88' lang='lat' dir='ltr'>Sperando</span> <span class='ocrx_word' id='word_1_175' title='bbox 507 2626 589 2679; x_wconf 89' lang='lat' dir='ltr'>certe</span> <span class='ocrx_word' id='word_1_176' title='bbox 603 2618 716 2694; x_wconf 89' lang='lat' dir='ltr'>gaudia</span> <span class='ocrx_word' id='word_1_177' title='bbox 730 2633 841 2693; x_wconf 89' lang='lat' dir='ltr'>magna</span> <span class='ocrx_word' id='word_1_178' title='bbox 856 2619 967 2678; x_wconf 86' lang='lat' dir='ltr'>ieram.</span> 
     </span>
     <span class='ocr_line' id='line_1_29' title="bbox 243 2701 1076 2778; baseline -0.001 -16"><span class='ocrx_word' id='word_1_179' title='bbox 243 2708 278 2763; x_wconf 78' lang='lat' dir='ltr'>to</span> <span class='ocrx_word' id='word_1_180' title='bbox 289 2701 326 2762; x_wconf 85' lang='lat' dir='ltr'>Et</span> <span class='ocrx_word' id='word_1_181' title='bbox 340 2703 432 2761; x_wconf 91' lang='lat' dir='ltr'>modo</span> <span class='ocrx_word' id='word_1_182' title='bbox 449 2701 611 2764; x_wconf 88' lang='lat' dir='ltr'>blanditias</span> <span class='ocrx_word' id='word_1_183' title='bbox 627 2701 723 2777; x_wconf 84' lang='lat' dir='ltr'>dicat,</span> <span class='ocrx_word' id='word_1_184' title='bbox 743 2702 837 2763; x_wconf 92' lang='lat' dir='ltr'>modo</span> <span class='ocrx_word' id='word_1_185' title='bbox 849 2702 947 2777; x_wconf 90' lang='lat' dir='ltr'>iurgia</span> <span class='ocrx_word' id='word_1_186' title='bbox 961 2707 1076 2778; x_wconf 87' lang='lat' dir='ltr'>nectat,</span> 
     </span>
     <span class='ocr_line' id='line_1_30' title="bbox 329 2784 1226 2884; baseline 0 -39"><span class='ocrx_word' id='word_1_187' title='bbox 329 2784 459 2861; x_wconf 88' lang='lat' dir='ltr'>Saepel</span> <span class='ocrx_word' id='word_1_188' title='bbox 458 2803 528 2847; x_wconf 86' lang='lat' dir='ltr'>ruar</span> <span class='ocrx_word' id='word_1_189' title='bbox 543 2788 680 2862; x_wconf 89' lang='lat' dir='ltr'>domina,</span> <span class='ocrx_word' id='word_1_190' title='bbox 703 2802 799 2863; x_wconf 88' lang='lat' dir='ltr'>saepe</span> <span class='ocrx_word' id='word_1_191' title='bbox 813 2788 956 2884; x_wconf 81' lang='lat' dir='ltr'>repulsus</span> <span class='ocrx_word' id='word_1_192' title='bbox 971 2801 1050 2846; x_wconf 87' lang='lat' dir='ltr'>eam</span> <span class='ocrx_word' id='word_1_193' title='bbox 1217 2853 1226 2869; x_wconf 18' lang='grc' dir='ltr'>,ι</span> 
     </span>
     <span class='ocr_line' id='line_1_31' title="bbox 287 2869 1228 2949; baseline 0.011 -20"><span class='ocrx_word' id='word_1_194' title='bbox 287 2869 374 2944; x_wconf 78' lang='lat' dir='ltr'>Quod</span> <span class='ocrx_word' id='word_1_195' title='bbox 390 2869 501 2931; x_wconf 90' lang='lat' dir='ltr'>dubius</span> <span class='ocrx_word' id='word_1_196' title='bbox 517 2872 601 2932; x_wconf 88' lang='lat' dir='ltr'>Mars</span> <span class='ocrx_word' id='word_1_197' title='bbox 625 2878 686 2943; x_wconf 90' lang='lat' dir='ltr'>est,</span> <span class='ocrx_word' id='word_1_198' title='bbox 711 2887 767 2947; x_wconf 89' lang='lat' dir='ltr'>per</span> <span class='ocrx_word' id='word_1_199' title='bbox 787 2879 832 2946; x_wconf 87' lang='lat' dir='ltr'>te,</span> <span class='ocrx_word' id='word_1_200' title='bbox 856 2870 994 2946; x_wconf 86' lang='lat' dir='ltr'>privigne</span> <span class='ocrx_word' id='word_1_201' title='bbox 1010 2869 1154 2949; x_wconf 82' lang='lat' dir='ltr'>cupido,</span> <span class='ocrx_word' id='word_1_202' title='bbox 1177 2884 1228 2949; x_wconf 62' lang='lat' dir='ltr'>ee?</span> 
     </span>
     <span class='ocr_line' id='line_1_32' title="bbox 327 2936 1233 3031; baseline 0.001 -17"><span class='ocrx_word' id='word_1_203' title='bbox 327 2954 366 3015; x_wconf 85' lang='lat' dir='ltr'>Et</span> <span class='ocrx_word' id='word_1_204' title='bbox 379 2963 483 3015; x_wconf 89' lang='lat' dir='ltr'>movet</span> <span class='ocrx_word' id='word_1_205' title='bbox 497 2956 640 3031; x_wconf 85' lang='lat' dir='ltr'>exemplo</span> <span class='ocrx_word' id='word_1_206' title='bbox 655 2956 780 3015; x_wconf 87' lang='lat' dir='ltr'>vitricus</span> <span class='ocrx_word' id='word_1_207' title='bbox 796 2971 882 3015; x_wconf 86' lang='lat' dir='ltr'>arma</span> <span class='ocrx_word' id='word_1_208' title='bbox 895 2963 958 3015; x_wconf 88' lang='lat' dir='ltr'>tuo</span> <span class='ocrx_word' id='word_1_209' title='bbox 1213 2936 1233 2989; x_wconf 96' lang='grc'><strong>8</strong></span> 
     </span>
     <span class='ocr_line' id='line_1_33' title="bbox 284 3037 981 3115; baseline 0.006 -20"><span class='ocrx_word' id='word_1_210' title='bbox 284 3037 330 3099; x_wconf 87' lang='lat' dir='ltr'>Tu</span> <span class='ocrx_word' id='word_1_211' title='bbox 344 3039 422 3099; x_wconf 88' lang='lat' dir='ltr'>levis</span> <span class='ocrx_word' id='word_1_212' title='bbox 438 3054 472 3099; x_wconf 88' lang='lat' dir='ltr'>es</span> <span class='ocrx_word' id='word_1_213' title='bbox 488 3041 645 3115; x_wconf 90' lang='lat' dir='ltr'>multoque</span> <span class='ocrx_word' id='word_1_214' title='bbox 660 3041 720 3101; x_wconf 91' lang='lat' dir='ltr'>tuis</span> <span class='ocrx_word' id='word_1_215' title='bbox 737 3038 894 3100; x_wconf 89' lang='lat' dir='ltr'>ventosior</span> <span class='ocrx_word' id='word_1_216' title='bbox 908 3041 981 3113; x_wconf 84' lang='lat' dir='ltr'>alis,</span> 
     </span>
     <span class='ocr_line' id='line_1_34' title="bbox 243 3124 1216 3201; baseline 0.001 -16"><span class='ocrx_word' id='word_1_217' title='bbox 243 3131 278 3185; x_wconf 82' lang='lat'>50</span> <span class='ocrx_word' id='word_1_218' title='bbox 333 3124 511 3198; x_wconf 88' lang='lat' dir='ltr'>Gaudiaque</span> <span class='ocrx_word' id='word_1_219' title='bbox 526 3124 669 3200; x_wconf 87' lang='lat' dir='ltr'>ambigua</span> <span class='ocrx_word' id='word_1_220' title='bbox 683 3125 803 3200; x_wconf 88' lang='lat' dir='ltr'>dasque</span> <span class='ocrx_word' id='word_1_221' title='bbox 819 3139 978 3201; x_wconf 80' lang='lat' dir='ltr'>negasque</span> <span class='ocrx_word' id='word_1_222' title='bbox 992 3124 1065 3186; x_wconf 88' lang='lat' dir='ltr'>ilde.</span> <span class='ocrx_word' id='word_1_223' title='bbox 1215 3194 1216 3200; x_wconf 7' lang='grc' dir='ltr'>ἵ</span> 
     </span>
     <span class='ocr_line' id='line_1_35' title="bbox 287 3202 1234 3289; baseline 0.007 -24"><span class='ocrx_word' id='word_1_224' title='bbox 287 3204 319 3266; x_wconf 82' lang='grc' dir='ltr'><strong>8ἰ</strong></span> <span class='ocrx_word' id='word_1_225' title='bbox 334 3215 434 3267; x_wconf 86' lang='lat' dir='ltr'>tamen</span> <span class='ocrx_word' id='word_1_226' title='bbox 450 3208 579 3268; x_wconf 87' lang='lat' dir='ltr'>exaudis</span> <span class='ocrx_word' id='word_1_227' title='bbox 603 3210 732 3284; x_wconf 88' lang='lat' dir='ltr'>pulchra</span> <span class='ocrx_word' id='word_1_228' title='bbox 747 3224 815 3269; x_wconf 90' lang='lat' dir='ltr'>cum</span> <span class='ocrx_word' id='word_1_229' title='bbox 832 3214 927 3268; x_wconf 86' lang='lat' dir='ltr'>matre</span> <span class='ocrx_word' id='word_1_230' title='bbox 947 3216 1127 3289; x_wconf 86' lang='lat' dir='ltr'>rogantem,</span> <span class='ocrx_word' id='word_1_231' title='bbox 1214 3202 1234 3250; x_wconf 78' lang='grc'><strong>8</strong></span> 
     </span>
     <span class='ocr_line' id='line_1_36' title="bbox 328 3280 1222 3369; baseline 0.007 -21"><span class='ocrx_word' id='word_1_232' title='bbox 328 3290 487 3352; x_wconf 87' lang='lat' dir='ltr'>Indeserta</span> <span class='ocrx_word' id='word_1_233' title='bbox 501 3308 570 3354; x_wconf 89' lang='lat' dir='ltr'>meo</span> <span class='ocrx_word' id='word_1_234' title='bbox 587 3300 713 3368; x_wconf 88' lang='lat' dir='ltr'>pectore</span> <span class='ocrx_word' id='word_1_235' title='bbox 728 3308 918 3369; x_wconf 83' lang='lat' dir='ltr'>regnsgere.</span> <span class='ocrx_word' id='word_1_236' title='bbox 987 3350 989 3354; x_wconf 81' lang='grc'>,</span> <span class='ocrx_word' id='word_1_237' title='bbox 1212 3280 1222 3322; x_wconf 62' lang='grc'><strong>8</strong></span> 
     </span>
     <span class='ocr_line' id='line_1_37' title="bbox 286 3375 1082 3454; baseline 0.009 -21"><span class='ocrx_word' id='word_1_238' title='bbox 286 3375 444 3438; x_wconf 83' lang='lat' dir='ltr'>Accedant</span> <span class='ocrx_word' id='word_1_239' title='bbox 457 3392 567 3452; x_wconf 89' lang='lat' dir='ltr'>regno,</span> <span class='ocrx_word' id='word_1_240' title='bbox 591 3378 715 3439; x_wconf 90' lang='lat' dir='ltr'>nimium</span> <span class='ocrx_word' id='word_1_241' title='bbox 730 3394 812 3454; x_wconf 89' lang='lat' dir='ltr'>vaga</span> <span class='ocrx_word' id='word_1_242' title='bbox 824 3376 927 3452; x_wconf 86' lang='lat' dir='ltr'>turba,</span> <span class='ocrx_word' id='word_1_243' title='bbox 951 3377 1082 3453; x_wconf 88' lang='lat' dir='ltr'>puellae.</span> 
     </span>
     <span class='ocr_line' id='line_1_38' title="bbox 328 3458 986 3538; baseline 0.008 -21"><span class='ocrx_word' id='word_1_244' title='bbox 328 3458 486 3521; x_wconf 79' lang='lat' dir='ltr'>Ambobus</span> <span class='ocrx_word' id='word_1_245' title='bbox 503 3462 627 3538; x_wconf 87' lang='lat' dir='ltr'>populis</span> <span class='ocrx_word' id='word_1_246' title='bbox 643 3463 689 3524; x_wconf 87' lang='lat' dir='ltr'>sic</span> <span class='ocrx_word' id='word_1_247' title='bbox 704 3461 899 3524; x_wconf 89' lang='lat' dir='ltr'>venerandus</span> <span class='ocrx_word' id='word_1_248' title='bbox 916 3462 986 3522; x_wconf 87' lang='lat' dir='ltr'>eris.</span> 
     </span>
    </p>
   </div>
   <div class='ocr_carea' id='block_1_3' title="bbox 607 3572 811 3584">
    <p class='ocr_par' dir='ltr' id='par_1_3' title="bbox 607 3572 811 3584">
     <span class='ocr_line' id='line_1_39' title="bbox 607 3572 811 3584; baseline -0.015 0"><span class='ocrx_word' id='word_1_249' title='bbox 607 3572 811 3584; x_wconf 62' lang='lat' dir='ltr'>m—</span> 
     </span>
    </p>
   </div>
   <div class='ocr_carea' id='block_1_4' title="bbox 0 0 1238 4042">
    <p class='ocr_par' dir='ltr' id='par_1_4' title="bbox 0 0 1238 4042">
     <span class='ocr_line' id='line_1_40' title="bbox 0 0 1238 4042; baseline 0 1"><span class='ocrx_word' id='word_1_250' title='bbox 0 0 1238 4042; x_wconf 95' lang='lat' dir='ltr'> </span> 
     </span>
    </p>
   </div>
  </div>
 </body>
</html>
