2467 4042
441 253 476 305 11.
497 255 645 306 aon-775.

58 429 113 479 740
173 416 331 478 inveniunt
353 419 450 496 posito
474 415 648 495 pervigilare
672 434 773 477 rnero.

129 504 199 566 lnde
223 509 282 567 cito
306 523 396 585 passu
419 509 531 584 petitur
554 504 710 565 Lucretia:
743 503 849 584 nebat,

173 598 248 654 Ante
272 605 370 655 torum
395 594 499 653 calathi
525 592 648 671 lanaque
671 591 767 652 mollis
791 602 871 653 erat.

129 681 241 742 Lumen
265 682 301 743 ad
325 684 463 760 exiguum
487 681 611 741 famulae
636 681 702 741 data
725 698 816 760 pensa
839 678 1013 741 trahebant:

174 769 255 830 luter
279 788 352 850 quas
376 772 459 830 tenui
483 772 525 829 sic
549 771 590 830 ait
612 771 676 847 ipsa
701 787 791 831 sono:

62 871 115 920 745
132 854 289 919 ‘Mittenda
312 869 358 919 est
381 857 499 918 domino
522 890 557 900 -
580 875 661 918 nunc
674 905 683 939 ,
706 875 786 917 nunc
809 866 982 937 properate,

678 945 811 1024 puellae!
836 945 875 988 -'

175 1034 397 1114 Quamprimum
422 1043 522 1095 nostra
545 1035 622 1095 sacta
644 1033 762 1094 lacerna
786 1052 891 1094 manu.

130 1122 206 1193 Quid
231 1135 329 1185 tamen
353 1120 492 1184 auditis?
523 1141 590 1182 narn
614 1122 699 1202 plura
723 1123 825 1184 audire
848 1123 988 1201 potestis:

175 1212 323 1283 Quantum
348 1212 384 1273 de
408 1210 485 1272 bello
509 1212 618 1272 dicitur
642 1229 708 1272 5555
731 1207 848 1291 super?

132 1299 291 1361 Postmodo
316 1304 391 1361 victa
415 1299 524 1361 cades!
556 1300 751 1380 melioribus,
774 1298 891 1375 Ardea,
915 1296 1027 1359 restas!

64 1402 118 1450 755
177 1387 326 1467 Inproba,
349 1405 425 1466 quae
448 1397 567 1447 nostros
590 1390 672 1465 cogis
695 1386 799 1447 abesse
822 1390 918 1447 viros.

133 1476 199 1536 Sint
221 1484 336 1536 tantum
359 1474 507 1536 reduces!
540 1474 591 1535 sed
616 1477 694 1535 enim
718 1478 893 1535 temerarius
916 1474 965 1535 ille

114 1589 116 1595 ·
177 1561 231 1624 Est
253 1582 338 1623 meus
351 1612 360 1644 ,
383 1572 414 1624 et
436 1564 541 1623 stricto
566 1561 698 1641 quolibet
721 1581 791 1623 ense
815 1565 892 1623 ruit.

131 1651 216 1713 llens
239 1651 300 1712 abit
322 1661 353 1711 et
376 1653 509 1731 morior,
533 1654 670 1730 quotiens
693 1653 853 1731 pugnantis
876 1654 970 1730 imago

176 1740 222 1800 1115
247 1738 348 1821 subit,
372 1751 403 1802 et
425 1738 554 1819 gelidum
578 1748 698 1819 pectora
721 1740 816 1819 frigus
839 1733 961 1800 habet.'

66 1842 119 1892 755
134 1827 249 1889 Desinit
271 1831 302 1888 in
324 1825 483 1908 lacrimas,
506 1831 678 1907 intentaque
702 1827 748 1889 fila
772 1830 914 1909 remittit,

178 1916 211 1978 ln
234 1919 347 1995 gremio
371 1917 482 1978 voltum
506 1917 702 1996 deposuitque
726 1935 831 1978 suum,

76 2037 97 2069 x
134 2004 198 2066 Hoc
220 2008 317 2084 ipsum
342 2006 464 2067 decuit:
497 2005 634 2066 lacrimae
657 2004 784 2066 decuere
808 2004 950 2084 pudicae,

177 2093 216 2155 Et
238 2095 329 2156 iacies
351 2097 448 2155 animo
472 2093 618 2174 dignaque
642 2111 754 2173 parque
777 2094 850 2155 luit.

133 2177 230 2243 ‘Pone
253 2192 387 2262 metum,
410 2184 496 2242 venio
510 2177 534 2243 l’
567 2184 696 2243 coniunx
720 2185 781 2243 ait.
821 2181 870 2243 illa
893 2181 1016 2259 revixit,

69 2284 122 2333 750
181 2271 283 2351 Deque
305 2273 361 2331 viri
385 2269 459 2331 collo
484 2270 569 2332 dulce
592 2271 733 2350 pependit
756 2288 849 2332 onus.
1081 2260 1085 2271 ’

134 2358 251 2421 Interea
273 2361 388 2419 iuvenis
412 2360 535 2419 furiatos
558 2360 659 2437 regius
681 2361 758 2437 ignis

179 2447 337 2526 Concipit,
360 2457 391 2508 et
413 2466 500 2508 caeco
524 2458 627 2527 raptus
649 2465 749 2508 amore
772 2447 863 2509 furit.

135 2537 240 2598 Forma
264 2535 382 2617 placet,
405 2538 568 2615 niveusque
591 2535 695 2616 color,
718 2536 844 2617 flavique
867 2534 981 2616 capilli,

180 2625 296 2705 Quique
321 2624 421 2685 aderat
444 2624 523 2684 nulla
546 2625 642 2685 lactus
665 2623 701 2686 ab
725 2634 787 2686 arte
811 2623 919 2688 decor:

71 2726 121 2776 755
135 2713 229 2776 Verba
252 2712 370 2792 placent
393 2723 423 2773 et
446 2731 522 2794 ron,
545 2723 575 2773 et
593 2712 672 2792 qnod
696 2730 889 2794 corrumpere
913 2729 972 2774 non
991 2708 1054 2790 est}

178 2803 303 2882 Quoque
327 2804 423 2862 minor
446 2820 514 2881 spes
537 2813 604 2882 est,
628 2801 684 2863 hoc
708 2805 800 2882 magis
823 2802 871 2863 1115
895 2805 993 2882 cupit.

134 2892 193 2953 lam
218 2891 340 2952 dederat
362 2900 466 2952 cantus
489 2890 565 2951 lucis
588 2895 783 2970 praenuntius
806 2890 884 2969 ales,

179 2979 253 3041 Cum
276 2981 411 3040 referunt
434 2983 556 3040 iuvenes
579 2982 609 3040 in
634 2999 686 3040 sua
710 2990 805 3041 castra
830 2980 951 3058 pedem.

136 3067 273 3145 Carpitur
297 3070 438 3128 attonitos
461 3067 591 3128 absentis
614 3070 741 3145 imagine
765 3085 872 3127 sensus

72 3166 122 3217 770
180 3153 252 3215 1115.
295 3155 462 3214 recordanti
486 3155 571 3232 plura
594 3158 745 3232 magisque
768 3154 903 3232 placent.

136 3243 185 3303 Sic
209 3242 308 3322 sedit,
330 3245 373 3302 515
397 3242 475 3302 culta
499 3243 577 3319 suit,
600 3245 643 3301 515
668 3244 791 3302 stamina
814 3243 911 3321 nevit,

179 3331 336 3410 Neglectae
360 3328 434 3390 collo
459 3333 501 3391 515
524 3331 643 3390 iacuere
666 3348 785 3410 comae,

135 3420 196 3482 llos
219 3419 322 3481 habuit
346 3419 441 3480 voltus
454 3467 463 3500 ,
486 3418 559 3478 haec
583 3418 625 3477 illi
648 3415 736 3478 verba
760 3419 899 3497 luerunt,

179 3508 233 3570 1115
257 3509 360 3588 color,
384 3508 455 3568 haec
479 3509 569 3568 iacies
581 3555 591 3587 ,
614 3507 662 3567 hio
686 3506 775 3567 decor
798 3509 859 3567 oris
883 3514 963 3566 erat.

72 3612 121 3662 775
136 3598 173 3661 Ut
195 3598 271 3660 solet
293 3618 309 3659 a
333 3615 438 3678 magno
461 3598 570 3659 fluctus
594 3595 786 3676 languescere
808 3597 897 3678 flatu,
