2467 4042
334 246 465 313 288
645 265 982 302 notrannus
1161 244 1484 301 METAMM
1503 287 1517 302 .

378 425 481 477 205
512 413 824 494 Temporis
867 412 1027 474 illius
1051 459 1070 495 ,
1117 430 1236 493 quo
1282 411 1403 474 vidi
1445 410 1584 473 bina
1628 431 1902 475 meorum

509 503 628 564 Ter
674 509 883 581 quater
929 501 1110 580 affligi
1155 503 1454 563 sociorum
1499 517 1749 582 corpora
1792 510 1993 564 terrae
2011 549 2027 563 .

512 589 690 669 [Cum
735 607 918 670 super
961 591 1088 670 ipse
1134 590 1335 651 iacens
1378 589 1596 651 hirsuti
1641 608 1804 652 more
1851 590 2043 652 leonis

509 677 867 756 Visceraque
913 685 975 739 et
1021 696 1230 740 carnes
1277 694 1532 758 cumque
1579 677 1725 739 albis
1771 696 1907 740 ossa
1952 678 2256 740 medullis

511 765 1018 846 Semianimesque
1063 773 1229 828 artus
1277 765 1504 827 avidam
1548 765 1841 828 condebat
1882 768 1946 827 in
1991 765 2212 828 alvum
2228 815 2244 828 .

377 866 481 918 210
509 854 599 917 Me
646 863 873 917 tremor
917 856 1132 916 invasit
1158 901 1172 916 .
1229 853 1458 916 stabam
1502 856 1630 916 sine
1678 855 1962 934 sanguine
2009 864 2311 917 maestus
2330 877 2352 919 ε

507 942 1000 1023 Mandantemque
1045 943 1252 1006 videns
1299 945 1769 1023 eiectantemque
1816 952 2098 1005 cruentas

509 1031 629 1094 Ore
676 1030 857 1113 dapes
883 1079 902 1115 ,
940 1038 1002 1093 et
1045 1032 1239 1094 stusta
1284 1049 1449 1092 mero
1496 1031 1816 1112 glomerata
1858 1040 2223 1093 vomentem
2244 1031 2296 1112 .]

507 1120 669 1183 Talia
713 1120 1006 1200 fingebam
1049 1122 1270 1182 misero
1315 1119 1463 1181 mihi
1506 1120 1624 1182 fata
1667 1121 1896 1200 parari.

511 1207 773 1289 [Perque
819 1209 945 1270 dles
990 1209 1207 1270 multos
1261 1209 1499 1270 latitans
1525 1255 1543 1289 ‚
1588 1214 1941 1288 omnemque
1994 1212 2393 1272 tremiscens

375 1306 479 1360 215
508 1297 597 1358 Ad
625 1299 942 1379 strepitum
966 1344 986 1378 ‚
1022 1305 1396 1376 mortemque
1424 1298 1641 1358 timens
1659 1343 1677 1377 ‚
1706 1296 2072 1376 cupidusque
2108 1301 2392 1379 moriri,

508 1385 732 1447 Glande
779 1387 994 1448 famem
1037 1385 1267 1466 pellens
1312 1392 1374 1447 et
1417 1387 1599 1446 mixta
1642 1384 1949 1445 frondibus
1994 1385 2203 1447 herba
2221 1435 2244 1469 ‚

510 1473 684 1536 Solus
710 1520 729 1556 ‚
773 1475 950 1554 inops
973 1521 992 1557 ,
1038 1491 1250 1554 exspes
1275 1520 1294 1556 ,
1339 1473 1459 1535 leto
1504 1489 1847 1554 poenaeque
1892 1472 2149 1534 relictus
2168 1474 2224 1556 ‚]

507 1561 674 1624 Hanc
717 1562 929 1642 procul
974 1564 1177 1643 aspexi
1218 1561 1396 1642 longo
1441 1569 1580 1642 post
1623 1569 1890 1642 tempore
1933 1579 2156 1622 navem
2176 1610 2200 1644 ,

510 1650 803 1730 Oravique
850 1652 1049 1731 fugam
1094 1658 1267 1731 gestu
1293 1697 1311 1731 ‚
1356 1649 1430 1711 ad
1474 1650 1735 1728 litusque
1781 1650 2023 1711 cucurri
2038 1697 2056 1731 ,

374 1749 478 1801 220
507 1737 585 1800 Et
627 1741 828 1801 movi:
874 1738 1233 1819 Graiumque
1280 1741 1427 1800 ratis
1472 1738 1727 1799 Troiana
1770 1739 1994 1817 recepit
2013 1785 2028 1798 .

508 1827 602 1889 Tu
648 1845 885 1908 quoque
930 1828 1123 1908 pande
1170 1835 1306 1889 tuos
1331 1874 1350 1910 ,
1397 1828 1681 1887 comitum
1725 1828 2054 1905 gratissime
2082 1874 2100 1908 ‚
2158 1846 2352 1891 casus

506 1914 583 1977 Et
627 1915 797 1978 ducis
842 1923 905 1977 et
946 1915 1157 1978 turbae
1181 1962 1201 1998 ‚
1248 1933 1399 1995 quae
1446 1922 1644 1976 tecum
1690 1922 1783 1975 est
1836 1914 2060 1975 credita
2102 1926 2316 1995 ponto
2337 1914 2378 1979 .'

595 2004 817 2066 Aeolon
862 2003 960 2065 ille
1007 2005 1195 2065 refert
1240 2003 1434 2065 Tusco
1480 2020 1732 2082 regnare
1775 2002 2108 2084 profundo,

507 2091 728 2154 Aeolon
773 2091 1146 2172 Hippotaden
1172 2139 1190 2173 ‚
1237 2090 1613 2153 cohibentem
1659 2108 1899 2152 carcere
1942 2099 2163 2153 ventos
2184 2113 2206 2152 e

382 2191 487 2243 225
526 2180 686 2252 Quos
731 2179 897 2241 bovis
941 2180 1208 2241 inclusos
1253 2188 1422 2260 tergo
1446 2227 1466 2261 ‚
1511 2177 1888 2240 memorabiIe
1935 2197 2162 2240 munus
2181 2229 2204 2263 ‚

506 2269 844 2331 Dulichium
890 2271 1214 2349 sumpsisse
1262 2269 1476 2330 ducem
1503 2315 1518 2328 .
1572 2267 1835 2347 flatuque
1880 2267 2147 2328 secundo

504 2356 766 2420 Lucibus
811 2359 931 2419 isse
976 2374 1188 2418 novem
1233 2365 1296 2418 et
1338 2363 1562 2418 terram
1606 2358 1904 2436 aspexisse
1949 2358 2208 2435 petitam
2227 2379 2249 2420 .·

506 2446 780 2508 Proxima
822 2453 962 2525 post
1005 2463 1219 2507 nonam
1267 2463 1404 2507 cum
1450 2462 1582 2506 sese
1630 2462 1844 2505 aurora
1888 2453 2154 2506 moveret
2171 2493 2194 2526 ,

507 2533 729 2596 Invidia
775 2536 969 2596 socios
1012 2532 1385 2614 praedaeque
1433 2533 1708 2614 cupidine
1753 2535 1940 2593 victos

373 2632 480 2685 230
507 2622 656 2683 Esse
702 2630 862 2684 ratos
909 2640 1122 2685 aurum
1146 2670 1165 2706 ,
1210 2622 1537 2701 dempsisse
1581 2621 1855 2701 ligamina
1897 2624 2127 2702 ventis;

511 2711 657 2770 Cum
689 2711 902 2790 quibus
928 2714 1048 2773 isse
1078 2719 1242 2772 retro
1268 2759 1288 2793 ‚
1332 2728 1441 2791 per
1469 2727 1615 2789 quas
1642 2709 1815 2771 modo
1845 2717 2091 2771 venerat
2125 2710 2319 2772 undas
2341 2760 2365 2794 ,

509 2802 810 2878 Aeoliique
856 2807 1046 2861 ratem
1088 2807 1301 2880 portus
1345 2800 1635 2878 repetisse
1681 2799 1949 2878 tyranni.

513 2886 673 2950 ‘lude
725 2890 885 2950 Lami
927 2896 1191 2950 veterem
1235 2881 1675 2966 Laestrygonis'
1720 2888 1915 2967 inquit
1960 2881 2047 2948 ‘in
2093 2886 2311 2949 urbem

513 2978 789 3038 Venimus
817 3025 830 3038 .
887 2976 1232 3057 Antiphates
1280 2984 1441 3038 terra
1486 2973 1773 3054 regnabat
1815 2977 1876 3035 in
1919 2974 2053 3036 illa.

379 3078 477 3126 aas
513 3066 725 3126 Missus
761 3064 832 3126 ad
866 3065 1028 3127 hunc
1064 3083 1173 3144 ego
1212 3083 1346 3126 sum
1369 3111 1388 3147 ,
1424 3081 1673 3125 numero
1712 3064 2027 3124 comitante
2056 3063 2357 3147 duorum;

513 3154 733 3230 vixque
781 3154 916 3234 fuga
963 3155 1228 3233 quaesita
1274 3152 1431 3214 salus
1478 3154 1798 3231 comitique
1844 3151 2108 3229 mihique
2134 3200 2156 3234 ‚

509 3242 749 3302 Tertius
794 3259 829 3303 e
874 3241 1046 3303 nobis
1091 3240 1507 3321 Laestrygonis
1552 3243 1731 3320 impia
1775 3242 1949 3301 tinxit

513 3330 625 3386 [ira
677 3348 891 3390 umore
939 3347 1048 3390 suo
1078 3375 1092 3390 .
1149 3328 1514 3409 fugientibus
1560 3331 1740 3389 instat
1784 3336 1848 3389 et
1890 3345 2101 3407 agmen

513 3414 781 3474 [immitet
824 3415 1171 3495 Antiphates
1199 3463 1212 3476 .
1272 3423 1491 3478 coeunt
1534 3424 1597 3477 et
1640 3435 1777 3476 saxa
1821 3417 2144 3495 trabesque

379 3514 481 3558 2423
513 3502 826 3562 Caninium
847 3549 867 3583 ‚
912 3511 1307 3582 merguntque
1353 3506 1512 3564 viros
1538 3550 1556 3584 ‚
1601 3514 1998 3583 merguntque
2045 3507 2316 3568 carinas,

509 3586 633 3642 Una
685 3598 877 3650 tamen
899 3635 920 3669 ‚
967 3607 1118 3668 quae
1164 3608 1275 3652 nos
1319 3593 1635 3671 ipsumque
1681 3591 1932 3653 vehebat
1973 3591 2226 3670 Ulixen,
