2467 4042
442 230 512 300 XII,
530 237 688 287 Eoo-281.
783 251 914 286 urrunsa
1003 231 1069 296 245

79 409 128 459 245
142 399 265 460 Primus
289 397 472 477 Ophionides
494 397 623 477 Amycus
644 396 807 478 penetralia
829 397 915 458 donis

142 486 232 548 Haud
254 488 355 549 timuit
378 485 505 566 spoliare
528 488 592 547 suis
604 534 614 567 ,
636 495 667 548 ct
689 489 804 565 primus
827 485 863 546 ab
886 485 959 548 aede

142 574 344 655 Lampadibus
366 574 492 636 densum
514 577 614 655 rapuit
635 575 734 636 iunalc
757 576 907 656 coruscis;

143 663 324 743 Elatumque
346 663 404 725 alte
416 711 427 746 ,
449 662 541 724 velrrti
564 663 761 747 quitandida
783 665 863 725 taum

143 753 298 832 Rumpere
321 753 454 814 sacrifica
476 751 598 813 molitur
621 752 695 813 eolla
718 755 835 834 securi,

82 852 131 904 ato
144 841 232 903 lllisit
254 841 348 902 fronti
369 840 510 920 Lapithae
533 839 724 921 Celadontis,
747 847 778 902 et
800 857 867 902 ossa

143 929 212 991 Non
235 930 423 1010 agnoscendo
446 929 570 989 confusa
592 928 736 1007 relinquit
757 930 789 989 in
811 947 881 991 ore.

144 1017 302 1080 Exsiluere
325 1017 404 1079 oculi
416 1065 426 1100 ,
448 1015 640 1097 disiectisque
663 1015 781 1079 ossibus
804 1019 866 1078 oris

144 1107 219 1169 Acta
240 1116 324 1168 retro
347 1108 427 1168 naris
449 1105 607 1185 medioque
630 1112 678 1167 est
699 1107 756 1166 lixa
777 1105 892 1186 palato.

145 1195 234 1258 llunc
256 1196 333 1276 pede
356 1193 497 1256 convulso
520 1211 640 1256 mensae
662 1194 798 1256 Pellaeus
821 1211 945 1256 acernae

84 1285 261 1346 castravit
281 1283 365 1346 humi
387 1282 504 1345 Pelates
526 1283 642 1344 deiecto
665 1285 696 1344 in
719 1290 840 1363 pectora
863 1290 981 1364 mento,

146 1372 282 1452 Cumque
305 1380 369 1435 atro
392 1374 500 1434 mixtos
523 1379 693 1451 sputantem
716 1372 859 1450 sanguine
882 1370 986 1432 dentes

146 1460 277 1522 Vulnere
299 1460 455 1522 Tartareas
477 1462 625 1539 geminato
648 1461 741 1521 mittit
763 1459 798 1520 ad
822 1458 959 1520 umbras.

146 1550 306 1612 Proximus
328 1558 363 1611 ut
385 1557 531 1631 steterat,
553 1557 692 1629 spectans
715 1548 818 1609 altaria
840 1547 923 1608 vultu

147 1638 272 1700 Fumida
295 1636 421 1700 terribili
445 1632 523 1699 “our
546 1631 618 1697 non’
642 1638 684 1698 ait
706 1631 830 1698 ‘utimur
852 1629 968 1697 istis?'’

87 1737 135 1788 aoo
148 1726 283 1806 Cumque
306 1729 369 1788 suis
393 1725 528 1806 Gryneus
550 1727 700 1786 inmanem
724 1724 845 1786 sustulit
867 1742 949 1785 aram

149 1815 270 1895 lgnibus
292 1823 324 1877 et
345 1814 477 1877 medium
499 1813 693 1893 Lapitharum
715 1814 786 1875 iecit
808 1814 839 1874 iu
862 1831 987 1894 agmen,

150 1903 363 1983 Repressitque
386 1903 483 1985 duos,
505 1901 635 1964 Brotean
657 1911 688 1962 et
711 1900 825 1963 Orion.
853 1901 925 1963 Orio

150 1992 243 2054 ldater
266 2002 330 2054 erat
352 1991 486 2073 llycale,
509 2008 598 2070 quam
620 1990 778 2052 deduxisse
802 1989 934 2051 canendo

151 2080 244 2161 Saepe
268 2080 427 2142 reluctanti
450 2078 604 2141 constabat
626 2096 738 2140 cornua
760 2078 864 2139 lunae.

90 2179 138 2228 aaa
152 2164 240 2231 “Non
262 2171 375 2248 inpune
398 2169 477 2230 ieros
489 2215 500 2250 ,
521 2167 573 2229 teli
596 2167 684 2228 modo
708 2169 792 2246 copia
814 2161 943 2228 deturl''

152 2255 270 2320 Dixerat
292 2256 444 2338 Exadius,
466 2256 577 2335 telique
601 2255 691 2316 habet
712 2257 829 2338 instar,
850 2257 882 2315 in
905 2253 963 2316 alta

153 2345 232 2416 Quae
255 2347 375 2407 fuerant
390 2347 469 2429 pinu
492 2346 583 2405 votivi
605 2361 718 2405 cornua
741 2344 838 2405 cervi.

151 2433 266 2513 Figitur
287 2433 358 2495 hino
381 2432 491 2512 duplici
514 2432 651 2512 Gryneus
672 2434 705 2493 in
727 2432 839 2494 lumina
861 2450 963 2515 ramo,

151 2520 334 2601 Eruiturque
357 2521 461 2584 oeulos
473 2568 483 2603 ,
506 2539 635 2601 quorum
656 2538 726 2601 pars
749 2519 891 2583 cornibus
913 2521 1034 2603 haeret,

94 2619 140 2672 att
151 2610 222 2673 Pars
245 2610 313 2672 lluit
332 2612 366 2673 in
388 2609 509 2672 barbam
533 2617 732 2689 concretaque
755 2612 898 2691 sanguine
919 2609 1048 2691 pendet.

151 2699 229 2761 Ecce
251 2700 330 2779 rapit
351 2699 458 2761 memb
479 2698 652 2779 flagrantem
674 2697 808 2760 Rboetus
831 2698 868 2760 ab
890 2701 950 2760 aris

151 2787 333 2850 Pruniceum
354 2795 491 2869 torrem,
513 2787 677 2866 dextraque
701 2805 717 2848 a
739 2795 823 2866 parte
847 2787 972 2849 Charaxi

152 2876 300 2957 Tempora
321 2876 480 2956 perfringit
501 2874 581 2937 fulvo
603 2883 738 2956 protecta
761 2875 883 2956 capillo.

153 2964 290 3045 Correpti
311 2964 435 3047 rapida,
457 2963 548 3025 veluti
571 2982 657 3044 seges
679 2965 782 3046 arida,
804 2964 921 3027 llamma

98 3060 140 3112 aaa
153 3053 301 3118 Arserunt
323 3055 444 3135 crines,
467 3062 497 3115 et
520 3052 643 3115 vulnere
667 3056 788 3133 sanguis
810 3056 929 3115 inustus

152 3141 330 3204 Terribilem
352 3142 480 3204 stridore
503 3159 609 3203 sonum
633 3141 736 3223 dedit3
758 3150 792 3203 ut
815 3141 885 3202 dare
908 3141 1022 3202 lenum

152 3229 221 3310 lgna
244 3229 358 3292 rubens
380 3230 556 3310 plerumque
579 3230 677 3312 solet,
700 3230 780 3309 quod
803 3230 917 3308 loroipe
941 3247 1030 3291 curva

154 3317 227 3380 Cum
248 3318 333 3380 faber
356 3320 479 3399 eduxit,
501 3318 626 3380 lacubus
649 3318 800 3399 demittit,
822 3325 852 3379 at
873 3316 946 3379 illud

155 3405 266 3469 Stridet
288 3408 372 3469 etin
396 3407 495 3487 tepida
517 3424 718 3469 summersum
740 3404 838 3467 sibilat
860 3406 955 3469 unda.

100 3502 143 3554 tto
156 3493 278 3557 Saucius
301 3496 425 3558 hirsutis
448 3496 565 3558 aridum
588 3496 625 3558 de
648 3494 781 3557 crinibus
803 3497 903 3574 iguem

155 3580 294 3667 Excutit,
317 3586 408 3665 inque
431 3602 551 3647 umeros
573 3584 665 3647 limo
687 3583 794 3646 tellure
816 3583 969 3647 revulsum
