2467 4042
273 249 362 329 1va
385 247 792 313 somnusue-104.
983 250 1041 316 1⁶1

148 402 288 477 &rosam
301 405 380 464 male
392 404 504 476 arnust,
527 419 607 464 muso
620 406 700 465 male
711 406 829 478 quaem
840 420 919 480 opes.

105 486 158 546 Me
173 502 299 562 quoque,
321 488 403 561 quod
414 490 514 548 mouui
526 486 599 549 lene
612 489 857 560 mutatorium,
878 490 948 548 odit.

146 570 217 631 Hoc
228 571 298 632 mslui
312 572 448 643 libertas,
470 571 527 631 lma
534 573 592 646 pio
604 572 710 645 limana
723 572 812 633 dedit.

101 655 145 714 Et
156 662 308 729 tamquam
320 656 418 715 desint
427 670 505 732 quae
517 670 564 714 me
576 657 641 714 sime
649 657 713 727 fiae
722 655 860 731 sanaem,

61 744 94 800 lo
149 738 328 801 Accumulat
339 754 432 800 euros
443 740 510 810 filia
517 753 621 814 parua
634 753 725 799 meas.

103 820 222 882 Ultima
234 828 264 882 to
277 824 386 882 nostrus
398 821 517 883 amedu
530 837 626 884 causa
639 825 776 896 querelis.

144 906 216 966 Non
228 907 329 981 maior
343 911 428 966 uento
440 911 542 966 nostra
557 908 667 966 carina
680 921 743 966 sao.

99 989 198 1063 Eece,
221 992 320 1052 iacent
331 992 407 1052 oolla
422 992 525 1065 sparsi
535 992 600 1050 sme
610 992 678 1064 leae
692 992 806 1066 capilli,

144 1074 210 1135 Neo
219 1076 331 1150 prenm
342 1075 485 1134 artimulos
497 1073 601 1134 lueida
611 1088 730 1148 aemma
743 1088 830 1135 meos.

58 1163 91 1220 li
110 1158 197 1219 Veste
210 1163 293 1231 τερον
307 1160 367 1218 rili.
388 1159 504 1218 nolimu
515 1163 560 1217 est
572 1159 605 1218 im
617 1157 750 1218 crinibus
763 1174 881 1231 aurum,

143 1242 212 1302 Nom
224 1241 359 1302 Arabum
371 1246 471 1302 moster
486 1255 555 1301 rore
567 1242 696 1317 capilus
709 1244 774 1302 alet.
831 1274 833 1279 ·

100 1325 161 1385 Ceti
171 1327 258 1387 eolar
272 1325 398 1399 imseli‘s,
420 1331 474 1385 aut
487 1327 538 1385 oui
547 1326 698 1401 placuisse
710 1324 863 1387 laborem?

144 1409 205 1470 Ille
217 1412 277 1470 mei
289 1411 387 1470 mutus
400 1410 505 1470 unicus
518 1414 624 1470 aleator
634 1409 724 1470 abest.

99 1492 196 1554 Molle
209 1509 305 1554 mesum
318 1493 487 1567 lemmaque
498 1507 553 1553 aar
568 1499 613 1553 est
627 1493 762 1554 uiolam’le
778 1497 850 1565 telus,

59 1586 94 1639 oo
146 1576 190 1636 Et
200 1593 318 1654 semper
328 1592 424 1637 eausa
436 1581 493 1649 est,
516 1593 573 1637 our
584 1593 638 1651 aaa
651 1592 768 1653 semper
781 1593 886 1637 amem.

99 1660 170 1723 Siue
183 1663 227 1722 ita
240 1662 378 1722 moscenti
388 1662 481 1735 leuem
496 1661 603 1721 omero
616 1660 750 1734 Sorores,

143 1746 208 1807 Nea
221 1745 296 1807 slata
307 1751 378 1805 suat
391 1746 467 1805 ailae
477 1747 533 1817 fila
546 1761 650 1806 severo
665 1759 757 1819 meae,

100 1829 171 1891 Siue
185 1830 295 1889 oleum
306 1829 408 1889 studia
421 1831 453 1888 im
467 1843 563 1889 mores
576 1831 709 1905 artusque
723 1831 867 1903 maasslro

142 1914 304 1988 Issaeorum
317 1913 399 1974 nolis
413 1915 499 1973 malle
517 1912 626 1973 llualio
635 1912 724 1985 facit.

62 2006 94 2059 85
105 1999 187 2070 Ostia
199 2001 323 2072 mirum,
343 1999 373 2058 si
383 1999 560 2072 meprimae
572 1999 725 2071 launoium
737 2004 821 2058 aetas

142 2082 272 2141 Abstulit
285 2086 374 2157 atque
386 2083 474 2153 anmi,
495 2096 568 2154 quos
581 2083 745 2142 miramars
756 2077 874 2156 potest?

101 2166 194 2228 Home
206 2182 244 2227 me
250 2181 315 2242 pro
330 2165 460 2241 ceptam
472 2180 612 2240 raperes,
631 2164 766 2237 Aurora,
788 2166 931 2226 tumebam.

142 2251 188 2310 Et
194 2250 333 2323 faemos,
353 2250 410 2310 sed
421 2254 449 2309 te
458 2251 562 2324 prima
574 2251 687 2324 rapina
701 2254 785 2309 tenet.

100 2335 424 2410 manesconspicr'at,
447 2349 524 2408 quae
537 2335 681 2409 conspicit
692 2334 804 2405 omnm,
827 2332 939 2393 Puoeoe

63 2425 94 2480 uo
144 2419 252 2479 Iussus
264 2421 323 2483 en‘t
334 2433 454 2478 somnos
466 2420 640 2478 continuare
652 2417 765 2477 Plsaou.

96 2503 192 2563 Homo
212 2504 310 2563 Versus
322 2505 355 2563 im
367 2503 485 2563 caelum
497 2517 591 2562 curru
605 2502 734 2562 oaxmset
744 2501 864 2572 murno,

143 2586 208 2647 Sed
220 2587 303 2647 uidet.
312 2592 343 2648 et
354 2586 452 2647 Marti
457 2600 547 2661 posse
555 2588 681 2661 plaeere
694 2599 756 2645 suo.

101 2671 195 2732 Omea
209 2671 312 2730 aulus
324 2671 453 2743 iuuenis,
475 2685 531 2730 mec
544 2671 605 2730 iam
617 2685 711 2745 puer,
734 2670 814 2728 utr'lis
827 2675 917 2739 oetas,

146 2754 172 2815 0
186 2755 278 2816 olemus
291 2759 380 2830 atoue
393 2755 461 2814 oevi
470 2755 571 2827 alorio
584 2768 696 2828 maana
710 2754 761 2826 lai,

61 2844 91 2901 95
102 2839 174 2901 Huc
187 2839 275 2913 odas,
299 2840 388 2913 imaue
400 2840 497 2909 sinus,
515 2836 660 2911 formose,
683 2837 817 2898 relabere
830 2845 943 2897 nostros

141 2923 209 2983 Nom
224 2929 258 2983 ut
270 2938 352 2983 ames
364 2938 432 2994 oro,
452 2937 554 2983 oerum
567 2927 601 2982 ut
614 2937 719 2982 amoro
730 2923 822 2981 simas.

98 3007 279 3079 Saturium,
300 3013 329 3067 et
341 3008 474 3067 lacrimis
490 3007 569 3066 oculi
582 3010 726 3067 rorantur
739 3005 863 3066 obortis:

143 3092 290 3168 Alspue,
312 3106 402 3166 quom
414 3092 454 3151 sit
466 3091 498 3150 im
512 3090 568 3150 lma
581 3093 674 3151 multa
687 3091 780 3151 lituro
793 3092 864 3149 loeo.

98 3175 135 3236 Si
144 3181 206 3236 tam
219 3181 319 3236 certus
333 3191 402 3235 eras
415 3175 485 3234 meme
498 3177 558 3246 ire,
580 3175 737 3235 modestius
749 3176 829 3245 isses,

44 3270 88 3323 loo
141 3259 183 3319 Et
192 3260 281 3319 mollo
296 3259 422 3319 dr‘aisses
436 3258 536 3319 ‘Lesbi
544 3261 662 3334 puella,
684 3259 772 3320 uolo-³

98 3345 165 3405 Nom
179 3353 275 3405 tecum
289 3344 445 3416 lacrimas,
468 3359 526 3403 mom
538 3345 641 3403 ascula
655 3351 757 3403 nostra
771 3343 878 3402 tulisti:

140 3428 276 3503 lienique
289 3443 349 3487 mom
363 3429 458 3501 mmai,
479 3428 560 3503 qood
573 3426 703 3487 dolitura
714 3426 773 3499 soi.

98 3514 151 3573 Nil
164 3514 202 3573 de
216 3520 244 3573 te
256 3526 371 3573 meeum
383 3517 440 3584 est,
461 3513 522 3572 misi
532 3516 646 3571 tamtum
660 3511 781 3570 iniuria.
804 3526 858 3571 nee
872 3516 902 3568 to

141 3594 310 3658 Admoneat
322 3596 403 3667 auod
414 3601 455 3670 te,
473 3598 586 3672 alamus
598 3597 727 3655 amomis
741 3593 838 3655 trabes.

58 3696 137 3739 omo.
162 3680 182 3736 1.
835 3686 868 3722 ¹¹
