2467 4042
436 235 546 286 IBIDIS
565 235 595 289 V.
617 238 710 287 1-22.

483 1199 672 1283 IBIS.

160 1452 290 1533 Tempus
317 1452 353 1514 ad
380 1452 458 1535 hoe,
485 1452 589 1515 lustris
616 1453 663 1516 his
692 1456 748 1514 iam
777 1455 848 1516 mihi
876 1458 1008 1537 quinque

252 1544 399 1621 peractis,

205 1629 300 1691 Omne
323 1631 380 1692 luit
401 1628 502 1692 Musae
526 1648 646 1691 carmen
668 1633 783 1692 inerme
808 1649 907 1713 meae3

161 1717 328 1800 Nullaque,
352 1737 426 1797 quae
449 1721 566 1800 possit,
590 1720 710 1797 scriptis
733 1727 779 1781 tot
800 1720 937 1801 milibus,
961 1731 1041 1783 extat

204 1807 316 1868 Littera
339 1806 464 1868 Nasonis
488 1807 713 1886 sanguinolenta
735 1808 811 1886 legi:

129 1894 221 1956 ttNee
245 1913 423 1974 quemqnam
447 1898 543 1956 nostri
565 1898 624 1957 nisi
647 1914 693 1957 me
717 1896 830 1958 laesere
853 1896 963 1980 libelli,

205 1984 333 2050 Artificis
356 1986 446 2062 periit
468 2002 538 2045 oum
560 1994 650 2064 eaput
672 1985 743 2046 Arte
767 2004 838 2047 sna.

160 2071 244 2134 Unus
263 2105 296 2115 -
316 2080 346 2133 et
363 2072 420 2133 lton
438 2075 537 2151 ipsum
556 2080 602 2134 est
621 2075 728 2135 iniuria
747 2092 850 2152 magua
869 2092 1080 2155 -perennem

205 2160 348 2223 Candoris
372 2161 491 2222 titulum
515 2179 574 2223 nou
598 2164 670 2223 sinit
693 2180 758 2224 esse
782 2166 859 2225 mei.

160 2248 302 2329 Quisquis
329 2251 356 2309 is
383 2258 451 2330 est,
479 2282 512 2292 -
540 2268 608 2311 nam
635 2268 743 2312 nomen
770 2251 867 2313 adhue
895 2259 1057 2332 utcumque

480 2387 485 2396 ,
708 2338 812 2401 tacebo
833 2371 876 2384 -

114 2438 147 2487 10
206 2425 291 2504 Cogit
313 2426 479 2487 inassuetas
502 2444 622 2488 sumere
644 2427 703 2488 tela
724 2445 848 2490 manus.

160 2512 213 2573 llle
236 2512 399 2591 relegatum
422 2514 535 2592 gelidos
558 2515 704 2595 aquilonis
728 2516 764 2577 ad
787 2525 872 2579 ortus

204 2600 270 2661 Non
293 2603 364 2664 sinit
387 2602 475 2664 exilio
497 2605 651 2666 delituisse
674 2622 762 2685 me03

160 2688 349 2770 Vulneraque
371 2693 484 2753 inmitis
507 2695 643 2773 requiem
666 2696 839 2773 quaerentia
862 2701 964 2776 vexat,

204 2778 296 2840 lactat
317 2788 349 2841 et
370 2782 402 2841 in
425 2788 488 2841 toto
511 2785 630 2843 nomina
653 2790 755 2844 nostra
777 2784 861 2863 lor03

112 2878 146 2928 15
161 2867 369 2947 Perpetuoque
392 2869 464 2930 mihi
488 2873 628 2931 sociatam
650 2870 771 2932 loedere
795 2871 865 2933 lenti

205 2955 270 3016 Nou
293 2959 405 3034 patitur
429 2958 486 3017 vivi
508 2957 613 3018 funera
636 2958 708 3019 llere
732 2961 806 3021 viri.

162 3041 295 3121 Cumque
329 3060 383 3122 ego
415 3060 523 3122 quassa
554 3062 638 3105 meae
671 3046 851 3123 compleotar
882 3043 1012 3105 membra

709 3135 844 3212 tarinae,

204 3216 357 3297 Naufragii
380 3217 497 3280 tabulas
518 3227 633 3298 pugnat
654 3218 765 3281 hahere
787 3222 864 3283 mei:

160 3304 198 3367 Et
221 3309 273 3386 qni
296 3306 441 3369 debuerat
464 3305 577 3370 subitas
600 3311 774 3388 extinguere
798 3309 948 3389 llammas,

113 3406 147 3456 20
205 3393 262 3456 llio
285 3396 424 3476 praedam
448 3396 546 3457 medio
569 3404 672 3476 raptor
695 3396 731 3458 ab
754 3399 823 3477 igne
846 3400 938 3477 petit.

159 3483 293 3563 Nititur,
319 3493 353 3546 nt
375 3484 517 3564 prolugae
540 3484 639 3547 desint
662 3485 800 3548 alimenta
823 3493 978 3548 senectae.
1038 3487 1067 3539 (ἓ)

204 3570 292 3633 llen!
325 3581 435 3652 quanto
459 3581 506 3635 est
527 3577 639 3636 nostris
662 3574 779 3654 dignior
801 3578 866 3656 ipse
889 3572 991 3635 malis!
