<?xml version="1.0" encoding="UTF-8"?>
<!DOCTYPE html PUBLIC "-//W3C//DTD XHTML 1.0 Transitional//EN"
    "http://www.w3.org/TR/xhtml1/DTD/xhtml1-transitional.dtd">
<html xmlns="http://www.w3.org/1999/xhtml" xml:lang="en" lang="en">
 <head>
  <title>
</title>
<meta http-equiv="Content-Type" content="text/html;charset=utf-8" />
  <meta name='ocr-system' content='tesseract 3.04.00' />
  <meta name='ocr-capabilities' content='ocr_page ocr_carea ocr_par ocr_line ocrx_word'/>
</head>
<body>
  <div class='ocr_page' id='page_1' title='image "./povidiusnaso00ehwagoog_0550.png"; bbox 0 0 2467 4042; ppageno 0'>
   <div class='ocr_carea' id='block_1_1' title="bbox 146 214 733 281">
    <p class='ocr_par' dir='ltr' id='par_1_1' title="bbox 146 214 733 281">
     <span class='ocr_line' id='line_1_1' title="bbox 146 214 733 281; baseline 0.002 -10"><span class='ocrx_word' id='word_1_1' title='bbox 146 214 208 281; x_wconf 83' lang='grc'><strong>136</strong></span> <span class='ocrx_word' id='word_1_2' title='bbox 342 236 430 272; x_wconf 72' lang='lat' dir='ltr'><strong>usone</strong></span> <span class='ocrx_word' id='word_1_3' title='bbox 554 216 733 273; x_wconf 82' lang='lat' dir='ltr'><strong>METAMM.</strong></span> 
     </span>
    </p>
   </div>
   <div class='ocr_carea' id='block_1_2' title="bbox 92 381 1184 3640">
    <p class='ocr_par' dir='ltr' id='par_1_2' title="bbox 162 381 1184 648">
     <span class='ocr_line' id='line_1_2' title="bbox 229 381 1184 471; baseline 0.009 -29"><span class='ocrx_word' id='word_1_4' title='bbox 229 381 304 463; x_wconf 90' lang='lat' dir='ltr'><strong>His,</strong></span> <span class='ocrx_word' id='word_1_5' title='bbox 326 392 361 444; x_wconf 88' lang='lat' dir='ltr'><strong>ut</strong></span> <span class='ocrx_word' id='word_1_6' title='bbox 383 401 518 462; x_wconf 90' lang='lat' dir='ltr'><strong>quaeque</strong></span> <span class='ocrx_word' id='word_1_7' title='bbox 541 386 588 463; x_wconf 90' lang='lat' dir='ltr'><strong>pia</strong></span> <span class='ocrx_word' id='word_1_8' title='bbox 603 393 671 467; x_wconf 89' lang='lat' dir='ltr'><strong>est,</strong></span> <span class='ocrx_word' id='word_1_9' title='bbox 694 385 860 448; x_wconf 88' lang='lat' dir='ltr'><strong>hortatibus</strong></span> <span class='ocrx_word' id='word_1_10' title='bbox 873 390 964 468; x_wconf 91' lang='lat' dir='ltr'><strong>impia</strong></span> <span class='ocrx_word' id='word_1_11' title='bbox 977 392 1087 469; x_wconf 81' lang='lat' dir='ltr'><strong>prima</strong></span> <span class='ocrx_word' id='word_1_12' title='bbox 1106 399 1184 471; x_wconf 83' lang='lat' dir='ltr'><strong>est,</strong></span> 
     </span>
     <span class='ocr_line' id='line_1_3' title="bbox 162 469 1183 554; baseline 0.01 -24"><span class='ocrx_word' id='word_1_13' title='bbox 162 481 214 532; x_wconf 78' lang='lat' dir='ltr'><strong>alo</strong></span> <span class='ocrx_word' id='word_1_14' title='bbox 229 469 281 548; x_wconf 84' lang='lat' dir='ltr'><strong>[llt</strong></span> <span class='ocrx_word' id='word_1_15' title='bbox 304 489 341 532; x_wconf 94' lang='lat' dir='ltr'><strong>ne</strong></span> <span class='ocrx_word' id='word_1_16' title='bbox 365 473 404 532; x_wconf 88' lang='lat' dir='ltr'><strong>sit</strong></span> <span class='ocrx_word' id='word_1_17' title='bbox 426 472 591 554; x_wconf 87' lang='lat' dir='ltr'><strong>scelerata,</strong></span> <span class='ocrx_word' id='word_1_18' title='bbox 614 473 684 534; x_wconf 87' lang='lat' dir='ltr'><strong>lacit</strong></span> <span class='ocrx_word' id='word_1_19' title='bbox 706 474 825 551; x_wconf 77' lang='lat' dir='ltr'><strong>scelus.</strong></span> <span class='ocrx_word' id='word_1_20' title='bbox 853 475 931 537; x_wconf 89' lang='lat' dir='ltr'><strong>haud</strong></span> <span class='ocrx_word' id='word_1_21' title='bbox 950 485 1056 539; x_wconf 87' lang='lat' dir='ltr'><strong>tamen</strong></span> <span class='ocrx_word' id='word_1_22' title='bbox 1084 480 1183 540; x_wconf 82' lang='lat' dir='ltr'><strong>ictus</strong></span> 
     </span>
     <span class='ocr_line' id='line_1_4' title="bbox 228 558 1098 648; baseline 0.01 -29"><span class='ocrx_word' id='word_1_23' title='bbox 228 558 291 619; x_wconf 91' lang='lat' dir='ltr'><strong>Ulla</strong></span> <span class='ocrx_word' id='word_1_24' title='bbox 314 576 384 620; x_wconf 88' lang='lat' dir='ltr'><strong>suos</strong></span> <span class='ocrx_word' id='word_1_25' title='bbox 407 567 542 639; x_wconf 88' lang='lat' dir='ltr'><strong>spectare</strong></span> <span class='ocrx_word' id='word_1_26' title='bbox 565 568 685 642; x_wconf 89' lang='lat' dir='ltr'><strong>potest,</strong></span> <span class='ocrx_word' id='word_1_27' title='bbox 709 562 869 642; x_wconf 86' lang='lat' dir='ltr'><strong>oculosque</strong></span> <span class='ocrx_word' id='word_1_28' title='bbox 892 564 1098 648; x_wconf 86' lang='lat' dir='ltr'><strong>rellectunt,]</strong></span> 
     </span>
    </p>

    <p class='ocr_par' dir='ltr' id='par_1_3' title="bbox 228 646 1079 910">
     <span class='ocr_line' id='line_1_5' title="bbox 228 646 1034 726; baseline 0.009 -18"><span class='ocrx_word' id='word_1_29' title='bbox 228 647 379 726; x_wconf 80' lang='lat' dir='ltr'><strong>Caecaque</strong></span> <span class='ocrx_word' id='word_1_30' title='bbox 402 646 473 709; x_wconf 89' lang='lat' dir='ltr'><strong>dant</strong></span> <span class='ocrx_word' id='word_1_31' title='bbox 495 651 588 709; x_wconf 88' lang='lat' dir='ltr'><strong>saeris</strong></span> <span class='ocrx_word' id='word_1_32' title='bbox 611 667 730 711; x_wconf 81' lang='lat' dir='ltr'><strong>aversae</strong></span> <span class='ocrx_word' id='word_1_33' title='bbox 754 651 875 712; x_wconf 83' lang='lat' dir='ltr'><strong>vulnera</strong></span> <span class='ocrx_word' id='word_1_34' title='bbox 897 652 1034 715; x_wconf 79' lang='lat' dir='ltr'><strong>dextris.</strong></span> 
     </span>
     <span class='ocr_line' id='line_1_6' title="bbox 228 734 1078 826; baseline 0.011 -31"><span class='ocrx_word' id='word_1_35' title='bbox 228 734 300 817; x_wconf 90' lang='lat' dir='ltr'><strong>llle,</strong></span> <span class='ocrx_word' id='word_1_36' title='bbox 323 753 430 797; x_wconf 91' lang='lat' dir='ltr'><strong>cruore</strong></span> <span class='ocrx_word' id='word_1_37' title='bbox 454 735 572 818; x_wconf 90' lang='lat' dir='ltr'><strong>lloens,</strong></span> <span class='ocrx_word' id='word_1_38' title='bbox 595 736 694 799; x_wconf 85' lang='lat' dir='ltr'><strong>cubito</strong></span> <span class='ocrx_word' id='word_1_39' title='bbox 718 746 818 800; x_wconf 88' lang='lat' dir='ltr'><strong>tamen</strong></span> <span class='ocrx_word' id='word_1_40' title='bbox 841 739 946 803; x_wconf 80' lang='lat' dir='ltr'>allevat</span> <span class='ocrx_word' id='word_1_41' title='bbox 969 749 1078 826; x_wconf 90' lang='lat' dir='ltr'><strong>artus,</strong></span> 
     </span>
     <span class='ocr_line' id='line_1_7' title="bbox 229 823 1079 910; baseline 0.008 -26"><span class='ocrx_word' id='word_1_42' title='bbox 229 823 449 903; x_wconf 85' lang='lat' dir='ltr'><strong>Semilaccrque</strong></span> <span class='ocrx_word' id='word_1_43' title='bbox 474 832 539 885; x_wconf 89' lang='lat' dir='ltr'><strong>toro</strong></span> <span class='ocrx_word' id='word_1_44' title='bbox 563 833 688 905; x_wconf 90' lang='lat' dir='ltr'><strong>temptat</strong></span> <span class='ocrx_word' id='word_1_45' title='bbox 710 844 914 910; x_wconf 80' lang='lat' dir='ltr'>consurgere,</span> <span class='ocrx_word' id='word_1_46' title='bbox 937 838 970 890; x_wconf 85' lang='lat' dir='ltr'><strong>et</strong></span> <span class='ocrx_word' id='word_1_47' title='bbox 991 833 1079 891; x_wconf 85' lang='lat' dir='ltr'><strong>inter</strong></span> 
     </span>
    </p>

    <p class='ocr_par' dir='ltr' id='par_1_4' title="bbox 161 912 1088 1349">
     <span class='ocr_line' id='line_1_8' title="bbox 161 912 1033 994; baseline 0.008 -22"><span class='ocrx_word' id='word_1_48' title='bbox 161 912 285 974; x_wconf 76' lang='grc'><strong>340100</strong></span> <span class='ocrx_word' id='word_1_49' title='bbox 307 912 423 975; x_wconf 89' lang='lat' dir='ltr'><strong>medius</strong></span> <span class='ocrx_word' id='word_1_50' title='bbox 446 912 558 992; x_wconf 82' lang='lat' dir='ltr'>gladios</span> <span class='ocrx_word' id='word_1_51' title='bbox 580 913 719 994; x_wconf 90' lang='lat' dir='ltr'><strong>pallentia</strong></span> <span class='ocrx_word' id='word_1_52' title='bbox 742 915 879 977; x_wconf 92' lang='lat' dir='ltr'><strong>bracchia</strong></span> <span class='ocrx_word' id='word_1_53' title='bbox 904 918 1033 979; x_wconf 88' lang='lat' dir='ltr'><strong>tendens</strong></span> 
     </span>
     <span class='ocr_line' id='line_1_9' title="bbox 228 997 1088 1085; baseline 0.007 -24"><span class='ocrx_word' id='word_1_54' title='bbox 228 997 460 1082; x_wconf 72' lang='lat' dir='ltr'><strong>‘Ouid,lacitis,</strong></span> <span class='ocrx_word' id='word_1_55' title='bbox 482 998 618 1081; x_wconf 77' lang='lat' dir='ltr'><strong>gnatae?</strong></span> <span class='ocrx_word' id='word_1_56' title='bbox 641 1003 712 1081; x_wconf 91' lang='lat' dir='ltr'><strong>quid</strong></span> <span class='ocrx_word' id='word_1_57' title='bbox 735 1022 787 1064; x_wconf 86' lang='lat' dir='ltr'><strong>vos</strong></span> <span class='ocrx_word' id='word_1_58' title='bbox 809 1007 840 1065; x_wconf 92' lang='lat' dir='ltr'><strong>in</strong></span> <span class='ocrx_word' id='word_1_59' title='bbox 864 1005 922 1066; x_wconf 86' lang='lat' dir='ltr'><strong>lata</strong></span> <span class='ocrx_word' id='word_1_60' title='bbox 944 1009 1088 1085; x_wconf 85' lang='lat' dir='ltr'><strong>parentis</strong></span> 
     </span>
     <span class='ocr_line' id='line_1_10' title="bbox 227 1085 1088 1174; baseline 0.007 -24"><span class='ocrx_word' id='word_1_61' title='bbox 227 1085 369 1151; x_wconf 74' lang='lat' dir='ltr'><strong>hrmatl&#39;</strong></span> <span class='ocrx_word' id='word_1_62' title='bbox 393 1091 453 1150; x_wconf 90' lang='lat' dir='ltr'><strong>ait.</strong></span> <span class='ocrx_word' id='word_1_63' title='bbox 482 1090 618 1152; x_wconf 89' lang='lat' dir='ltr'><strong>cecidere</strong></span> <span class='ocrx_word' id='word_1_64' title='bbox 641 1091 698 1152; x_wconf 92' lang='lat' dir='ltr'><strong>illis</strong></span> <span class='ocrx_word' id='word_1_65' title='bbox 722 1094 870 1172; x_wconf 81' lang='lat' dir='ltr'><strong>animique</strong></span> <span class='ocrx_word' id='word_1_66' title='bbox 894 1111 1088 1174; x_wconf 88' lang='lat' dir='ltr'><strong>manusque.</strong></span> 
     </span>
     <span class='ocr_line' id='line_1_11' title="bbox 226 1177 971 1259; baseline 0.005 -21"><span class='ocrx_word' id='word_1_67' title='bbox 226 1177 315 1239; x_wconf 88' lang='lat' dir='ltr'><strong>Plura</strong></span> <span class='ocrx_word' id='word_1_68' title='bbox 337 1178 474 1240; x_wconf 88' lang='lat' dir='ltr'><strong>locuturo</strong></span> <span class='ocrx_word' id='word_1_69' title='bbox 498 1197 566 1239; x_wconf 92' lang='lat' dir='ltr'><strong>cum</strong></span> <span class='ocrx_word' id='word_1_70' title='bbox 589 1177 688 1240; x_wconf 86' lang='lat' dir='ltr'><strong>&#39;verbis</strong></span> <span class='ocrx_word' id='word_1_71' title='bbox 710 1187 830 1259; x_wconf 78' lang='lat' dir='ltr'><strong>guttura</strong></span> <span class='ocrx_word' id='word_1_72' title='bbox 854 1180 971 1243; x_wconf 85' lang='lat' dir='ltr'><strong>Colchis</strong></span> 
     </span>
     <span class='ocr_line' id='line_1_12' title="bbox 225 1265 1026 1349; baseline 0.007 -23"><span class='ocrx_word' id='word_1_73' title='bbox 225 1265 371 1349; x_wconf 74' lang='lat' dir='ltr'><strong>Abstulit,</strong></span> <span class='ocrx_word' id='word_1_74' title='bbox 394 1274 426 1327; x_wconf 90' lang='lat' dir='ltr'><strong>et</strong></span> <span class='ocrx_word' id='word_1_75' title='bbox 447 1265 549 1327; x_wconf 87' lang='lat' dir='ltr'><strong>calidis</strong></span> <span class='ocrx_word' id='word_1_76' title='bbox 572 1267 713 1328; x_wconf 86' lang='lat' dir='ltr'><strong>laniatum</strong></span> <span class='ocrx_word' id='word_1_77' title='bbox 736 1271 842 1330; x_wconf 81' lang='lat' dir='ltr'><strong>mersit</strong></span> <span class='ocrx_word' id='word_1_78' title='bbox 862 1271 893 1330; x_wconf 94' lang='lat' dir='ltr'><strong>in</strong></span> <span class='ocrx_word' id='word_1_79' title='bbox 917 1270 1026 1332; x_wconf 79' lang='lat' dir='ltr'><strong>rmdis.</strong></span> 
     </span>
    </p>

    <p class='ocr_par' dir='ltr' id='par_1_5' title="bbox 159 1353 1098 1442">
     <span class='ocr_line' id='line_1_13' title="bbox 159 1353 1098 1442; baseline 0.006 -29"><span class='ocrx_word' id='word_1_80' title='bbox 159 1363 211 1416; x_wconf 78' lang='grc'><strong>330</strong></span> <span class='ocrx_word' id='word_1_81' title='bbox 270 1353 356 1425; x_wconf 84' lang='lat' dir='ltr'><strong>Quod</strong></span> <span class='ocrx_word' id='word_1_82' title='bbox 379 1356 437 1415; x_wconf 90' lang='lat' dir='ltr'><strong>nisi</strong></span> <span class='ocrx_word' id='word_1_83' title='bbox 459 1357 595 1434; x_wconf 91' lang='lat' dir='ltr'><strong>pennatis</strong></span> <span class='ocrx_word' id='word_1_84' title='bbox 618 1356 808 1436; x_wconf 79' lang='lat' dir='ltr'><strong>serpentibus</strong></span> <span class='ocrx_word' id='word_1_85' title='bbox 830 1359 904 1418; x_wconf 89' lang='lat' dir='ltr'><strong>isset</strong></span> <span class='ocrx_word' id='word_1_86' title='bbox 925 1360 957 1419; x_wconf 93' lang='lat' dir='ltr'><strong>in</strong></span> <span class='ocrx_word' id='word_1_87' title='bbox 980 1375 1098 1442; x_wconf 88' lang='lat' dir='ltr'><strong>auras,</strong></span> 
     </span>
    </p>

    <p class='ocr_par' dir='ltr' id='par_1_6' title="bbox 92 1442 1176 1789">
     <span class='ocr_line' id='line_1_14' title="bbox 92 1442 1071 1526; baseline 0.005 -24"><span class='ocrx_word' id='word_1_88' title='bbox 92 1446 103 1461; x_wconf 83' lang='grc'><strong>“</strong></span> <span class='ocrx_word' id='word_1_89' title='bbox 134 1464 136 1467; x_wconf 95' lang='grc'><strong><em>·</em></strong></span> <span class='ocrx_word' id='word_1_90' title='bbox 225 1442 290 1503; x_wconf 91' lang='lat' dir='ltr'><strong>Non</strong></span> <span class='ocrx_word' id='word_1_91' title='bbox 314 1451 449 1523; x_wconf 81' lang='lat' dir='ltr'><strong>exempta</strong></span> <span class='ocrx_word' id='word_1_92' title='bbox 472 1444 550 1504; x_wconf 87' lang='lat' dir='ltr'><strong>ioret</strong></span> <span class='ocrx_word' id='word_1_93' title='bbox 570 1461 706 1523; x_wconf 90' lang='lat' dir='ltr'><strong>poenae.</strong></span> <span class='ocrx_word' id='word_1_94' title='bbox 734 1444 809 1524; x_wconf 80' lang='lat' dir='ltr'><strong>rugit</strong></span> <span class='ocrx_word' id='word_1_95' title='bbox 833 1445 889 1506; x_wconf 88' lang='lat' dir='ltr'><strong>alta</strong></span> <span class='ocrx_word' id='word_1_96' title='bbox 912 1463 1071 1526; x_wconf 83' lang='lat' dir='ltr'><strong>superque</strong></span> 
     </span>
     <span class='ocr_line' id='line_1_15' title="bbox 225 1531 1010 1616; baseline 0.004 -25"><span class='ocrx_word' id='word_1_97' title='bbox 225 1531 326 1592; x_wconf 89' lang='lat' dir='ltr'><strong>Pelion</strong></span> <span class='ocrx_word' id='word_1_98' title='bbox 350 1531 546 1613; x_wconf 90' lang='lat' dir='ltr'><strong>umbrosum,</strong></span> <span class='ocrx_word' id='word_1_99' title='bbox 568 1531 715 1612; x_wconf 79' lang='lat' dir='ltr'><strong>Philyreia</strong></span> <span class='ocrx_word' id='word_1_100' title='bbox 738 1540 837 1616; x_wconf 90' lang='lat' dir='ltr'><strong>tecta,</strong></span> <span class='ocrx_word' id='word_1_101' title='bbox 860 1551 1010 1613; x_wconf 87' lang='lat' dir='ltr'><strong>superque</strong></span> 
     </span>
     <span class='ocr_line' id='line_1_16' title="bbox 224 1618 1176 1700; baseline 0 -20"><span class='ocrx_word' id='word_1_102' title='bbox 224 1619 339 1700; x_wconf 82' lang='lat' dir='ltr'><strong>Othryn</strong></span> <span class='ocrx_word' id='word_1_103' title='bbox 362 1629 392 1681; x_wconf 89' lang='lat' dir='ltr'><strong>et</strong></span> <span class='ocrx_word' id='word_1_104' title='bbox 415 1628 521 1681; x_wconf 86' lang='lat' dir='ltr'><strong>eventu</strong></span> <span class='ocrx_word' id='word_1_105' title='bbox 545 1622 654 1681; x_wconf 81' lang='lat' dir='ltr'><strong>veteris</strong></span> <span class='ocrx_word' id='word_1_106' title='bbox 676 1620 740 1681; x_wconf 92' lang='lat' dir='ltr'><strong>loca</strong></span> <span class='ocrx_word' id='word_1_107' title='bbox 762 1618 832 1682; x_wconf 81' lang='lat' dir='ltr'><strong>nota</strong></span> <span class='ocrx_word' id='word_1_108' title='bbox 856 1620 1007 1682; x_wconf 83' lang='lat' dir='ltr'><strong>Cerambi.</strong></span> <span class='ocrx_word' id='word_1_109' title='bbox 1050 1636 1073 1678; x_wconf 75' lang='lat' dir='ltr'><strong>a.</strong></span> <span class='ocrx_word' id='word_1_110' title='bbox 1090 1637 1176 1680; x_wconf 60' lang='grc' dir='ltr'><strong>και.</strong></span> 
     </span>
     <span class='ocr_line' id='line_1_17' title="bbox 225 1707 1008 1789; baseline 0.004 -22"><span class='ocrx_word' id='word_1_111' title='bbox 225 1707 280 1768; x_wconf 84' lang='grc' dir='ltr'><strong>Η13</strong></span> <span class='ocrx_word' id='word_1_112' title='bbox 303 1726 359 1788; x_wconf 92' lang='lat' dir='ltr'><strong>ope</strong></span> <span class='ocrx_word' id='word_1_113' title='bbox 382 1708 578 1788; x_wconf 79' lang='lat' dir='ltr'><strong>nympharum</strong></span> <span class='ocrx_word' id='word_1_114' title='bbox 601 1707 736 1769; x_wconf 89' lang='lat' dir='ltr'><strong>sublatus</strong></span> <span class='ocrx_word' id='word_1_115' title='bbox 758 1711 790 1771; x_wconf 89' lang='lat' dir='ltr'><strong>io</strong></span> <span class='ocrx_word' id='word_1_116' title='bbox 813 1715 881 1770; x_wconf 75' lang='lat' dir='ltr'><strong>aira</strong></span> <span class='ocrx_word' id='word_1_117' title='bbox 903 1711 1008 1789; x_wconf 90' lang='lat' dir='ltr'><strong>pennis</strong></span> 
     </span>
    </p>

    <p class='ocr_par' dir='ltr' id='par_1_7' title="bbox 158 1796 1011 2054">
     <span class='ocr_line' id='line_1_18' title="bbox 158 1796 1011 1879; baseline 0.001 -23"><span class='ocrx_word' id='word_1_118' title='bbox 158 1805 210 1856; x_wconf 79' lang='grc'><strong>330</strong></span> <span class='ocrx_word' id='word_1_119' title='bbox 226 1796 300 1857; x_wconf 90' lang='lat' dir='ltr'><strong>Cum</strong></span> <span class='ocrx_word' id='word_1_120' title='bbox 323 1799 420 1876; x_wconf 81' lang='lat' dir='ltr'><strong>gravis</strong></span> <span class='ocrx_word' id='word_1_121' title='bbox 443 1797 541 1857; x_wconf 86' lang='lat' dir='ltr'><strong>inluso</strong></span> <span class='ocrx_word' id='word_1_122' title='bbox 565 1796 652 1858; x_wconf 92' lang='lat' dir='ltr'><strong>tellus</strong></span> <span class='ocrx_word' id='word_1_123' title='bbox 676 1799 754 1857; x_wconf 88' lang='lat' dir='ltr'><strong>loret</strong></span> <span class='ocrx_word' id='word_1_124' title='bbox 776 1796 881 1859; x_wconf 87' lang='lat' dir='ltr'><strong>obruta</strong></span> <span class='ocrx_word' id='word_1_125' title='bbox 904 1806 1011 1879; x_wconf 88' lang='lat' dir='ltr'><strong>ponto,</strong></span> 
     </span>
     <span class='ocr_line' id='line_1_19' title="bbox 223 1883 875 1964; baseline 0.002 -19"><span class='ocrx_word' id='word_1_126' title='bbox 223 1884 435 1946; x_wconf 81' lang='lat' dir='ltr'><strong>Deucalioneas</strong></span> <span class='ocrx_word' id='word_1_127' title='bbox 458 1886 562 1964; x_wconf 84' lang='lat' dir='ltr'><strong>elingit</strong></span> <span class='ocrx_word' id='word_1_128' title='bbox 583 1883 742 1947; x_wconf 88' lang='lat' dir='ltr'><strong>inobrutus</strong></span> <span class='ocrx_word' id='word_1_129' title='bbox 764 1886 875 1946; x_wconf 91' lang='lat' dir='ltr'><strong>undas.</strong></span> 
     </span>
     <span class='ocr_line' id='line_1_20' title="bbox 224 1972 917 2054; baseline 0.006 -22"><span class='ocrx_word' id='word_1_130' title='bbox 224 1972 353 2034; x_wconf 71' lang='lat' dir='ltr'><strong>Aeoliam</strong></span> <span class='ocrx_word' id='word_1_131' title='bbox 376 1973 501 2034; x_wconf 87' lang='lat' dir='ltr'><strong>Pitanen</strong></span> <span class='ocrx_word' id='word_1_132' title='bbox 524 1991 541 2034; x_wconf 89' lang='lat' dir='ltr'><strong>a</strong></span> <span class='ocrx_word' id='word_1_133' title='bbox 563 1972 644 2033; x_wconf 84' lang='lat' dir='ltr'><strong>laeva</strong></span> <span class='ocrx_word' id='word_1_134' title='bbox 666 1981 751 2054; x_wconf 89' lang='lat' dir='ltr'><strong>parte</strong></span> <span class='ocrx_word' id='word_1_135' title='bbox 774 1974 917 2054; x_wconf 80' lang='lat' dir='ltr'><strong>relinquit</strong></span> 
     </span>
    </p>

    <p class='ocr_par' dir='ltr' id='par_1_8' title="bbox 189 2060 1174 2141">
     <span class='ocr_line' id='line_1_21' title="bbox 189 2060 1174 2141; baseline 0.005 -22"><span class='ocrx_word' id='word_1_136' title='bbox 189 2108 193 2116; x_wconf 95' lang='lat'>.</span> <span class='ocrx_word' id='word_1_137' title='bbox 224 2061 370 2141; x_wconf 80' lang='lat' dir='ltr'><strong>Factaque</strong></span> <span class='ocrx_word' id='word_1_138' title='bbox 393 2060 430 2122; x_wconf 93' lang='lat' dir='ltr'><strong>de</strong></span> <span class='ocrx_word' id='word_1_139' title='bbox 453 2080 523 2122; x_wconf 84' lang='lat' dir='ltr'><strong>saxo</strong></span> <span class='ocrx_word' id='word_1_140' title='bbox 546 2061 627 2141; x_wconf 83' lang='lat' dir='ltr'><strong>longi</strong></span> <span class='ocrx_word' id='word_1_141' title='bbox 649 2062 805 2122; x_wconf 88' lang='lat' dir='ltr'><strong>simulacra</strong></span> <span class='ocrx_word' id='word_1_142' title='bbox 828 2062 981 2125; x_wconf 85' lang='lat' dir='ltr'><strong>draconis:</strong></span> <span class='ocrx_word' id='word_1_143' title='bbox 1094 2078 1124 2121; x_wconf 78' lang='grc' dir='ltr'><strong>ι.</strong></span> <span class='ocrx_word' id='word_1_144' title='bbox 1143 2092 1174 2124; x_wconf 73' lang='lat'><strong>0.</strong></span> 
     </span>
    </p>

    <p class='ocr_par' dir='ltr' id='par_1_9' title="bbox 223 2149 1022 2233">
     <span class='ocr_line' id='line_1_22' title="bbox 223 2149 1022 2233; baseline 0.003 -24"><span class='ocrx_word' id='word_1_145' title='bbox 223 2149 402 2228; x_wconf 80' lang='lat' dir='ltr'><strong>Idaeumque</strong></span> <span class='ocrx_word' id='word_1_146' title='bbox 425 2167 552 2231; x_wconf 85' lang='lat' dir='ltr'><strong>nemus,</strong></span> <span class='ocrx_word' id='word_1_147' title='bbox 576 2167 635 2228; x_wconf 89' lang='lat' dir='ltr'><strong>quo</strong></span> <span class='ocrx_word' id='word_1_148' title='bbox 659 2152 720 2211; x_wconf 89' lang='lat' dir='ltr'><strong>nati</strong></span> <span class='ocrx_word' id='word_1_149' title='bbox 743 2151 822 2212; x_wconf 81' lang='lat' dir='ltr'><strong>furta</strong></span> <span class='ocrx_word' id='word_1_150' title='bbox 834 2198 844 2233; x_wconf 91' lang='lat'><strong>,</strong></span> <span class='ocrx_word' id='word_1_151' title='bbox 866 2153 1022 2213; x_wconf 85' lang='lat' dir='ltr'><strong>iuvencum</strong></span> 
     </span>
    </p>

    <p class='ocr_par' dir='ltr' id='par_1_10' title="bbox 157 2236 1172 2672">
     <span class='ocr_line' id='line_1_23' title="bbox 157 2236 1171 2318; baseline 0.004 -21"><span class='ocrx_word' id='word_1_152' title='bbox 157 2248 208 2298; x_wconf 88' lang='grc'><strong>330</strong></span> <span class='ocrx_word' id='word_1_153' title='bbox 223 2238 362 2300; x_wconf 88' lang='lat' dir='ltr'><strong>Oceuluit</strong></span> <span class='ocrx_word' id='word_1_154' title='bbox 383 2236 472 2299; x_wconf 91' lang='lat' dir='ltr'><strong>Liber</strong></span> <span class='ocrx_word' id='word_1_155' title='bbox 495 2238 560 2298; x_wconf 87' lang='lat' dir='ltr'><strong>lalsi</strong></span> <span class='ocrx_word' id='word_1_156' title='bbox 583 2237 639 2299; x_wconf 87' lang='lat' dir='ltr'><strong>sub</strong></span> <span class='ocrx_word' id='word_1_157' title='bbox 663 2240 789 2318; x_wconf 81' lang='lat' dir='ltr'><strong>imagine</strong></span> <span class='ocrx_word' id='word_1_158' title='bbox 812 2242 910 2300; x_wconf 84' lang='lat' dir='ltr'><strong>cerri:</strong></span> <span class='ocrx_word' id='word_1_159' title='bbox 1083 2255 1109 2298; x_wconf 79' lang='lat' dir='ltr'><strong>r.</strong></span> <span class='ocrx_word' id='word_1_160' title='bbox 1129 2260 1171 2301; x_wconf 68' lang='lat' dir='ltr'><strong>er.</strong></span> 
     </span>
     <span class='ocr_line' id='line_1_24' title="bbox 223 2325 1172 2406; baseline 0.002 -20"><span class='ocrx_word' id='word_1_161' title='bbox 223 2326 346 2406; x_wconf 84' lang='lat' dir='ltr'><strong>Ouaque</strong></span> <span class='ocrx_word' id='word_1_162' title='bbox 369 2335 453 2406; x_wconf 87' lang='lat' dir='ltr'><strong>pater</strong></span> <span class='ocrx_word' id='word_1_163' title='bbox 476 2325 596 2405; x_wconf 82' lang='lat' dir='ltr'><strong>Corythi</strong></span> <span class='ocrx_word' id='word_1_164' title='bbox 618 2344 708 2406; x_wconf 83' lang='lat' dir='ltr'><strong>parra</strong></span> <span class='ocrx_word' id='word_1_165' title='bbox 730 2327 892 2388; x_wconf 88' lang='lat' dir='ltr'><strong>tumulatus</strong></span> <span class='ocrx_word' id='word_1_166' title='bbox 915 2327 1044 2389; x_wconf 84' lang='lat' dir='ltr'><strong>harena:</strong></span> <span class='ocrx_word' id='word_1_167' title='bbox 1075 2343 1097 2384; x_wconf 83' lang='lat' dir='ltr'><strong>r.</strong></span> <span class='ocrx_word' id='word_1_168' title='bbox 1115 2346 1172 2388; x_wconf 70' lang='lat' dir='ltr'><strong>aaa.</strong></span> 
     </span>
     <span class='ocr_line' id='line_1_25' title="bbox 223 2413 1170 2495; baseline 0.002 -21"><span class='ocrx_word' id='word_1_169' title='bbox 223 2413 261 2475; x_wconf 83' lang='lat' dir='ltr'><strong>Et</strong></span> <span class='ocrx_word' id='word_1_170' title='bbox 283 2433 358 2493; x_wconf 92' lang='lat' dir='ltr'><strong>quos</strong></span> <span class='ocrx_word' id='word_1_171' title='bbox 380 2414 478 2475; x_wconf 89' lang='lat' dir='ltr'><strong>blaera</strong></span> <span class='ocrx_word' id='word_1_172' title='bbox 501 2432 577 2475; x_wconf 88' lang='lat' dir='ltr'><strong>noro</strong></span> <span class='ocrx_word' id='word_1_173' title='bbox 600 2415 708 2476; x_wconf 87' lang='lat' dir='ltr'><strong>latratu</strong></span> <span class='ocrx_word' id='word_1_174' title='bbox 732 2417 840 2476; x_wconf 88' lang='lat' dir='ltr'><strong>terruit</strong></span> <span class='ocrx_word' id='word_1_175' title='bbox 863 2434 965 2495; x_wconf 80' lang='lat' dir='ltr'><strong>agros:</strong></span> <span class='ocrx_word' id='word_1_176' title='bbox 1060 2430 1087 2474; x_wconf 83' lang='lat' dir='ltr'><strong>r.</strong></span> <span class='ocrx_word' id='word_1_177' title='bbox 1104 2434 1170 2476; x_wconf 70' lang='lat' dir='ltr'><strong>aru.</strong></span> 
     </span>
     <span class='ocr_line' id='line_1_26' title="bbox 222 2501 1168 2584; baseline 0.003 -22"><span class='ocrx_word' id='word_1_178' title='bbox 222 2501 422 2584; x_wconf 80' lang='lat' dir='ltr'><strong>Eurypylique</strong></span> <span class='ocrx_word' id='word_1_179' title='bbox 445 2502 573 2584; x_wconf 91' lang='lat' dir='ltr'><strong>urbem,</strong></span> <span class='ocrx_word' id='word_1_180' title='bbox 595 2520 652 2582; x_wconf 94' lang='lat' dir='ltr'><strong>qua</strong></span> <span class='ocrx_word' id='word_1_181' title='bbox 678 2503 753 2564; x_wconf 92' lang='lat' dir='ltr'><strong>Coae</strong></span> <span class='ocrx_word' id='word_1_182' title='bbox 776 2521 888 2565; x_wconf 91' lang='lat' dir='ltr'><strong>cornua</strong></span> <span class='ocrx_word' id='word_1_183' title='bbox 910 2512 1019 2565; x_wconf 90' lang='lat' dir='ltr'><strong>matres</strong></span> <span class='ocrx_word' id='word_1_184' title='bbox 1061 2519 1086 2562; x_wconf 83' lang='lat' dir='ltr'><strong>r.</strong></span> <span class='ocrx_word' id='word_1_185' title='bbox 1101 2522 1168 2565; x_wconf 64' lang='lat' dir='ltr'><strong>arv.</strong></span> 
     </span>
     <span class='ocr_line' id='line_1_27' title="bbox 224 2590 1065 2672; baseline 0.006 -21"><span class='ocrx_word' id='word_1_186' title='bbox 224 2590 389 2652; x_wconf 85' lang='lat' dir='ltr'><strong>Cesserunt</strong></span> <span class='ocrx_word' id='word_1_187' title='bbox 411 2599 474 2652; x_wconf 89' lang='lat' dir='ltr'><strong>tum</strong></span> <span class='ocrx_word' id='word_1_188' title='bbox 498 2610 565 2652; x_wconf 90' lang='lat' dir='ltr'><strong>cum</strong></span> <span class='ocrx_word' id='word_1_189' title='bbox 590 2591 757 2653; x_wconf 91' lang='lat' dir='ltr'><strong>discederet</strong></span> <span class='ocrx_word' id='word_1_190' title='bbox 780 2591 916 2653; x_wconf 89' lang='lat' dir='ltr'><strong>Herculis</strong></span> <span class='ocrx_word' id='word_1_191' title='bbox 938 2611 1065 2672; x_wconf 85' lang='lat' dir='ltr'><strong>agmen:</strong></span> 
     </span>
    </p>

    <p class='ocr_par' dir='ltr' id='par_1_11' title="bbox 156 2678 1164 3113">
     <span class='ocr_line' id='line_1_28' title="bbox 156 2678 990 2764; baseline 0.006 -27"><span class='ocrx_word' id='word_1_192' title='bbox 156 2689 207 2738; x_wconf 80' lang='lat' dir='ltr'><strong>sao</strong></span> <span class='ocrx_word' id='word_1_193' title='bbox 222 2678 449 2759; x_wconf 86' lang='lat' dir='ltr'><strong>Phoebeamque</strong></span> <span class='ocrx_word' id='word_1_194' title='bbox 473 2679 597 2740; x_wconf 85' lang='lat' dir='ltr'><strong>Rhodon</strong></span> <span class='ocrx_word' id='word_1_195' title='bbox 621 2688 650 2740; x_wconf 89' lang='lat' dir='ltr'><strong>et</strong></span> <span class='ocrx_word' id='word_1_196' title='bbox 673 2679 793 2760; x_wconf 86' lang='lat' dir='ltr'><strong>Ialysios</strong></span> <span class='ocrx_word' id='word_1_197' title='bbox 816 2680 990 2764; x_wconf 82' lang='lat' dir='ltr'><strong>Telchinas,</strong></span> 
     </span>
     <span class='ocr_line' id='line_1_29' title="bbox 224 2767 941 2848; baseline 0.001 -20"><span class='ocrx_word' id='word_1_198' title='bbox 224 2768 358 2838; x_wconf 83' lang='lat' dir='ltr'><strong>Quorum</strong></span> <span class='ocrx_word' id='word_1_199' title='bbox 382 2767 483 2828; x_wconf 87' lang='lat' dir='ltr'><strong>oculos</strong></span> <span class='ocrx_word' id='word_1_200' title='bbox 507 2771 571 2848; x_wconf 92' lang='lat' dir='ltr'><strong>ipso</strong></span> <span class='ocrx_word' id='word_1_201' title='bbox 595 2769 733 2829; x_wconf 88' lang='lat' dir='ltr'><strong>vitiantes</strong></span> <span class='ocrx_word' id='word_1_202' title='bbox 756 2771 855 2829; x_wconf 91' lang='lat' dir='ltr'><strong>omnia</strong></span> <span class='ocrx_word' id='word_1_203' title='bbox 876 2771 941 2830; x_wconf 86' lang='lat' dir='ltr'><strong>visu</strong></span> 
     </span>
     <span class='ocr_line' id='line_1_30' title="bbox 223 2855 1164 2936; baseline 0.004 -21"><span class='ocrx_word' id='word_1_204' title='bbox 223 2857 355 2936; x_wconf 85' lang='lat' dir='ltr'><strong>luppiter</strong></span> <span class='ocrx_word' id='word_1_205' title='bbox 377 2874 485 2917; x_wconf 85' lang='lat' dir='ltr'><strong>exosus</strong></span> <span class='ocrx_word' id='word_1_206' title='bbox 508 2857 647 2918; x_wconf 79' lang='lat' dir='ltr'><strong>fraternis</strong></span> <span class='ocrx_word' id='word_1_207' title='bbox 671 2855 802 2919; x_wconf 85' lang='lat' dir='ltr'><strong>subdidit</strong></span> <span class='ocrx_word' id='word_1_208' title='bbox 824 2857 928 2918; x_wconf 91' lang='lat' dir='ltr'><strong>undis.</strong></span> <span class='ocrx_word' id='word_1_209' title='bbox 1073 2874 1098 2915; x_wconf 85' lang='lat' dir='ltr'><strong>r.</strong></span> <span class='ocrx_word' id='word_1_210' title='bbox 1113 2886 1164 2919; x_wconf 69' lang='lat' dir='ltr'><strong>«v.</strong></span> 
     </span>
     <span class='ocr_line' id='line_1_31' title="bbox 222 2943 971 3027; baseline 0.003 -23"><span class='ocrx_word' id='word_1_211' title='bbox 222 2945 344 3005; x_wconf 86' lang='lat' dir='ltr'><strong>Transit</strong></span> <span class='ocrx_word' id='word_1_212' title='bbox 365 2953 396 3005; x_wconf 90' lang='grc'><strong>30</strong></span> <span class='ocrx_word' id='word_1_213' title='bbox 418 2947 556 3023; x_wconf 89' lang='lat' dir='ltr'><strong>antiquae</strong></span> <span class='ocrx_word' id='word_1_214' title='bbox 580 2943 716 3005; x_wconf 89' lang='lat' dir='ltr'><strong>Cartheia</strong></span> <span class='ocrx_word' id='word_1_215' title='bbox 739 2948 855 3006; x_wconf 90' lang='lat' dir='ltr'><strong>moenia</strong></span> <span class='ocrx_word' id='word_1_216' title='bbox 879 2945 971 3027; x_wconf 86' lang='lat' dir='ltr'><strong>Ceae,</strong></span> 
     </span>
     <span class='ocr_line' id='line_1_32' title="bbox 223 3031 1067 3113; baseline 0.005 -21"><span class='ocrx_word' id='word_1_217' title='bbox 223 3033 286 3103; x_wconf 84' lang='lat' dir='ltr'><strong>Qua</strong></span> <span class='ocrx_word' id='word_1_218' title='bbox 310 3041 394 3112; x_wconf 88' lang='lat' dir='ltr'><strong>pater</strong></span> <span class='ocrx_word' id='word_1_219' title='bbox 416 3033 580 3093; x_wconf 77' lang='lat' dir='ltr'><strong>Alcidamas</strong></span> <span class='ocrx_word' id='word_1_220' title='bbox 603 3031 747 3112; x_wconf 91' lang='lat' dir='ltr'><strong>placidam</strong></span> <span class='ocrx_word' id='word_1_221' title='bbox 771 3033 808 3094; x_wconf 89' lang='lat' dir='ltr'><strong>da</strong></span> <span class='ocrx_word' id='word_1_222' title='bbox 831 3052 956 3113; x_wconf 92' lang='lat' dir='ltr'><strong>corpore</strong></span> <span class='ocrx_word' id='word_1_223' title='bbox 980 3045 1067 3096; x_wconf 85' lang='lat' dir='ltr'><strong>natae</strong></span> 
     </span>
    </p>

    <p class='ocr_par' dir='ltr' id='par_1_12' title="bbox 155 3120 1160 3554">
     <span class='ocr_line' id='line_1_33' title="bbox 155 3120 1160 3201; baseline 0.004 -21"><span class='ocrx_word' id='word_1_224' title='bbox 155 3131 207 3182; x_wconf 79' lang='grc'><strong>330</strong></span> <span class='ocrx_word' id='word_1_225' title='bbox 221 3120 382 3182; x_wconf 88' lang='lat' dir='ltr'><strong>bliraturus</strong></span> <span class='ocrx_word' id='word_1_226' title='bbox 406 3130 470 3182; x_wconf 89' lang='lat' dir='ltr'><strong>erat</strong></span> <span class='ocrx_word' id='word_1_227' title='bbox 492 3123 574 3182; x_wconf 90' lang='lat' dir='ltr'><strong>nasci</strong></span> <span class='ocrx_word' id='word_1_228' title='bbox 596 3124 729 3201; x_wconf 89' lang='lat' dir='ltr'><strong>potuisse</strong></span> <span class='ocrx_word' id='word_1_229' title='bbox 753 3121 932 3183; x_wconf 89' lang='lat' dir='ltr'><strong>columbam.</strong></span> <span class='ocrx_word' id='word_1_230' title='bbox 1062 3138 1088 3178; x_wconf 80' lang='lat' dir='ltr'><strong>r.</strong></span> <span class='ocrx_word' id='word_1_231' title='bbox 1103 3140 1160 3184; x_wconf 75' lang='lat' dir='ltr'><strong>cvi.</strong></span> 
     </span>
     <span class='ocr_line' id='line_1_34' title="bbox 224 3208 985 3292; baseline 0.005 -24"><span class='ocrx_word' id='word_1_232' title='bbox 224 3209 294 3269; x_wconf 83' lang='lat' dir='ltr'><strong>inde</strong></span> <span class='ocrx_word' id='word_1_233' title='bbox 319 3208 399 3270; x_wconf 90' lang='lat' dir='ltr'><strong>lacus</strong></span> <span class='ocrx_word' id='word_1_234' title='bbox 422 3208 529 3289; x_wconf 88' lang='lat' dir='ltr'><strong>Hyries</strong></span> <span class='ocrx_word' id='word_1_235' title='bbox 552 3210 632 3269; x_wconf 88' lang='lat' dir='ltr'><strong>videt</strong></span> <span class='ocrx_word' id='word_1_236' title='bbox 654 3217 686 3271; x_wconf 92' lang='grc'><strong>30</strong></span> <span class='ocrx_word' id='word_1_237' title='bbox 708 3208 833 3289; x_wconf 86' lang='lat' dir='ltr'><strong>Cycneia</strong></span> <span class='ocrx_word' id='word_1_238' title='bbox 856 3210 985 3292; x_wconf 83' lang='lat' dir='ltr'><strong>Tempe,</strong></span> 
     </span>
     <span class='ocr_line' id='line_1_35' title="bbox 223 3297 1073 3378; baseline 0.005 -20"><span class='ocrx_word' id='word_1_239' title='bbox 223 3297 304 3367; x_wconf 89' lang='lat' dir='ltr'><strong>Quae</strong></span> <span class='ocrx_word' id='word_1_240' title='bbox 328 3297 445 3359; x_wconf 90' lang='lat' dir='ltr'><strong>subitus</strong></span> <span class='ocrx_word' id='word_1_241' title='bbox 468 3297 628 3359; x_wconf 85' lang='lat' dir='ltr'><strong>celebrarit</strong></span> <span class='ocrx_word' id='word_1_242' title='bbox 651 3298 736 3358; x_wconf 92' lang='lat' dir='ltr'><strong>olor.</strong></span> <span class='ocrx_word' id='word_1_243' title='bbox 764 3316 832 3359; x_wconf 89' lang='lat' dir='ltr'><strong>nam</strong></span> <span class='ocrx_word' id='word_1_244' title='bbox 855 3297 986 3378; x_wconf 90' lang='lat' dir='ltr'><strong>Phyllius</strong></span> <span class='ocrx_word' id='word_1_245' title='bbox 1009 3301 1073 3362; x_wconf 93' lang='lat' dir='ltr'><strong>illic</strong></span> 
     </span>
     <span class='ocr_line' id='line_1_36' title="bbox 223 3385 999 3466; baseline 0.005 -22"><span class='ocrx_word' id='word_1_246' title='bbox 223 3385 350 3464; x_wconf 88' lang='lat' dir='ltr'><strong>imperio</strong></span> <span class='ocrx_word' id='word_1_247' title='bbox 374 3388 460 3465; x_wconf 91' lang='lat' dir='ltr'><strong>pueri</strong></span> <span class='ocrx_word' id='word_1_248' title='bbox 483 3386 680 3465; x_wconf 88' lang='lat' dir='ltr'><strong>volucresque</strong></span> <span class='ocrx_word' id='word_1_249' title='bbox 703 3387 859 3466; x_wconf 82' lang='lat' dir='ltr'><strong>ferumque</strong></span> <span class='ocrx_word' id='word_1_250' title='bbox 883 3386 999 3448; x_wconf 89' lang='lat' dir='ltr'><strong>leonem</strong></span> 
     </span>
     <span class='ocr_line' id='line_1_37' title="bbox 221 3472 1133 3554; baseline 0.012 -23"><span class='ocrx_word' id='word_1_251' title='bbox 221 3472 396 3534; x_wconf 90' lang='lat' dir='ltr'><strong>Tradiderat</strong></span> <span class='ocrx_word' id='word_1_252' title='bbox 418 3473 568 3536; x_wconf 84' lang='lat' dir='ltr'><strong>dondtcs.</strong></span> <span class='ocrx_word' id='word_1_253' title='bbox 596 3484 715 3535; x_wconf 91' lang='lat' dir='ltr'><strong>taurum</strong></span> <span class='ocrx_word' id='word_1_254' title='bbox 739 3493 857 3554; x_wconf 88' lang='lat' dir='ltr'><strong>quoque</strong></span> <span class='ocrx_word' id='word_1_255' title='bbox 882 3478 1001 3536; x_wconf 84' lang='lat' dir='ltr'><strong>vincere</strong></span> <span class='ocrx_word' id='word_1_256' title='bbox 1025 3479 1133 3542; x_wconf 88' lang='lat' dir='ltr'><strong>iussus</strong></span> 
     </span>
    </p>

    <p class='ocr_par' dir='ltr' id='par_1_13' title="bbox 155 3558 911 3640">
     <span class='ocr_line' id='line_1_38' title="bbox 155 3558 911 3640; baseline 0.007 -22"><span class='ocrx_word' id='word_1_257' title='bbox 155 3569 206 3618; x_wconf 76' lang='grc'><strong>333</strong></span> <span class='ocrx_word' id='word_1_258' title='bbox 223 3558 360 3640; x_wconf 89' lang='lat' dir='ltr'><strong>Vicerat,</strong></span> <span class='ocrx_word' id='word_1_259' title='bbox 383 3569 414 3620; x_wconf 92' lang='lat' dir='ltr'><strong>et</strong></span> <span class='ocrx_word' id='word_1_260' title='bbox 436 3569 537 3639; x_wconf 87' lang='lat' dir='ltr'><strong>spreto</strong></span> <span class='ocrx_word' id='word_1_261' title='bbox 562 3564 671 3623; x_wconf 84' lang='lat' dir='ltr'><strong>tollens</strong></span> <span class='ocrx_word' id='word_1_262' title='bbox 695 3564 789 3623; x_wconf 78' lang='lat' dir='ltr'><strong>batus</strong></span> <span class='ocrx_word' id='word_1_263' title='bbox 812 3581 911 3624; x_wconf 87' lang='lat' dir='ltr'><strong>amore</strong></span> 
     </span>
    </p>
   </div>
   <div class='ocr_carea' id='block_1_3' title="bbox 0 0 1238 4042">
    <p class='ocr_par' dir='ltr' id='par_1_14' title="bbox 0 0 1238 4042">
     <span class='ocr_line' id='line_1_39' title="bbox 0 0 1238 4042; baseline 0 4"><span class='ocrx_word' id='word_1_264' title='bbox 0 0 1238 4042; x_wconf 95' lang='lat' dir='ltr'><strong> </strong></span> 
     </span>
    </p>
   </div>
  </div>
 </body>
</html>
