2467 4042
431 184 476 256 x,
492 191 654 242 ecs-tea.
766 205 874 243 emm
984 185 1048 252 not

26 366 101 416 400
121 351 204 426 Quid
226 371 296 416 rear
317 348 476 415 ulterius?
498 359 580 415 certe
603 352 724 415 fortune
746 351 913 434 domusque

122 443 236 522 Sospes
251 443 326 504 etin
340 460 432 503 cursu
446 448 509 503 cst.
523 443 626 503 vivunt
638 444 834 522 genetrixque
842 490 852 526 ,
865 449 1009 522 paterque
1017 436 1048 504 .''

119 530 266 612 Myrrha,
287 539 372 611 petre
395 529 518 612 andito,
540 531 670 610 suspiria
691 530 776 592 duxit
797 531 836 593 ab
857 534 917 592 imo

119 619 274 682 Pectore.
301 637 357 681 nec
380 620 482 681 nutrix
505 620 667 685 etiamnum
689 621 819 700 concipit
841 620 935 683 ullum

119 708 223 771 Mente
247 708 333 770 nefas
345 755 355 790 ‚
378 708 566 787 aliquemque
589 715 690 769 tannen
715 711 880 788 praesentit
902 726 1049 771 amorem.

31 807 105 861 40⁶
121 797 336 877 Propositiquc
364 804 475 879 tenax,
498 795 707 876 quodcumque
735 805 804 880 eet,
827 806 914 879 ortt,
936 805 971 860 ut
992 799 1048 878 ipsi

119 885 263 968 indicet,
285 892 316 948 et
337 887 452 965 gremio
473 884 677 947 lacrimantem
698 884 778 947 tollit
798 886 886 968 anili,

121 974 223 1054 Atque
246 975 289 1037 ita
310 973 514 1053 complectens
534 974 661 1047 infirmis
684 972 818 1036 membra
838 975 977 1057 lacertis,

122 1057 308 1125 “Sensimus
320 1057 342 1143 ,⁹
365 1063 463 1142 inquit
486 1056 600 1124 ‘amas
628 1070 659 1123 et
681 1063 713 1122 in
735 1062 792 1124 hoc
814 1081 880 1125 mea
892 1111 902 1147 ,
923 1081 1001 1144 pone

96 1192 109 1217 .
895 1154 1032 1216 timorem

31 1296 38 1305 .
122 1239 276 1303 Scdulltas
300 1241 359 1303 erit
379 1247 451 1321 opta
469 1238 546 1303 tihi.
574 1257 631 1305 nec
654 1241 765 1305 sentiet
785 1257 927 1321 umquem
1040 1199 1050 1232 ’

37 1343 106 1395 410
121 1329 190 1392 Hoc
213 1337 298 1410 peter
312 1324 344 1390 .”
367 1329 487 1393 exsiluit
508 1331 622 1409 grentio
644 1328 827 1410 furibunda,
849 1337 1009 1409 torumque

122 1418 187 1481 Orc
213 1435 377 1500 premens,
401 1413 567 1500 “discede‚
588 1435 697 1497 precor
709 1465 719 1500 ,
746 1420 919 1499 miseroque
943 1417 1049 1498 pudori

122 1506 220 1569 Parce
234 1500 267 1568 l’'
290 1508 352 1569 ait.
379 1508 503 1568 instanti
526 1501 695 1588 “diecede,
716 1515 767 1568 aut
789 1502 904 1568 desine’
928 1506 1002 1568 dixit

124 1592 315 1676 ‘ouaezart‚
337 1594 409 1675 quid
432 1593 568 1659 deleant.
595 1594 695 1657 scelus
718 1603 786 1678 est,
809 1595 889 1675 quod
912 1597 989 1657 scire
1027 1678 1051 1707 n

219 1734 229 1746 .
894 1682 1025 1745 laboras.

123 1772 240 1836 Horret
256 1790 357 1854 euru,
380 1772 582 1852 tremrdasqnc
605 1790 711 1836 manus
739 1774 883 1853 annisque
910 1780 1051 1852 metuque

38 1874 103 1926 ιιι
121 1860 256 1944 Tendit,
279 1867 399 1923 etanta
422 1861 515 1941 pedes
537 1861 662 1942 supplex
685 1861 856 1942 procumbit
877 1861 1030 1942 alunurce,

125 1950 167 2011 Et
189 1950 277 2012 modo
300 1947 475 2032 blanditur,
496 1949 608 2032 modo,
631 1951 657 2011 si
680 1968 740 2013 non
763 1952 882 2013 conscia
904 1952 972 2032 liat,

125 2038 257 2121 Terret,
279 2045 312 2101 et
333 2037 476 2101 indicium
498 2037 597 2117 laquei
621 2047 802 2119 coeptaeque
825 2041 955 2101 utuntur

125 2127 254 2208 Mortis,
278 2134 309 2188 et
330 2127 464 2189 officum
485 2128 644 2193 commisso
667 2128 795 2209 spondet
817 2131 926 2191 amori.

125 2215 242 2279 Extulit
263 2214 313 2277 iila
335 2224 447 2297 capnt,
468 2214 658 2296 lacrimisque
681 2215 814 2296 implevit
836 2215 956 2281 obern

47 2318 112 2370 420
125 2305 258 2367 Pectora
276 2306 426 2386 nutricis3
448 2312 613 2383 concepto
637 2322 725 2384 saepe
748 2306 853 2385 lateri,

127 2394 224 2473 Saepe
246 2400 332 2455 tenet
352 2410 478 2473 rocem,
500 2392 739 2472 pudibundaque·
757 2392 894 2455 vostihue
911 2410 965 2455 cca

126 2481 216 2544 Texit
238 2489 269 2542 et
291 2475 345 2541 “o'
368 2480 443 2543 dixit
465 2476 594 2544 ‘inlicem
617 2483 743 2561 coniuge
766 2475 933 2545 matrem!”

126 2570 303 2653 Hactenus,
325 2577 357 2632 et
378 2571 512 2649 gemuit.
540 2568 653 2650 gelidos
676 2572 806 2632 nutricis
827 2573 859 2632 in
882 2577 966 2633 artus

127 2658 287 2740 Ossaque,
309 2660 404 2721 sensit
417 2661 519 2741 enim,
541 2665 680 2739 penetrat
693 2667 830 2741 tremor,
852 2658 977 2739 dieque
991 2664 1053 2719 toto

51 2754 112 2813 eet
126 2747 248 2811 Vertite
271 2748 396 2811 canities
416 2745 521 2826 rigidis
545 2748 629 2808 stetit
649 2746 728 2809 hirta
750 2746 881 2827 capillis.

126 2836 304 2918 liudteque,
325 2843 362 2899 ut
381 2843 538 2897 excuteret
560 2834 642 2897 diros
654 2883 664 2918 ‚
687 2837 713 2896 si
734 2844 858 2918 posset,
881 2852 1015 2916 emeres,

128 2923 270 2987 Addidit.
298 2931 329 2987 et
350 2926 435 3004 virgo
457 2925 518 2989 ecit
537 2942 571 2987 se
593 2942 655 2987 non
678 2923 907 3006 tusa-moneri,

128 3013 219 3075 Certa
240 3015 319 3075 mori
341 3021 440 3076 tamen
463 3019 532 3094 eet,
554 3015 580 3074 ei
603 3030 666 3077 nae
685 3014 818 3093 potiatur
840 3031 957 3076 unone.

128 3097 225 3165 “Viro
237 3096 260 3185 ,⁹
282 3103 325 3163 ait
346 3099 420 3164 haec
443 3096 569 3182 ‘potiere
592 3095 670 3163 tno’'
693 3131 736 3146 -
759 3109 812 3184 ct,
834 3120 895 3164 non
918 3118 989 3162 ansa

885 3183 1054 3269 “paemen

57 3293 115 3344 eto
128 3280 260 3362 Dicere,
282 3282 449 3362 conticuit3
471 3280 677 3360 promissaque
700 3280 822 3341 nurnine
845 3279 960 3340 mmet.

128 3369 219 3431 Festa
239 3369 306 3449 piae
329 3368 449 3431 Cereris
471 3367 664 3431 celebrabant
684 3386 781 3430 annm
803 3375 915 3429 matres

128 3457 204 3539 illa,
226 3456 337 3537 quihus
358 3459 444 3519 nivea
462 3457 574 3519 relatae
598 3475 724 3538 corpore
746 3464 829 3517 reete

129 3545 282 3610 Primitiae
304 3546 427 3627 nugam
448 3546 520 3609 dant
541 3548 643 3629 spicea
664 3554 745 3609 serta
766 3561 905 3614 suerum.
