2467 4042
471 205 553 269 nv,
572 202 728 254 ars-aso.
848 218 923 256 acca
1044 199 1108 264 291

188 365 328 428 Ostendit
350 364 507 446 iuvenale,
529 382 637 445 gerens
659 365 825 426 invertire
847 367 965 448 picum,

101 466 170 518 81⁶
187 454 269 516 Aede
292 472 376 515 sacra
397 455 528 535 positum
550 452 711 531 multisque
733 454 849 532 insigne
873 455 1008 516 coronis.

189 543 264 615 Quis
286 543 387 623 10101,
410 549 440 603 01
463 558 555 621 quare
579 558 663 603 sacra
685 540 835 603 coleretur
856 543 889 603 in
911 542 1000 623 aede,

188 631 251 693 Cur
272 630 348 692 hane
371 631 465 692 ferret
487 647 571 692 arem
582 676 592 710 ‚
615 631 770 709 quaerenti
793 637 823 693 et
845 632 922 691 scire
944 630 1054 692 volenti

187 715 322 800 5‘Aootpe
331 714 352 800 ,³
367 720 408 781 ait
421 714 592 800 diacoma,
610 718 806 797 dominaeque
818 720 951 798 potentia
965 737 1040 798 quae
1055 722 1094 781 sit
1101 767 1111 802 ,

189 807 266 869 llino
290 824 408 886 quoquc
431 807 513 868 disce
536 823 642 869 meae:
664 814 698 868 tu
721 805 809 868 dietis
832 807 914 868 adice
937 815 1084 869 mentem.

108 908 173 959 aad
234 896 324 957 Picus
346 898 377 956 in
399 895 561 976 Ausoniis,
583 894 683 974 proles
707 893 867 977 Saturnia,
889 898 978 958 terris

189 984 253 1045 1101
276 985 333 1045 suit
345 1031 354 1065 ,
377 984 496 1045 utillum
518 982 596 1044 bello
620 983 770 1045 studiosus
793 1001 955 1063 equorum.

189 1072 297 1134 Forma
319 1075 405 1153 viro,
429 1089 518 1150 quam
541 1074 662 1153 cernis,
686 1080 770 1133 erat.
797 1071 868 1134 lieet
889 1074 953 1153 ipse
973 1072 1111 1135 decorem

189 1162 344 1243 Aspicies,
362 1161 493 1239 'fictaque
516 1159 625 1240 probes
648 1159 684 1220 ab
706 1162 833 1239 imagine
856 1178 972 1222 veram.

188 1249 247 1310 Par
270 1251 386 1310 animus
408 1249 543 1329 formae3
566 1266 622 1311 nee
645 1248 741 1310 adhuc
764 1257 914 1329 spectasse
940 1267 995 1328 per
1019 1266 1111 1310 annos

111 1348 175 1398 325
190 1337 420 1417 Quinquennem
441 1344 559 1416 poterat
581 1335 668 1398 Graia
691 1346 795 1416 quater
817 1336 902 1398 Elide
924 1355 1067 1417 pugnam.

190 1426 241 1487 llle
265 1443 336 1487 suos
360 1425 485 1505 dryadas
506 1422 598 1487 Latiis
621 1427 653 1486 in
675 1424 827 1486 montibus
850 1433 931 1487 ortas

189 1513 326 1576 Verterat
347 1515 379 1574 in
402 1513 524 1595 vultus,
547 1513 631 1574 illum
654 1514 774 1575 1011010
796 1512 937 1593 petebant

190 1602 339 1683 Numina,
362 1602 502 1682 naiades,
527 1619 600 1681 quas
624 1601 750 1684 Albula,
774 1619 906 1682 quasque
928 1601 1063 1685 Numici,

192 1691 271 1763 Quas
293 1690 415 1752 Anienis
439 1707 554 1771 aquae,
578 1707 729 1770 cursuque
752 1690 944 1752 brevissimus
967 1691 1050 1752 Almo

118 1778 286 1840 1130110110
309 1778 379 1840 tulit
399 1796 543 1858 praeceps
567 1786 597 1840 et
620 1796 728 1859 opacae
751 1777 891 1840 Farfarus
914 1779 1028 1860 undae,

191 1867 334 1946 Quaeque
356 1866 460 1929 colunt
482 1865 637 1946 Scythicae
660 1884 787 1946 regnum
809 1867 958 1930 nemorale
982 1867 1089 1929 Dianae

190 1955 406 2034 Finitimosque
428 1955 531 2016 lacus.
561 1957 670 2035 spretis
693 1963 792 2017 umen
815 1955 952 2017 omnibus
975 1974 1064 2017 unam

190 2043 242 2104 llle
267 2043 337 2104 colit
359 2042 532 2125 nymphen,
555 2061 644 2123 quam
666 2043 815 2123 qnondam
836 2046 868 2105 in
891 2043 965 2106 colle
987 2043 1081 2104 Palati

191 2131 307 2193 Dicitur
328 2133 458 2193 innocuo
480 2134 634 2213 peperisse
657 2131 769 2194 Venilia
791 2131 877 2194 lano.

121 2219 270 2280 33111000
293 2218 345 2280 ubi
367 2218 519 2282 nubilibus
541 2222 672 2301 primum
695 2223 838 2283 maturuit
859 2223 961 2302 annis,

190 2308 364 2388 Praeposito
388 2310 504 2370 cunctis
526 2307 670 2371 Laurenti
691 2308 799 2370 tradita
821 2308 892 2369 Pico
916 2317 979 2371 est:

190 2396 268 2458 Rara
292 2394 412 2474 quidem
434 2396 532 2477 10010,
556 2398 609 2459 sed
632 2399 727 2458 rarior
750 2405 814 2458 arte
837 2396 979 2478 canendi,

189 2484 274 2547 Unde
298 2483 414 2547 Canens
437 2484 515 2547 dicta
537 2494 604 2547 est.
633 2485 720 2547 silvas
743 2493 774 2547 et
796 2502 864 2546 saxa
887 2503 1006 2548 movere

190 2573 230 2634 Et
253 2572 385 2635 mulcere
408 2574 487 2635 ieras
509 2581 541 2636 et
561 2573 683 2636 flumina
705 2573 793 2654 longa
814 2576 925 2635 morari

123 2661 251 2724 310010
275 2680 353 2744 suo,
374 2662 571 2743 volucresque
593 2681 681 2742 vagas
699 2665 830 2724 retinere
854 2661 983 2726 solebat.

190 2751 272 2822 Quae
296 2750 367 2813 dum
390 2751 517 2812 leminea
539 2751 708 2814 modulatur
731 2752 862 2813 carmina
883 2769 956 2814 voce
963 2797 974 2834 ,

188 2837 310 2917 Exierat
332 2848 412 2902 tecto
435 2839 600 2901 Laurentes
622 2840 712 2902 Picus
734 2842 766 2901 in
789 2857 894 2921 agros,

189 2927 346 3006 lndigenas
369 2929 484 2990 iiaurus
507 2946 617 3010 apros3
640 2936 817 3008 tergumque
840 2926 994 3009 premebat

190 3016 277 3078 Acris
300 3019 370 3097 equi
382 3063 392 3099 ,
414 3017 554 3097 laevaque
577 3016 695 3080 11οε11110
715 3017 786 3080 bina
808 3015 940 3097 serebat,

123 3115 174 3166 341
191 3105 369 3168 Poeniceam
391 3106 472 3166 iulvo
496 3104 680 3185 chlamydem
703 3113 875 3168 contractus
898 3102 935 3164 ab
955 3120 1045 3164 auro.

188 3191 318 3256 Venerat
339 3196 370 3255 in
394 3194 481 3255 silvas
505 3201 535 3255 et
557 3195 616 3256 filia
640 3194 717 3256 Solis
741 3193 877 3273 easdem,

188 3280 287 3361 thue
306 3300 396 3345 novas
418 3281 531 3362 legeret
554 3282 689 3345 secundis
712 3281 836 3345 collibus
859 3279 985 3362 herbae,

187 3369 314 3432 Nomine
338 3370 417 3433 dicta
439 3389 494 3432 suo
518 3369 639 3433 Circaea
660 3370 823 3450 reliquerat
845 3386 930 3430 arva.

189 3457 272 3531 Quae
296 3459 384 3522 simul
407 3477 441 3521 ao
464 3462 624 3543 iuvenem,
647 3460 782 3539 virgultis
805 3456 925 3539 abdita,
948 3456 1038 3538 vidit,

122 3560 174 3610 too
190 3547 362 3630 Obstipuit.
391 3547 527 3611 cecidere
550 3566 662 3630 manu,
686 3565 759 3627 quas
782 3547 894 3627 legerat
917 3544 1042 3608 herbas:

847 3645 898 3701 11*
