2467 4042
431 210 506 281 Vll,
523 210 696 280 aes—VIII,
714 217 765 266 bd.
855 230 951 267 cornu
1045 214 1104 277 151

125 394 161 443 ao
178 380 325 461 Spectare
349 397 386 439 ex
408 377 458 439 illa
479 376 567 458 rigidi
590 378 751 438 certamina
774 375 893 439 Martis.

178 468 304 547 lamque
327 484 410 527 mora
432 464 503 527 belli
524 483 685 547 procerum
714 483 832 545 quoque
860 467 980 527 uomina
1002 475 1104 550 norat,

178 559 332 636 Armaque
346 572 498 635 equosque
511 553 689 634 habitusque
704 553 916 635 Cydoneasque
934 554 1105 635 pharetras.

179 645 313 706 Noverat
335 650 403 704 ante
426 642 499 704 alios
522 643 628 704 faciem
651 641 736 704 ducis
758 641 912 724 Europei,

179 733 254 793 Plus
277 734 389 813 1110111,
412 749 500 810 quam
524 749 613 795 nosse
637 738 682 792 sat
705 737 771 792 ast.
799 729 854 792 hac
876 730 974 793 iudice
993 732 1105 815 Minos,

126 821 246 883 158111
269 829 358 901 caput
381 817 534 881 abdiderat
556 822 678 881 cristata
700 818 814 881 casside
835 823 960 902 pannis,

181 909 216 970 ln
241 908 323 989 galea
345 909 494 970 iormosus
518 914 604 989 erat3
627 925 682 969 sen
704 915 873 987 sumpserat
895 927 968 971 auro

182 997 360 1077 Fulgentem
384 995 534 1076 clipeum,
557 995 686 1077 clipeum
709 998 871 1076 sumpsisse
895 996 1034 1061 decebat.

182 1085 328 1146 Torserat
350 1083 485 1146 adductis
507 1083 624 1146 hastilia
646 1084 727 1146 lenta
748 1083 886 1147 lacertis:

182 1172 336 1234 Laudabat
357 1175 439 1253 virgo
463 1175 594 1234 iunctam
617 1191 686 1234 oum
708 1171 821 1234 vbibus
844 1182 954 1235 artem.

127 1276 168 1325 ao
182 1262 317 1342 inposito
341 1260 452 1322 calamo
474 1261 592 1341 patulos
615 1263 785 1322 sinuaverat
806 1279 912 1325 arcus:

184 1351 236 1412 Sic
258 1348 412 1411 Phoebum
435 1352 562 1429 sumptis
584 1348 702 1411 iurabat
724 1358 803 1411 stare
827 1352 958 1430 sagittis.

182 1439 258 1500 Cum
281 1455 352 1498 1110
375 1438 481 1498 iaciem
504 1437 623 1519 dempto
646 1437 808 1500 nudaverat
830 1456 917 1522 aere,

181 1527 419 1606 Purpureusque
442 1524 501 1587 albi
524 1529 626 1587 stratis
647 1529 775 1606 insignia
796 1529 885 1608 pictis

181 1616 281 1694 Terga
302 1613 457 1695 premebat
479 1617 549 1693 equi
572 1618 798 1694 spumantiaque
821 1633 874 1676 ora
896 1614 1035 1698 regebat,

127 1716 167 1767 ab
181 1703 238 1764 Vix
260 1720 337 1783 sua,
358 1705 407 1763 vix
429 1721 517 1764 sanae
540 1704 623 1783 virgo
646 1702 745 1765 Niseia
768 1721 889 1784 compos

180 1792 291 1853 Mentis
315 1798 401 1852 erat:
423 1790 494 1852 ielix
515 1790 667 1872 iaculum,
690 1791 770 1872 quod
793 1799 930 1873 tangeret
951 1791 1019 1875 ille,

182 1880 327 1959 Quaeque
349 1897 439 1941 manu
461 1887 613 1960 premeret
625 1927 635 1961 ,
657 1879 755 1942 ielioia
777 1880 861 1942 irena
883 1880 1021 1943 vocabat.

181 1969 317 2048 Impetus
339 1976 386 2028 est
408 1966 450 2028 illi
462 2014 472 2048 ,
494 1966 582 2028 liceat
604 1967 715 2050 modo,
737 1970 818 2030 ierre
836 1987 891 2049 per
914 1987 1018 2049 agmen

181 2056 338 2136 virgineos
361 2054 468 2116 hostile
490 2055 623 2136 gradus3
646 2064 693 2117 est
714 2058 843 2136 impetus
865 2056 908 2118 illi

131 2157 167 2206 to
182 2142 331 2205 Turribus
354 2162 371 2205 a
395 2145 518 2204 summis
541 2145 572 2203 in
595 2143 705 2205 Gnosia
727 2147 846 2206 mittere
869 2163 979 2225 corpus

183 2231 310 2313 Castra,
332 2231 378 2293 vel
402 2241 517 2293 aeratas
539 2231 619 2293 hosti
642 2232 797 2294 recludere
820 2241 939 2316 portas,

182 2319 236 2381 Vel
259 2318 357 2399 siquid
380 2319 475 2381 Minos
498 2318 577 2382 aliud
599 2319 696 2381 velit.
723 2329 816 2400 utque
839 2320 962 2383 sedebat

183 2407 315 2470 Candida
337 2407 450 2470 Dictaei
472 2416 610 2488 spectans
633 2411 762 2471 tentoria
785 2412 882 2492 regis,

185 2493 305 2558 ‘Laeter
317 2490 338 2578 ,'
362 2498 403 2558 ait
426 2491 590 2558 ‘doleamne
613 2500 678 2576 geri
699 2496 879 2559 lacrimabile
902 2496 1031 2581 bellum,

132 2585 218 2648 4510
242 2583 332 2646 dnbio
356 2592 424 2645 est:
447 2583 532 2645 doleo
545 2631 554 2667 ,
578 2585 658 2664 quod
676 2584 771 2647 Minos
794 2584 888 2647 hostis
911 2589 1021 2649 amanti
1044 2595 1106 2648 est:

185 2672 244 2734 Sed
268 2675 325 2734 nisi
348 2670 424 2733 bella
447 2674 567 2755 1011111,
590 2673 736 2754 numquid
760 2673 832 2734 mihi
851 2677 988 2754 cognitus
1002 2671 1107 2737 esset?

185 2762 231 2823 lle
255 2771 352 2822 tamen
376 2770 496 2841 accepta
519 2769 638 2842 poterat
659 2763 809 2843 deponere
831 2761 943 2824 bellum

184 2849 317 2931 0bside;
340 2868 387 2910 mc
411 2852 571 2931 comitem,
594 2867 642 2912 me
665 2853 746 2931 pacis
769 2852 876 2931 pignus
899 2850 1039 2913 haberet.

186 2938 218 2999 Si
242 2956 317 3017 quae
341 2946 370 2999 te
393 2941 497 3018 gennit
508 2986 518 3020 ‚
541 2937 630 3019 talis,
652 2937 852 3018 pulcherrime
875 2957 996 3021 rerum,

134 3040 170 3091 00
185 3026 287 3097 Qualis
310 3045 343 3088 es
366 3029 430 3106 ipse
442 3074 453 3108 ‚
476 3028 533 3088 iuit
545 3073 555 3108 ,
577 3029 685 3088 merito
708 3026 783 3089 deus
806 3030 879 3089 arsit
901 3030 933 3089 in
954 3027 1020 3089 illa.

185 3114 210 3176 0
234 3133 289 3196 ego
312 3123 359 3176 ter
382 3114 475 3197 felix,
497 3116 524 3176 si
546 3116 653 3196 pennis
675 3114 756 3196 lapsa
778 3134 833 3196 per
855 3133 943 3177 auras

184 3203 323 3264 Gnosiaci
344 3222 464 3285 possem
487 3205 593 3265 castris
615 3206 756 3266 insistere
778 3206 876 3286 regis,

183 3291 333 3371 Fassaque
355 3310 403 3354 me
421 3292 612 3371 flammasque
635 3310 737 3376 meas,
761 3311 819 3373 qua
842 3293 933 3374 dote,
955 3309 1106 3372 rogarem,

183 3378 278 3442 Vellet
300 3383 381 3443 emi:
405 3390 519 3443 tantum
541 3382 653 3461 patrias
676 3400 714 3443 ne
736 3388 875 3462 posceret
897 3398 999 3442 arces.

135 3483 169 3531 15
183 3469 258 3530 Nam
280 3479 405 3549 pereant
426 3472 526 3551 potius
549 3477 667 3550 sperata
690 3468 798 3531 cubilia
810 3517 819 3550 ,
843 3488 932 3549 quam
955 3471 1011 3530 sim

183 3557 355 3620 Proditione
377 3567 505 3641 potens.
534 3560 667 3639 quamvis
690 3576 777 3640 saepo
801 3557 874 3619 utile
896 3560 975 3619 vinei
