<?xml version="1.0" encoding="UTF-8"?>
<!DOCTYPE html PUBLIC "-//W3C//DTD XHTML 1.0 Transitional//EN"
    "http://www.w3.org/TR/xhtml1/DTD/xhtml1-transitional.dtd">
<html xmlns="http://www.w3.org/1999/xhtml" xml:lang="en" lang="en">
 <head>
  <title>
</title>
<meta http-equiv="Content-Type" content="text/html;charset=utf-8" />
  <meta name='ocr-system' content='tesseract 3.04.00' />
  <meta name='ocr-capabilities' content='ocr_page ocr_carea ocr_par ocr_line ocrx_word'/>
</head>
<body>
  <div class='ocr_page' id='page_1' title='image "./povidiusnaso00ehwagoog_0290.png"; bbox 0 0 2467 4042; ppageno 0'>
   <div class='ocr_carea' id='block_1_1' title="bbox 166 234 845 317">
    <p class='ocr_par' dir='ltr' id='par_1_1' title="bbox 166 234 845 317">
     <span class='ocr_line' id='line_1_1' title="bbox 166 234 845 317; baseline 0 -22"><span class='ocrx_word' id='word_1_1' title='bbox 166 234 225 296; x_wconf 77' lang='lat' dir='ltr'><strong>rna</strong></span> <span class='ocrx_word' id='word_1_2' title='bbox 526 235 668 296; x_wconf 76' lang='lat' dir='ltr'><strong>naris</strong></span> <span class='ocrx_word' id='word_1_3' title='bbox 690 236 845 317; x_wconf 61' lang='lat' dir='ltr'><strong>amar,</strong></span> 
     </span>
    </p>
   </div>
   <div class='ocr_carea' id='block_1_2' title="bbox 116 385 1210 3583">
    <p class='ocr_par' dir='ltr' id='par_1_2' title="bbox 116 385 1210 3583">
     <span class='ocr_line' id='line_1_2' title="bbox 291 385 929 463; baseline -0.002 -14"><span class='ocrx_word' id='word_1_4' title='bbox 291 391 344 451; x_wconf 91' lang='lat' dir='ltr'><strong>ille</strong></span> <span class='ocrx_word' id='word_1_5' title='bbox 361 387 476 447; x_wconf 83' lang='lat' dir='ltr'><strong>referre</strong></span> <span class='ocrx_word' id='word_1_6' title='bbox 491 385 577 448; x_wconf 87' lang='lat' dir='ltr'><strong>aliter</strong></span> <span class='ocrx_word' id='word_1_7' title='bbox 592 389 825 463; x_wconf 85' lang='lat' dir='ltr'><strong>saepesblebat</strong></span> <span class='ocrx_word' id='word_1_8' title='bbox 838 390 929 450; x_wconf 90' lang='lat' dir='ltr'><strong>idern.</strong></span> 
     </span>
     <span class='ocr_line' id='line_1_3' title="bbox 246 471 1118 555; baseline 0.003 -21"><span class='ocrx_word' id='word_1_9' title='bbox 246 474 358 534; x_wconf 86' lang='lat' dir='ltr'><strong>Littore</strong></span> <span class='ocrx_word' id='word_1_10' title='bbox 373 471 580 555; x_wconf 80' lang='lat' dir='ltr'><strong>constiterant.</strong></span> <span class='ocrx_word' id='word_1_11' title='bbox 607 471 669 532; x_wconf 90' lang='lat' dir='ltr'><strong>illic</strong></span> <span class='ocrx_word' id='word_1_12' title='bbox 683 488 808 547; x_wconf 88' lang='lat' dir='ltr'><strong>qunque</strong></span> <span class='ocrx_word' id='word_1_13' title='bbox 826 473 951 549; x_wconf 89' lang='lat' dir='ltr'><strong>pulchra</strong></span> <span class='ocrx_word' id='word_1_14' title='bbox 968 473 1118 553; x_wconf 74' lang='lat' dir='ltr'><strong>calypso</strong></span> 
     </span>
     <span class='ocr_line' id='line_1_4' title="bbox 189 547 861 634; baseline 0 -18"><span class='ocrx_word' id='word_1_15' title='bbox 189 569 236 628; x_wconf 75' lang='lat'><strong>130</strong></span> <span class='ocrx_word' id='word_1_16' title='bbox 287 557 388 632; x_wconf 82' lang='lat' dir='ltr'><strong>Exigit</strong></span> <span class='ocrx_word' id='word_1_17' title='bbox 404 547 528 634; x_wconf 72' lang='lat' dir='ltr'><strong>Odrysii</strong></span> <span class='ocrx_word' id='word_1_18' title='bbox 548 556 608 616; x_wconf 88' lang='lat' dir='ltr'><strong>lata</strong></span> <span class='ocrx_word' id='word_1_19' title='bbox 623 563 749 616; x_wconf 83' lang='lat' dir='ltr'><strong>eruenta</strong></span> <span class='ocrx_word' id='word_1_20' title='bbox 763 558 861 619; x_wconf 88' lang='lat' dir='ltr'><strong>ducis.</strong></span> 
     </span>
     <span class='ocr_line' id='line_1_5' title="bbox 247 640 991 714; baseline 0.001 -13"><span class='ocrx_word' id='word_1_21' title='bbox 247 644 300 702; x_wconf 91' lang='lat' dir='ltr'><strong>lile</strong></span> <span class='ocrx_word' id='word_1_22' title='bbox 315 642 375 701; x_wconf 86' lang='lat' dir='ltr'><strong>levi</strong></span> <span class='ocrx_word' id='word_1_23' title='bbox 392 640 510 714; x_wconf 83' lang='lat' dir='ltr'><strong>virga...</strong></span> <span class='ocrx_word' id='word_1_24' title='bbox 528 640 645 714; x_wconf 78' lang='lat' dir='ltr'><strong>virgam</strong></span> <span class='ocrx_word' id='word_1_25' title='bbox 660 656 729 700; x_wconf 82' lang='lat' dir='ltr'><strong>nant</strong></span> <span class='ocrx_word' id='word_1_26' title='bbox 745 641 824 702; x_wconf 89' lang='lat' dir='ltr'><strong>lorte</strong></span> <span class='ocrx_word' id='word_1_27' title='bbox 838 641 991 702; x_wconf 86' lang='lat' dir='ltr'><strong>tenebat...</strong></span> 
     </span>
     <span class='ocr_line' id='line_1_6' title="bbox 290 724 1001 802; baseline -0.001 -16"><span class='ocrx_word' id='word_1_28' title='bbox 290 725 378 801; x_wconf 84' lang='lat' dir='ltr'><strong>Quod</strong></span> <span class='ocrx_word' id='word_1_29' title='bbox 392 730 495 798; x_wconf 80' lang='lat' dir='ltr'><strong>rugat,</strong></span> <span class='ocrx_word' id='word_1_30' title='bbox 518 724 548 783; x_wconf 93' lang='lat' dir='ltr'><strong>in</strong></span> <span class='ocrx_word' id='word_1_31' title='bbox 563 724 668 799; x_wconf 86' lang='lat' dir='ltr'><strong>spisso</strong></span> <span class='ocrx_word' id='word_1_32' title='bbox 684 724 785 785; x_wconf 89' lang='lat' dir='ltr'><strong>littore</strong></span> <span class='ocrx_word' id='word_1_33' title='bbox 800 726 896 802; x_wconf 79' lang='lat' dir='ltr'>pingit</span> <span class='ocrx_word' id='word_1_34' title='bbox 910 742 1001 801; x_wconf 90' lang='lat' dir='ltr'><strong>opus.</strong></span> 
     </span>
     <span class='ocr_line' id='line_1_7' title="bbox 248 807 1069 882; baseline -0.005 -11"><span class='ocrx_word' id='word_1_35' title='bbox 248 812 356 871; x_wconf 77' lang='lat' dir='ltr'><strong>‘Haec’</strong></span> <span class='ocrx_word' id='word_1_36' title='bbox 375 807 472 882; x_wconf 89' lang='lat' dir='ltr'><strong>inquit</strong></span> <span class='ocrx_word' id='word_1_37' title='bbox 487 808 588 869; x_wconf 69' lang='lat' dir='ltr'><strong>‘Troia</strong></span> <span class='ocrx_word' id='word_1_38' title='bbox 602 810 679 880; x_wconf 87' lang='lat' dir='ltr'><strong>est,’</strong></span> <span class='ocrx_word' id='word_1_39' title='bbox 701 825 807 870; x_wconf 88' lang='lat' dir='ltr'><strong>muros</strong></span> <span class='ocrx_word' id='word_1_40' title='bbox 823 811 852 870; x_wconf 94' lang='lat' dir='ltr'><strong>in</strong></span> <span class='ocrx_word' id='word_1_41' title='bbox 867 810 968 871; x_wconf 88' lang='lat' dir='ltr'><strong>littore</strong></span> <span class='ocrx_word' id='word_1_42' title='bbox 983 811 1069 872; x_wconf 73' lang='lat' dir='ltr'><strong>lecit:</strong></span> 
     </span>
     <span class='ocr_line' id='line_1_8' title="bbox 289 889 1210 975; baseline 0.007 -21"><span class='ocrx_word' id='word_1_43' title='bbox 289 895 357 954; x_wconf 76' lang='lat' dir='ltr'><strong>‘Hie</strong></span> <span class='ocrx_word' id='word_1_44' title='bbox 373 893 426 952; x_wconf 91' lang='lat' dir='ltr'><strong>tibi</strong></span> <span class='ocrx_word' id='word_1_45' title='bbox 441 893 481 953; x_wconf 90' lang='lat' dir='ltr'><strong>sil</strong></span> <span class='ocrx_word' id='word_1_46' title='bbox 496 891 617 953; x_wconf 84' lang='lat' dir='ltr'><strong>Simois.</strong></span> <span class='ocrx_word' id='word_1_47' title='bbox 640 889 718 952; x_wconf 91' lang='lat' dir='ltr'><strong>haec</strong></span> <span class='ocrx_word' id='word_1_48' title='bbox 733 909 802 955; x_wconf 88' lang='lat' dir='ltr'><strong>mea</strong></span> <span class='ocrx_word' id='word_1_49' title='bbox 815 902 917 955; x_wconf 86' lang='lat' dir='ltr'><strong>castra</strong></span> <span class='ocrx_word' id='word_1_50' title='bbox 931 901 1015 970; x_wconf 77' lang='lat' dir='ltr'><strong>puta.</strong></span> <span class='ocrx_word' id='word_1_51' title='bbox 1102 899 1210 975; x_wconf 82' lang='lat' dir='ltr'><strong>{lonis</strong></span> 
     </span>
     <span class='ocr_line' id='line_1_9' title="bbox 186 978 1205 1055; baseline 0.002 -12"><span class='ocrx_word' id='word_1_52' title='bbox 186 989 232 1042; x_wconf 78' lang='lat'><strong>135</strong></span> <span class='ocrx_word' id='word_1_53' title='bbox 246 981 377 1054; x_wconf 86' lang='lat' dir='ltr'><strong>Campus</strong></span> <span class='ocrx_word' id='word_1_54' title='bbox 398 980 523 1051; x_wconf 83' lang='lat' dir='ltr'><strong>erat,’...</strong></span> <span class='ocrx_word' id='word_1_55' title='bbox 549 992 754 1052; x_wconf 86' lang='lat' dir='ltr'><strong>campumque</strong></span> <span class='ocrx_word' id='word_1_56' title='bbox 774 978 876 1040; x_wconf 85' lang='lat' dir='ltr'><strong>lacit...</strong></span> <span class='ocrx_word' id='word_1_57' title='bbox 895 981 1000 1055; x_wconf 77' lang='lat' dir='ltr'><strong>‘quem</strong></span> <span class='ocrx_word' id='word_1_58' title='bbox 1015 982 1119 1041; x_wconf 85' lang='lat' dir='ltr'><strong>caede</strong></span> <span class='ocrx_word' id='word_1_59' title='bbox 1138 984 1205 1046; x_wconf 88' lang='lat' dir='ltr'><strong>Do·</strong></span> 
     </span>
     <span class='ocr_line' id='line_1_10' title="bbox 289 1061 1097 1139; baseline -0.002 -15"><span class='ocrx_word' id='word_1_60' title='bbox 289 1062 482 1139; x_wconf 79' lang='lat' dir='ltr'><strong>sparsimus,</strong></span> <span class='ocrx_word' id='word_1_61' title='bbox 503 1061 692 1122; x_wconf 80' lang='lat' dir='ltr'><strong>Haemonios</strong></span> <span class='ocrx_word' id='word_1_62' title='bbox 707 1062 779 1122; x_wconf 90' lang='lat' dir='ltr'><strong>dum</strong></span> <span class='ocrx_word' id='word_1_63' title='bbox 794 1062 867 1139; x_wconf 79' lang='lat' dir='ltr'><strong>vigil</strong></span> <span class='ocrx_word' id='word_1_64' title='bbox 883 1069 968 1139; x_wconf 83' lang='lat' dir='ltr'><strong>optat</strong></span> <span class='ocrx_word' id='word_1_65' title='bbox 983 1079 1097 1138; x_wconf 87' lang='lat' dir='ltr'><strong>eques.</strong></span> 
     </span>
     <span class='ocr_line' id='line_1_11' title="bbox 246 1145 849 1226; baseline -0.002 -19"><span class='ocrx_word' id='word_1_66' title='bbox 246 1149 309 1208; x_wconf 89' lang='lat' dir='ltr'><strong>illie</strong></span> <span class='ocrx_word' id='word_1_67' title='bbox 324 1145 452 1208; x_wconf 89' lang='lat' dir='ltr'><strong>Sithonii</strong></span> <span class='ocrx_word' id='word_1_68' title='bbox 467 1147 586 1226; x_wconf 61' lang='lat' dir='ltr'><strong>inerant</strong></span> <span class='ocrx_word' id='word_1_69' title='bbox 600 1147 729 1207; x_wconf 83' lang='lat' dir='ltr'><strong>tentoria</strong></span> <span class='ocrx_word' id='word_1_70' title='bbox 744 1145 849 1208; x_wconf 81' lang='lat' dir='ltr'><strong>Rhesi.</strong></span> 
     </span>
     <span class='ocr_line' id='line_1_12' title="bbox 286 1231 1129 1307; baseline 0 -16"><span class='ocrx_word' id='word_1_71' title='bbox 286 1232 352 1292; x_wconf 88' lang='lat' dir='ltr'><strong>Hac</strong></span> <span class='ocrx_word' id='word_1_72' title='bbox 367 1246 425 1305; x_wconf 75' lang='lat' dir='ltr'><strong>ege</strong></span> <span class='ocrx_word' id='word_1_73' title='bbox 441 1246 509 1290; x_wconf 89' lang='lat' dir='ltr'><strong>sum</strong></span> <span class='ocrx_word' id='word_1_74' title='bbox 525 1231 622 1305; x_wconf 86' lang='lat' dir='ltr'><strong>captis</strong></span> <span class='ocrx_word' id='word_1_75' title='bbox 638 1237 736 1292; x_wconf 86' lang='lat' dir='ltr'><strong>macte</strong></span> <span class='ocrx_word' id='word_1_76' title='bbox 751 1238 893 1292; x_wconf 81' lang='lat' dir='ltr'><strong>revectus</strong></span> <span class='ocrx_word' id='word_1_77' title='bbox 907 1231 1021 1307; x_wconf 67' lang='lat' dir='ltr'><strong>equis?</strong></span> <span class='ocrx_word' id='word_1_78' title='bbox 1124 1246 1129 1255; x_wconf 93' lang='lat'><strong>·</strong></span> 
     </span>
     <span class='ocr_line' id='line_1_13' title="bbox 116 1314 1090 1390; baseline 0.003 -16"><span class='ocrx_word' id='word_1_79' title='bbox 116 1375 121 1384; x_wconf 84' lang='grc'><em>,</em></span> <span class='ocrx_word' id='word_1_80' title='bbox 245 1317 396 1390; x_wconf 74' lang='lat' dir='ltr'>Pluraque</span> <span class='ocrx_word' id='word_1_81' title='bbox 411 1314 570 1390; x_wconf 80' lang='lat' dir='ltr'><strong>pingebat,</strong></span> <span class='ocrx_word' id='word_1_82' title='bbox 594 1315 714 1376; x_wconf 85' lang='lat' dir='ltr'><strong>subitus</strong></span> <span class='ocrx_word' id='word_1_83' title='bbox 731 1330 800 1376; x_wconf 87' lang='lat' dir='ltr'><strong>eum</strong></span> <span class='ocrx_word' id='word_1_84' title='bbox 814 1315 960 1390; x_wconf 83' lang='lat' dir='ltr'><strong>Pergama</strong></span> <span class='ocrx_word' id='word_1_85' title='bbox 974 1314 1090 1377; x_wconf 84' lang='lat' dir='ltr'><strong>fluetus</strong></span> 
     </span>
     <span class='ocr_line' id='line_1_14' title="bbox 186 1397 951 1463; baseline -0.004 0"><span class='ocrx_word' id='word_1_86' title='bbox 186 1408 235 1463; x_wconf 80' lang='lat' dir='ltr'><strong>lle</strong></span> <span class='ocrx_word' id='word_1_87' title='bbox 286 1399 420 1460; x_wconf 75' lang='lat' dir='ltr'><strong>Abstulit</strong></span> <span class='ocrx_word' id='word_1_88' title='bbox 435 1405 465 1458; x_wconf 87' lang='lat' dir='ltr'><strong>et</strong></span> <span class='ocrx_word' id='word_1_89' title='bbox 478 1397 573 1458; x_wconf 87' lang='lat' dir='ltr'><strong>Rhesi</strong></span> <span class='ocrx_word' id='word_1_90' title='bbox 588 1414 657 1459; x_wconf 87' lang='lat' dir='ltr'><strong>eum</strong></span> <span class='ocrx_word' id='word_1_91' title='bbox 672 1399 752 1461; x_wconf 91' lang='lat' dir='ltr'><strong>duee</strong></span> <span class='ocrx_word' id='word_1_92' title='bbox 767 1407 869 1462; x_wconf 90' lang='lat' dir='ltr'><strong>castra</strong></span> <span class='ocrx_word' id='word_1_93' title='bbox 883 1416 951 1461; x_wconf 88' lang='lat' dir='ltr'><strong>suo.</strong></span> 
     </span>
     <span class='ocr_line' id='line_1_15' title="bbox 243 1482 1026 1559; baseline 0.001 -16"><span class='ocrx_word' id='word_1_94' title='bbox 243 1484 317 1545; x_wconf 87' lang='lat' dir='ltr'><strong>Turn</strong></span> <span class='ocrx_word' id='word_1_95' title='bbox 332 1484 397 1543; x_wconf 86' lang='lat' dir='ltr'><strong>Dea</strong></span> <span class='ocrx_word' id='word_1_96' title='bbox 412 1486 515 1558; x_wconf 77' lang='lat' dir='ltr'><strong>‘quas’</strong></span> <span class='ocrx_word' id='word_1_97' title='bbox 531 1482 630 1558; x_wconf 87' lang='lat' dir='ltr'><strong>inquit</strong></span> <span class='ocrx_word' id='word_1_98' title='bbox 643 1483 736 1543; x_wconf 72' lang='lat' dir='ltr'><strong>‘fidas</strong></span> <span class='ocrx_word' id='word_1_99' title='bbox 751 1484 804 1547; x_wconf 90' lang='lat' dir='ltr'><strong>tibi</strong></span> <span class='ocrx_word' id='word_1_100' title='bbox 819 1484 922 1545; x_wconf 85' lang='lat' dir='ltr'><strong>eredis</strong></span> <span class='ocrx_word' id='word_1_101' title='bbox 938 1485 1026 1559; x_wconf 89' lang='lat' dir='ltr'><strong>ituro,</strong></span> 
     </span>
     <span class='ocr_line' id='line_1_16' title="bbox 285 1566 1018 1644; baseline 0 -17"><span class='ocrx_word' id='word_1_102' title='bbox 285 1567 476 1628; x_wconf 75' lang='lat' dir='ltr'><strong>Perdiderint</strong></span> <span class='ocrx_word' id='word_1_103' title='bbox 490 1568 592 1627; x_wconf 84' lang='lat' dir='ltr'><strong>undae</strong></span> <span class='ocrx_word' id='word_1_104' title='bbox 606 1566 730 1628; x_wconf 83' lang='lat' dir='ltr'><strong>nemina</strong></span> <span class='ocrx_word' id='word_1_105' title='bbox 746 1577 874 1644; x_wconf 84' lang='lat' dir='ltr'><strong>quanta,</strong></span> <span class='ocrx_word' id='word_1_106' title='bbox 898 1568 986 1628; x_wconf 86' lang='lat' dir='ltr'><strong>vides</strong></span> <span class='ocrx_word' id='word_1_107' title='bbox 992 1571 1018 1627; x_wconf 81' lang='lat' dir='ltr'><strong>t’</strong></span> 
     </span>
     <span class='ocr_line' id='line_1_17' title="bbox 244 1651 936 1728; baseline 0.003 -16"><span class='ocrx_word' id='word_1_108' title='bbox 244 1653 325 1728; x_wconf 81' lang='lat' dir='ltr'><strong>Ergo</strong></span> <span class='ocrx_word' id='word_1_109' title='bbox 341 1667 413 1727; x_wconf 77' lang='lat' dir='ltr'><strong>age,</strong></span> <span class='ocrx_word' id='word_1_110' title='bbox 436 1651 539 1711; x_wconf 86' lang='lat' dir='ltr'><strong>laliaci</strong></span> <span class='ocrx_word' id='word_1_111' title='bbox 551 1651 657 1712; x_wconf 86' lang='lat' dir='ltr'><strong>timide</strong></span> <span class='ocrx_word' id='word_1_112' title='bbox 673 1651 796 1712; x_wconf 82' lang='lat' dir='ltr'><strong>confide</strong></span> <span class='ocrx_word' id='word_1_113' title='bbox 809 1652 936 1727; x_wconf 72' lang='lat' dir='ltr'><strong>figurae,</strong></span> 
     </span>
     <span class='ocr_line' id='line_1_18' title="bbox 286 1735 1066 1812; baseline 0 -16"><span class='ocrx_word' id='word_1_114' title='bbox 286 1735 431 1810; x_wconf 81' lang='lat' dir='ltr'><strong>Quisquis</strong></span> <span class='ocrx_word' id='word_1_115' title='bbox 447 1750 499 1807; x_wconf 88' lang='lat' dir='ltr'><strong>es,</strong></span> <span class='ocrx_word' id='word_1_116' title='bbox 521 1742 574 1795; x_wconf 90' lang='lat' dir='ltr'><strong>aul</strong></span> <span class='ocrx_word' id='word_1_117' title='bbox 587 1736 705 1810; x_wconf 90' lang='lat' dir='ltr'><strong>aliquid</strong></span> <span class='ocrx_word' id='word_1_118' title='bbox 719 1750 850 1812; x_wconf 85' lang='lat' dir='ltr'><strong>carpere</strong></span> <span class='ocrx_word' id='word_1_119' title='bbox 865 1738 961 1812; x_wconf 88' lang='lat' dir='ltr'><strong>pluris</strong></span> <span class='ocrx_word' id='word_1_120' title='bbox 976 1736 1066 1798; x_wconf 69' lang='lat' dir='ltr'><strong>balae.</strong></span> 
     </span>
     <span class='ocr_line' id='line_1_19' title="bbox 185 1819 1000 1895; baseline -0.001 -12"><span class='ocrx_word' id='word_1_121' title='bbox 185 1830 230 1883; x_wconf 75' lang='lat'><strong>145</strong></span> <span class='ocrx_word' id='word_1_122' title='bbox 243 1822 376 1882; x_wconf 82' lang='lat' dir='ltr'><strong>Dextera</strong></span> <span class='ocrx_word' id='word_1_123' title='bbox 391 1819 559 1895; x_wconf 79' lang='lat' dir='ltr'><strong>praecipue</strong></span> <span class='ocrx_word' id='word_1_124' title='bbox 573 1820 657 1895; x_wconf 87' lang='lat' dir='ltr'><strong>capit</strong></span> <span class='ocrx_word' id='word_1_125' title='bbox 671 1819 859 1895; x_wconf 80' lang='lat' dir='ltr'><strong>indulgentia</strong></span> <span class='ocrx_word' id='word_1_126' title='bbox 873 1828 1000 1882; x_wconf 86' lang='lat' dir='ltr'><strong>mentes.</strong></span> 
     </span>
     <span class='ocr_line' id='line_1_20' title="bbox 284 1900 961 1980; baseline 0 -16"><span class='ocrx_word' id='word_1_127' title='bbox 284 1904 445 1980; x_wconf 78' lang='lat' dir='ltr'><strong>Asperitas</strong></span> <span class='ocrx_word' id='word_1_128' title='bbox 462 1903 566 1965; x_wconf 87' lang='lat' dir='ltr'><strong>odium</strong></span> <span class='ocrx_word' id='word_1_129' title='bbox 582 1900 741 1979; x_wconf 79' lang='lat' dir='ltr'><strong>saeuaque</strong></span> <span class='ocrx_word' id='word_1_130' title='bbox 754 1904 836 1964; x_wconf 91' lang='lat' dir='ltr'><strong>bella</strong></span> <span class='ocrx_word' id='word_1_131' title='bbox 849 1912 961 1965; x_wconf 78' lang='lat' dir='ltr'><strong>movet</strong></span> 
     </span>
     <span class='ocr_line' id='line_1_21' title="bbox 243 1987 1063 2064; baseline 0 -15"><span class='ocrx_word' id='word_1_132' title='bbox 243 1987 369 2050; x_wconf 85' lang='lat' dir='ltr'><strong>Odimus</strong></span> <span class='ocrx_word' id='word_1_133' title='bbox 383 1987 575 2062; x_wconf 80' lang='lat' dir='ltr'><strong>accipitrem,</strong></span> <span class='ocrx_word' id='word_1_134' title='bbox 600 1989 673 2064; x_wconf 86' lang='lat' dir='ltr'><strong>quia</strong></span> <span class='ocrx_word' id='word_1_135' title='bbox 685 1987 761 2048; x_wconf 92' lang='lat' dir='ltr'><strong>vivit</strong></span> <span class='ocrx_word' id='word_1_136' title='bbox 775 2002 900 2064; x_wconf 85' lang='lat' dir='ltr'><strong>semper</strong></span> <span class='ocrx_word' id='word_1_137' title='bbox 915 1988 944 2049; x_wconf 92' lang='lat' dir='ltr'><strong>in</strong></span> <span class='ocrx_word' id='word_1_138' title='bbox 959 1989 1063 2062; x_wconf 87' lang='lat' dir='ltr'><strong>armis,</strong></span> 
     </span>
     <span class='ocr_line' id='line_1_22' title="bbox 283 2070 938 2149; baseline -0.003 -17"><span class='ocrx_word' id='word_1_139' title='bbox 283 2073 320 2132; x_wconf 86' lang='lat' dir='ltr'><strong>Et</strong></span> <span class='ocrx_word' id='word_1_140' title='bbox 333 2073 480 2149; x_wconf 85' lang='lat' dir='ltr'><strong>pavidum</strong></span> <span class='ocrx_word' id='word_1_141' title='bbox 495 2072 604 2132; x_wconf 87' lang='lat' dir='ltr'><strong>solitos</strong></span> <span class='ocrx_word' id='word_1_142' title='bbox 619 2072 649 2132; x_wconf 90' lang='lat' dir='ltr'><strong>in</strong></span> <span class='ocrx_word' id='word_1_143' title='bbox 664 2087 760 2147; x_wconf 92' lang='lat' dir='ltr'><strong>pecus</strong></span> <span class='ocrx_word' id='word_1_144' title='bbox 775 2070 820 2133; x_wconf 90' lang='lat' dir='ltr'><strong>ire</strong></span> <span class='ocrx_word' id='word_1_145' title='bbox 836 2073 938 2148; x_wconf 84' lang='lat' dir='ltr'><strong>lupus.</strong></span> 
     </span>
     <span class='ocr_line' id='line_1_23' title="bbox 240 2154 1071 2233; baseline 0.002 -17"><span class='ocrx_word' id='word_1_146' title='bbox 240 2157 281 2216; x_wconf 90' lang='lat' dir='ltr'><strong>Al</strong></span> <span class='ocrx_word' id='word_1_147' title='bbox 296 2163 379 2217; x_wconf 88' lang='lat' dir='ltr'><strong>caret</strong></span> <span class='ocrx_word' id='word_1_148' title='bbox 394 2154 514 2215; x_wconf 88' lang='lat' dir='ltr'><strong>insidiis</strong></span> <span class='ocrx_word' id='word_1_149' title='bbox 529 2155 703 2231; x_wconf 79' lang='lat' dir='ltr'><strong>bominum,</strong></span> <span class='ocrx_word' id='word_1_150' title='bbox 726 2157 798 2232; x_wconf 88' lang='lat' dir='ltr'><strong>quia</strong></span> <span class='ocrx_word' id='word_1_151' title='bbox 812 2156 908 2230; x_wconf 85' lang='lat' dir='ltr'><strong>mitis,</strong></span> <span class='ocrx_word' id='word_1_152' title='bbox 930 2156 1071 2233; x_wconf 86' lang='lat' dir='ltr'><strong>hirundo,</strong></span> 
     </span>
     <span class='ocr_line' id='line_1_24' title="bbox 179 2240 1001 2315; baseline -0.006 -11"><span class='ocrx_word' id='word_1_153' title='bbox 179 2252 227 2304; x_wconf 83' lang='lat'><strong>150</strong></span> <span class='ocrx_word' id='word_1_154' title='bbox 282 2241 426 2315; x_wconf 83' lang='lat' dir='ltr'><strong>Quasque</strong></span> <span class='ocrx_word' id='word_1_155' title='bbox 441 2240 522 2300; x_wconf 87' lang='lat' dir='ltr'><strong>eolat</strong></span> <span class='ocrx_word' id='word_1_156' title='bbox 535 2247 648 2314; x_wconf 84' lang='lat' dir='ltr'><strong>turres,</strong></span> <span class='ocrx_word' id='word_1_157' title='bbox 673 2240 806 2302; x_wconf 83' lang='lat' dir='ltr'><strong>Chaonis</strong></span> <span class='ocrx_word' id='word_1_158' title='bbox 821 2241 886 2301; x_wconf 89' lang='lat' dir='ltr'><strong>ales</strong></span> <span class='ocrx_word' id='word_1_159' title='bbox 901 2240 1001 2300; x_wconf 90' lang='lat' dir='ltr'><strong>habet.</strong></span> 
     </span>
     <span class='ocr_line' id='line_1_25' title="bbox 239 2324 1005 2401; baseline -0.007 -17"><span class='ocrx_word' id='word_1_160' title='bbox 239 2326 313 2386; x_wconf 83' lang='lat' dir='ltr'><strong>Este</strong></span> <span class='ocrx_word' id='word_1_161' title='bbox 328 2325 449 2399; x_wconf 88' lang='lat' dir='ltr'><strong>procul,</strong></span> <span class='ocrx_word' id='word_1_162' title='bbox 473 2324 541 2386; x_wconf 87' lang='lat' dir='ltr'><strong>lites</strong></span> <span class='ocrx_word' id='word_1_163' title='bbox 555 2331 586 2386; x_wconf 90' lang='lat' dir='ltr'><strong>et</strong></span> <span class='ocrx_word' id='word_1_164' title='bbox 600 2340 723 2385; x_wconf 87' lang='lat' dir='ltr'><strong>amarae</strong></span> <span class='ocrx_word' id='word_1_165' title='bbox 737 2324 855 2400; x_wconf 81' lang='lat' dir='ltr'><strong>praelia</strong></span> <span class='ocrx_word' id='word_1_166' title='bbox 868 2324 1005 2401; x_wconf 64' lang='lat' dir='ltr'><strong>linguaces</strong></span> 
     </span>
     <span class='ocr_line' id='line_1_26' title="bbox 281 2407 980 2470; baseline -0.006 0"><span class='ocrx_word' id='word_1_167' title='bbox 281 2407 427 2470; x_wconf 89' lang='lat' dir='ltr'><strong>Dulcibus</strong></span> <span class='ocrx_word' id='word_1_168' title='bbox 442 2414 489 2468; x_wconf 87' lang='lat' dir='ltr'><strong>est</strong></span> <span class='ocrx_word' id='word_1_169' title='bbox 504 2408 607 2469; x_wconf 87' lang='lat' dir='ltr'><strong>verbis</strong></span> <span class='ocrx_word' id='word_1_170' title='bbox 624 2409 724 2469; x_wconf 83' lang='lat' dir='ltr'><strong>nnollis</strong></span> <span class='ocrx_word' id='word_1_171' title='bbox 740 2410 870 2470; x_wconf 89' lang='lat' dir='ltr'><strong>alendus</strong></span> <span class='ocrx_word' id='word_1_172' title='bbox 886 2425 980 2470; x_wconf 88' lang='lat' dir='ltr'><strong>amor.</strong></span> 
     </span>
     <span class='ocr_line' id='line_1_27' title="bbox 240 2492 1054 2570; baseline 0 -17"><span class='ocrx_word' id='word_1_173' title='bbox 240 2496 303 2553; x_wconf 78' lang='lat' dir='ltr'><strong>nite</strong></span> <span class='ocrx_word' id='word_1_174' title='bbox 319 2494 422 2569; x_wconf 82' lang='lat' dir='ltr'><strong>lugent</strong></span> <span class='ocrx_word' id='word_1_175' title='bbox 437 2499 614 2568; x_wconf 77' lang='lat' dir='ltr'><strong>nuptaeque</strong></span> <span class='ocrx_word' id='word_1_176' title='bbox 630 2494 728 2567; x_wconf 90' lang='lat' dir='ltr'><strong>vires,</strong></span> <span class='ocrx_word' id='word_1_177' title='bbox 752 2502 928 2570; x_wconf 84' lang='lat' dir='ltr'><strong>nuptasque</strong></span> <span class='ocrx_word' id='word_1_178' title='bbox 944 2492 1054 2570; x_wconf 80' lang='lat' dir='ltr'><strong>mariti,</strong></span> 
     </span>
     <span class='ocr_line' id='line_1_28' title="bbox 281 2577 986 2653; baseline -0.001 -16"><span class='ocrx_word' id='word_1_179' title='bbox 281 2579 377 2652; x_wconf 91' lang='lat' dir='ltr'><strong>inque</strong></span> <span class='ocrx_word' id='word_1_180' title='bbox 392 2579 490 2637; x_wconf 86' lang='lat' dir='ltr'><strong>vicem</strong></span> <span class='ocrx_word' id='word_1_181' title='bbox 507 2579 634 2639; x_wconf 85' lang='lat' dir='ltr'><strong>credant</strong></span> <span class='ocrx_word' id='word_1_182' title='bbox 647 2593 697 2638; x_wconf 90' lang='lat' dir='ltr'><strong>res</strong></span> <span class='ocrx_word' id='word_1_183' title='bbox 715 2577 773 2638; x_wconf 91' lang='lat' dir='ltr'><strong>sibi</strong></span> <span class='ocrx_word' id='word_1_184' title='bbox 789 2593 912 2653; x_wconf 83' lang='lat' dir='ltr'><strong>semper</strong></span> <span class='ocrx_word' id='word_1_185' title='bbox 926 2578 986 2653; x_wconf 70' lang='lat' dir='ltr'><strong>agi.</strong></span> 
     </span>
     <span class='ocr_line' id='line_1_29' title="bbox 177 2662 934 2734; baseline -0.003 -9"><span class='ocrx_word' id='word_1_186' title='bbox 177 2674 226 2725; x_wconf 77' lang='lat'><strong>155</strong></span> <span class='ocrx_word' id='word_1_187' title='bbox 237 2664 303 2723; x_wconf 88' lang='lat' dir='ltr'><strong>Hoc</strong></span> <span class='ocrx_word' id='word_1_188' title='bbox 319 2662 407 2722; x_wconf 88' lang='lat' dir='ltr'><strong>decet</strong></span> <span class='ocrx_word' id='word_1_189' title='bbox 421 2677 546 2723; x_wconf 87' lang='lat' dir='ltr'><strong>uxores.</strong></span> <span class='ocrx_word' id='word_1_190' title='bbox 570 2662 628 2723; x_wconf 91' lang='lat' dir='ltr'><strong>dns</strong></span> <span class='ocrx_word' id='word_1_191' title='bbox 647 2670 695 2722; x_wconf 89' lang='lat' dir='ltr'><strong>est</strong></span> <span class='ocrx_word' id='word_1_192' title='bbox 708 2663 818 2726; x_wconf 83' lang='lat' dir='ltr'><strong>uxoria</strong></span> <span class='ocrx_word' id='word_1_193' title='bbox 832 2662 910 2722; x_wconf 87' lang='lat' dir='ltr'><strong>lites.</strong></span> <span class='ocrx_word' id='word_1_194' title='bbox 931 2726 934 2734; x_wconf 74' lang='grc'><strong>,</strong></span> 
     </span>
     <span class='ocr_line' id='line_1_30' title="bbox 282 2745 904 2822; baseline 0.003 -17"><span class='ocrx_word' id='word_1_195' title='bbox 282 2745 395 2806; x_wconf 82' lang='lat' dir='ltr'><strong>Audiat</strong></span> <span class='ocrx_word' id='word_1_196' title='bbox 409 2752 532 2822; x_wconf 86' lang='lat' dir='ltr'><strong>optatos</strong></span> <span class='ocrx_word' id='word_1_197' title='bbox 547 2762 670 2822; x_wconf 87' lang='lat' dir='ltr'><strong>semper</strong></span> <span class='ocrx_word' id='word_1_198' title='bbox 685 2747 783 2807; x_wconf 88' lang='lat' dir='ltr'><strong>amica</strong></span> <span class='ocrx_word' id='word_1_199' title='bbox 797 2763 904 2808; x_wconf 86' lang='lat' dir='ltr'><strong>senos.</strong></span> 
     </span>
     <span class='ocr_line' id='line_1_31' title="bbox 239 2830 941 2906; baseline -0.003 -17"><span class='ocrx_word' id='word_1_200' title='bbox 239 2831 303 2891; x_wconf 90' lang='lat' dir='ltr'><strong>Non</strong></span> <span class='ocrx_word' id='word_1_201' title='bbox 322 2830 397 2906; x_wconf 82' lang='lat' dir='ltr'><strong>legis</strong></span> <span class='ocrx_word' id='word_1_202' title='bbox 413 2831 500 2891; x_wconf 88' lang='lat' dir='ltr'><strong>iussu</strong></span> <span class='ocrx_word' id='word_1_203' title='bbox 516 2831 628 2891; x_wconf 88' lang='lat' dir='ltr'><strong>lectum</strong></span> <span class='ocrx_word' id='word_1_204' title='bbox 645 2831 770 2892; x_wconf 87' lang='lat' dir='ltr'><strong>venistis</strong></span> <span class='ocrx_word' id='word_1_205' title='bbox 786 2833 817 2891; x_wconf 91' lang='lat' dir='ltr'><strong>in</strong></span> <span class='ocrx_word' id='word_1_206' title='bbox 831 2846 941 2893; x_wconf 83' lang='lat' dir='ltr'><strong>unum=</strong></span> 
     </span>
     <span class='ocr_line' id='line_1_32' title="bbox 280 2914 918 2991; baseline -0.002 -17"><span class='ocrx_word' id='word_1_207' title='bbox 280 2915 425 2990; x_wconf 80' lang='lat' dir='ltr'><strong>Fungitur</strong></span> <span class='ocrx_word' id='word_1_208' title='bbox 441 2915 471 2973; x_wconf 94' lang='lat' dir='ltr'><strong>in</strong></span> <span class='ocrx_word' id='word_1_209' title='bbox 489 2914 578 2977; x_wconf 87' lang='lat' dir='ltr'><strong>vebis</strong></span> <span class='ocrx_word' id='word_1_210' title='bbox 593 2928 718 2975; x_wconf 87' lang='lat' dir='ltr'><strong>munere</strong></span> <span class='ocrx_word' id='word_1_211' title='bbox 732 2915 808 2991; x_wconf 78' lang='lat' dir='ltr'><strong>legis</strong></span> <span class='ocrx_word' id='word_1_212' title='bbox 823 2932 918 2977; x_wconf 87' lang='lat' dir='ltr'><strong>amor.</strong></span> 
     </span>
     <span class='ocr_line' id='line_1_33' title="bbox 240 2999 968 3075; baseline 0.003 -17"><span class='ocrx_word' id='word_1_213' title='bbox 240 2999 405 3059; x_wconf 78' lang='lat' dir='ltr'><strong>Blanditias</strong></span> <span class='ocrx_word' id='word_1_214' title='bbox 419 3000 528 3059; x_wconf 90' lang='lat' dir='ltr'><strong>molles</strong></span> <span class='ocrx_word' id='word_1_215' title='bbox 542 3015 710 3075; x_wconf 88' lang='lat' dir='ltr'><strong>auremque</strong></span> <span class='ocrx_word' id='word_1_216' title='bbox 724 2999 858 3062; x_wconf 85' lang='lat' dir='ltr'><strong>iuvantia</strong></span> <span class='ocrx_word' id='word_1_217' title='bbox 873 3000 968 3060; x_wconf 85' lang='lat' dir='ltr'><strong>verba</strong></span> 
     </span>
     <span class='ocr_line' id='line_1_34' title="bbox 177 3077 912 3157; baseline 0 -11"><span class='ocrx_word' id='word_1_218' title='bbox 177 3092 227 3148; x_wconf 84' lang='lat'><strong>160</strong></span> <span class='ocrx_word' id='word_1_219' title='bbox 280 3083 390 3157; x_wconf 85' lang='lat' dir='ltr'><strong>Adler,</strong></span> <span class='ocrx_word' id='word_1_220' title='bbox 412 3090 444 3142; x_wconf 91' lang='lat' dir='ltr'><strong>ut</strong></span> <span class='ocrx_word' id='word_1_221' title='bbox 458 3083 591 3144; x_wconf 88' lang='lat' dir='ltr'><strong>adventu</strong></span> <span class='ocrx_word' id='word_1_222' title='bbox 607 3084 688 3143; x_wconf 86' lang='lat' dir='ltr'><strong>laeta</strong></span> <span class='ocrx_word' id='word_1_223' title='bbox 702 3083 741 3145; x_wconf 92' lang='lat' dir='ltr'><strong>sit</strong></span> <span class='ocrx_word' id='word_1_224' title='bbox 755 3084 807 3144; x_wconf 88' lang='lat' dir='ltr'><strong>illa</strong></span> <span class='ocrx_word' id='word_1_225' title='bbox 822 3092 883 3146; x_wconf 89' lang='lat' dir='ltr'><strong>tue.</strong></span> <span class='ocrx_word' id='word_1_226' title='bbox 907 3077 912 3087; x_wconf 83' lang='lat'><em>&#39;</em></span> 
     </span>
     <span class='ocr_line' id='line_1_35' title="bbox 240 3165 993 3244; baseline -0.001 -18"><span class='ocrx_word' id='word_1_227' title='bbox 240 3169 305 3228; x_wconf 89' lang='lat' dir='ltr'><strong>Non</strong></span> <span class='ocrx_word' id='word_1_228' title='bbox 320 3182 378 3243; x_wconf 86' lang='lat' dir='ltr'><strong>ego</strong></span> <span class='ocrx_word' id='word_1_229' title='bbox 393 3165 539 3228; x_wconf 90' lang='lat' dir='ltr'><strong>divitibus</strong></span> <span class='ocrx_word' id='word_1_230' title='bbox 553 3168 646 3228; x_wconf 81' lang='lat' dir='ltr'><strong>venie</strong></span> <span class='ocrx_word' id='word_1_231' title='bbox 662 3177 844 3244; x_wconf 84' lang='lat' dir='ltr'><strong>praeceptor</strong></span> <span class='ocrx_word' id='word_1_232' title='bbox 857 3170 993 3230; x_wconf 78' lang='lat' dir='ltr'><strong>arnandi:</strong></span> 
     </span>
     <span class='ocr_line' id='line_1_36' title="bbox 281 3250 918 3328; baseline 0.003 -16"><span class='ocrx_word' id='word_1_233' title='bbox 281 3252 327 3312; x_wconf 90' lang='lat' dir='ltr'><strong>Nil</strong></span> <span class='ocrx_word' id='word_1_234' title='bbox 343 3267 422 3327; x_wconf 90' lang='lat' dir='ltr'><strong>opus</strong></span> <span class='ocrx_word' id='word_1_235' title='bbox 433 3257 483 3312; x_wconf 85' lang='lat' dir='ltr'><strong>est</strong></span> <span class='ocrx_word' id='word_1_236' title='bbox 496 3251 552 3328; x_wconf 87' lang='lat' dir='ltr'><strong>iili,</strong></span> <span class='ocrx_word' id='word_1_237' title='bbox 573 3250 626 3326; x_wconf 90' lang='lat' dir='ltr'><strong>qui</strong></span> <span class='ocrx_word' id='word_1_238' title='bbox 641 3252 739 3326; x_wconf 88' lang='lat' dir='ltr'><strong>dabit,</strong></span> <span class='ocrx_word' id='word_1_239' title='bbox 762 3260 827 3314; x_wconf 87' lang='lat' dir='ltr'><strong>arte</strong></span> <span class='ocrx_word' id='word_1_240' title='bbox 841 3270 918 3314; x_wconf 89' lang='lat' dir='ltr'><strong>mea.</strong></span> 
     </span>
     <span class='ocr_line' id='line_1_37' title="bbox 241 3335 1180 3414; baseline 0.005 -19"><span class='ocrx_word' id='word_1_241' title='bbox 241 3335 350 3395; x_wconf 89' lang='lat' dir='ltr'><strong>Secum</strong></span> <span class='ocrx_word' id='word_1_242' title='bbox 365 3335 458 3397; x_wconf 84' lang='lat' dir='ltr'><strong>habet</strong></span> <span class='ocrx_word' id='word_1_243' title='bbox 473 3337 640 3411; x_wconf 79' lang='lat' dir='ltr'><strong>ingenium,</strong></span> <span class='ocrx_word' id='word_1_244' title='bbox 666 3337 732 3414; x_wconf 90' lang='lat' dir='ltr'><strong>qui,</strong></span> <span class='ocrx_word' id='word_1_245' title='bbox 756 3338 924 3411; x_wconf 82' lang='lat' dir='ltr'><strong>numlibet,</strong></span> <span class='ocrx_word' id='word_1_246' title='bbox 947 3336 1079 3414; x_wconf 72' lang='lat' dir='ltr'><strong>‘accipe’</strong></span> <span class='ocrx_word' id='word_1_247' title='bbox 1098 3339 1180 3400; x_wconf 80' lang='lat' dir='ltr'><strong>dicit</strong></span> 
     </span>
     <span class='ocr_line' id='line_1_38' title="bbox 281 3420 956 3498; baseline 0.006 -19"><span class='ocrx_word' id='word_1_248' title='bbox 281 3420 435 3480; x_wconf 78' lang='lat' dir='ltr'><strong>cedimus.</strong></span> <span class='ocrx_word' id='word_1_249' title='bbox 458 3421 589 3482; x_wconf 89' lang='lat' dir='ltr'><strong>inventis</strong></span> <span class='ocrx_word' id='word_1_250' title='bbox 604 3423 675 3498; x_wconf 88' lang='lat' dir='ltr'><strong>plus</strong></span> <span class='ocrx_word' id='word_1_251' title='bbox 692 3424 792 3497; x_wconf 89' lang='lat' dir='ltr'><strong>placet</strong></span> <span class='ocrx_word' id='word_1_252' title='bbox 806 3423 856 3482; x_wconf 89' lang='lat' dir='ltr'><strong>ille</strong></span> <span class='ocrx_word' id='word_1_253' title='bbox 870 3423 956 3485; x_wconf 83' lang='lat' dir='ltr'><strong>meis.</strong></span> 
     </span>
     <span class='ocr_line' id='line_1_39' title="bbox 180 3503 1051 3583; baseline 0 -19"><span class='ocrx_word' id='word_1_254' title='bbox 180 3513 226 3566; x_wconf 77' lang='lat'><strong>165</strong></span> <span class='ocrx_word' id='word_1_255' title='bbox 239 3503 425 3579; x_wconf 84' lang='lat' dir='ltr'><strong>Pauperibus</strong></span> <span class='ocrx_word' id='word_1_256' title='bbox 443 3512 529 3566; x_wconf 89' lang='lat' dir='ltr'><strong>vates</strong></span> <span class='ocrx_word' id='word_1_257' title='bbox 543 3521 601 3582; x_wconf 77' lang='lat' dir='ltr'><strong>ego</strong></span> <span class='ocrx_word' id='word_1_258' title='bbox 618 3522 702 3579; x_wconf 87' lang='lat' dir='ltr'><strong>sum,</strong></span> <span class='ocrx_word' id='word_1_259' title='bbox 727 3507 798 3582; x_wconf 88' lang='lat' dir='ltr'><strong>quia</strong></span> <span class='ocrx_word' id='word_1_260' title='bbox 814 3524 931 3583; x_wconf 87' lang='lat' dir='ltr'><strong>pauper</strong></span> <span class='ocrx_word' id='word_1_261' title='bbox 942 3507 1051 3567; x_wconf 86' lang='lat' dir='ltr'><strong>amavi.</strong></span> 
     </span>
    </p>
   </div>
   <div class='ocr_carea' id='block_1_3' title="bbox 0 0 1238 4042">
    <p class='ocr_par' dir='ltr' id='par_1_3' title="bbox 0 0 1238 4042">
     <span class='ocr_line' id='line_1_40' title="bbox 0 0 1238 4042; baseline 0 0"><span class='ocrx_word' id='word_1_262' title='bbox 0 0 1238 4042; x_wconf 95' lang='lat' dir='ltr'><strong> </strong></span> 
     </span>
    </p>
   </div>
  </div>
 </body>
</html>
