2467 4042
171 228 213 292 90
557 225 798 288 HEROIDES

216 392 249 446 65
261 382 391 443 Ultimus
406 393 424 438 e
441 377 535 439 sociis
553 393 673 439 sacram
690 378 836 441 concedis
852 379 882 440 in
897 381 1018 458 Argon:

298 467 353 525 illa
369 464 462 524 volat.
484 468 595 524 ventus
611 478 749 523 concava
763 464 833 525 vela
846 470 938 526 tenet.

258 550 384 611 Caerula
399 546 567 623 propulsae
582 545 761 607 subducitur
775 549 859 609 unda
874 549 1011 610 carinae:

299 634 391 693 Terra
407 629 475 704 tibi,
497 630 588 701 nobis
604 630 793 707 aspiciuntur
808 646 917 708 aquae.

257 719 290 777 In
306 720 384 778 latus
403 731 493 776 omne
509 721 618 789 patens
633 716 726 776 turris
741 715 946 793 circumspicit
957 718 1075 780 undas:

216 815 250 871 70
301 802 369 863 Huc
384 801 480 875 feror,
503 806 534 860 et
547 799 680 859 lacrimis
696 816 795 876 osque
813 800 962 877 sinusque
977 804 1116 869 madent.

256 887 313 948 Per
327 885 469 946 lacrimas
485 889 603 959 specto.
627 884 821 960 cupidaeque
838 885 971 946 iacentia
985 886 1078 949 menti

253 981 255 985 ·
299 969 435 1046 Longius
451 968 581 1028 adsueto
597 967 710 1028 lumina
724 976 832 1029 nostra
845 969 958 1030 vident.

256 1055 348 1116 Adde
365 1067 475 1131 preces
491 1059 609 1126 castas,
632 1051 821 1129 inmixtaque
836 1060 908 1115 vota
922 1054 1030 1131 timori,

298 1138 384 1198 Nunc
400 1151 526 1212 quoque
543 1143 573 1197 te
587 1137 676 1196 salvo
692 1137 900 1213 persoluenda
913 1138 1017 1198 mihi...

215 1234 248 1289 75
258 1223 340 1283 Vota
355 1238 413 1297 ego
429 1221 628 1297 persolvamt
646 1222 727 1282 votis
741 1221 852 1282 Medea
867 1222 1003 1315 fruetur?

299 1307 358 1367 Cor
373 1306 470 1380 dolet,
491 1311 583 1380 atque
597 1305 643 1365 ira
656 1304 770 1367 mixtus
784 1306 919 1389 abundat
933 1322 1028 1368 amor.

256 1393 345 1461 Dona
360 1391 455 1451 ieram
470 1388 607 1464 templis,
630 1388 734 1449 vivum
753 1390 836 1465 quod
850 1390 962 1451 lasona
979 1391 1102 1469 perdot

298 1473 407 1536 Hostia
421 1490 478 1549 pro
494 1473 614 1533 damnis
631 1474 773 1535 concidat
786 1474 847 1535 icta
860 1474 959 1536 meist

255 1561 321 1621 Nou
337 1557 481 1634 equidem
495 1572 606 1618 secura
620 1556 673 1617 lui.
694 1574 878 1635 semperque
893 1558 1031 1634 verebar,

213 1655 248 1707 eo
301 1644 345 1702 Ne
362 1648 449 1718 pater
462 1642 608 1716 Argolica
621 1650 754 1704 sumeret
768 1642 844 1704 urbe
859 1659 978 1704 nurum.

255 1727 421 1804 Argolidas
435 1726 531 1787 timui.
553 1725 658 1787 nocuit
672 1726 744 1787 mihi
759 1726 892 1788 barbara
907 1728 1007 1803 pelex.

296 1813 364 1873 Non
380 1816 541 1888 expectata
555 1811 666 1872 vulnus
682 1810 720 1871 ab
736 1810 826 1872 hoste
840 1811 905 1873 tuli.

247 1892 317 1958 'Nec
332 1896 410 1956 iacie
424 1893 602 1971 meritisque
618 1894 728 1971 placet.
751 1895 808 1957 sed
822 1895 956 1957 carmina
971 1893 1066 1964 novit

295 1981 431 2057 Diraque
447 1984 566 2040 cantata
581 1978 696 2055 pabula
709 1980 788 2040 falce
802 1979 894 2041 metit.

212 2075 246 2128 85
257 2068 311 2127 llla
326 2066 524 2125 reluctantem
540 2079 633 2124 cursu
648 2063 803 2125 deducere
816 2065 933 2124 Lunam

195 2180 198 2187 ν
296 2150 418 2222 Nititur,
440 2154 471 2208 et
485 2147 620 2208 tenebris
636 2147 750 2209 abdere
766 2146 847 2219 Solis
863 2164 973 2224 equos.

254 2235 309 2294 Illa
323 2234 457 2294 refrenat
470 2246 582 2307 aquas,
605 2231 794 2308 obliquaque
808 2231 935 2293 flumina
948 2231 1042 2294 sistit:

295 2318 350 2378 illa
367 2317 437 2377 loco
454 2316 549 2376 silvas
566 2316 700 2392 vivaque
715 2333 793 2378 saxa
807 2324 919 2378 movet.

254 2401 311 2463 Per
326 2401 458 2462 tumulos
474 2405 554 2460 errat
568 2400 672 2476 passis
689 2400 839 2462 discincta
853 2400 981 2477 capillis,

212 2496 247 2549 90
300 2486 451 2562 Certaque
466 2484 505 2544 de
518 2483 632 2561 tepidis
648 2484 763 2560 colligit
778 2500 853 2546 ossa
866 2485 960 2561 rogis.

254 2571 393 2632 Devovet
407 2568 559 2642 absentis,
582 2567 808 2645 simulacraque
826 2585 916 2630 cerea
930 2568 1030 2645 fingit,—

296 2655 333 2716 Et
347 2654 492 2715 miserum
507 2652 607 2714 tenuis
622 2655 654 2715 iu
668 2654 754 2715 iecur
767 2661 855 2729 urget
869 2668 954 2727 acus,

254 2738 291 2800 Et
306 2754 386 2815 quae
402 2737 564 2798 nescierim
579 2738 699 2800 melius.
731 2737 813 2798 Male
829 2738 984 2815 quaeritur
997 2736 1104 2798 herbis

295 2821 432 2884 Moribus
448 2827 478 2882 et
492 2823 590 2883 forma
605 2821 816 2883 conciliandus
832 2836 926 2883 amor.

211 2915 245 2971 95
257 2906 343 2967 Hanc
359 2913 448 2982 potes
464 2906 621 2983 amplecti,
642 2906 838 2981 thalamoque
851 2906 975 2967 relictus
991 2906 1021 2967 ln
1037 2921 1099 2968 uno

296 2991 473 3067 lmpavidus
490 3006 599 3051 somno
615 2999 706 3051 nocte
721 2991 830 3051 silente
844 2990 924 3051 fruit

255 3074 378 3136 Scilicet
390 3081 424 3136 ut
436 3082 560 3148 tauros,
580 3074 623 3135 ita
636 3082 666 3136 te
682 3075 753 3151 iuga
767 3075 848 3136 serre
862 3075 977 3151 coegit:

297 3160 425 3235 Quaque
440 3159 523 3219 leros
538 3159 664 3235 anguls,
687 3165 717 3220 te
732 3174 857 3235 quoque
871 3160 984 3220 mulcet
998 3170 1065 3234 opc

36 3278 97 3321 „a
254 3244 360 3318 Adde,
383 3244 467 3319 quod
483 3243 617 3304 adscribi
632 3243 721 3304 iactis
737 3259 961 3320 procerumque
974 3242 1098 3320 tuisque

194 3338 241 3390 tou
295 3327 337 3389 Se
351 3328 448 3403 lavet,
473 3333 503 3388 et
516 3329 605 3389 titulo
623 3327 762 3403 coniugis
778 3343 858 3389 uxor
872 3327 971 3390 obest.

17 3414 23 3423 ‘
253 3411 356 3489 Atque
371 3411 483 3489 aliquis
497 3411 600 3474 Pellae
614 3412 654 3473 de
670 3411 807 3489 partibus
823 3420 890 3474 acta
903 3410 1032 3473 venenis

295 3496 442 3573 Imputat,
466 3502 496 3557 et
510 3498 675 3572 populum,
699 3497 751 3573 qui
766 3496 824 3558 sibi
841 3495 961 3572 credat,
982 3494 1084 3557 habet.
