2467 4042
176 199 216 262 72
326 217 478 253 2222222222
585 198 748 252 ΜΕΤΑΜΜ
757 238 764 254 .

261 363 362 426 Gentis
386 364 550 425 odoriferae
573 382 662 443 quarn
684 366 897 428 formosissima
918 378 1006 447 partu

195 465 247 513 220
260 452 360 514 Edidit
381 451 571 532 Eurynome.
600 453 652 513 sed
674 462 833 533 postquam
855 455 914 515 lilia
936 459 1051 537 crevit,

261 542 354 612 Quam
377 547 471 601 mater
493 547 637 622 cunctas,
659 549 718 601 tam
742 550 867 603 matrem
888 543 1060 605 1111221212.

259 629 346 690 Rexit
368 629 578 690 Achaemenias
601 628 692 690 urbes
714 638 799 708 pater
822 629 1009 712 Orchamus,
1031 635 1131 712 isque

260 718 410 797 Septimus
432 736 449 778 a
470 720 569 796 prisco
592 725 767 778 numeratur
790 720 904 797 origine
925 719 1014 781 Belo.

260 806 319 866 dre
344 804 399 866 suh
421 804 566 883 Hesperio
590 814 661 867 sunt
682 824 791 885 pascua
814 806 891 868 Solis
914 826 1084 887 equorum:

194 906 244 955 222
260 894 444 955 Ambrosiam
465 911 520 974 pro
544 895 676 972 gramine
699 893 830 955 hahent.
858 913 892 956 ea
914 896 993 957 fessa
1015 897 1145 959 diurnis

259 982 390 1043 llemhra
412 982 586 1042 ministeriis
609 985 705 1044 nutrit
727 990 905 1062 reparatque
928 982 1041 1046 labori.

259 1071 393 1149 Dumque
416 1068 458 1131 ihi
482 1061 688 1150 quadrupedes
711 1071 849 1133 caelestia
870 1071 978 1151 pabula
1000 1084 1160 1157 carpunt,

258 1158 381 1238 Noxque
404 1161 498 1219 ricem
520 1161 636 1239 peragit
648 1206 657 1240 ,
680 1159 823 1221 thalamos
852 1160 926 1221 deus
953 1163 1046 1222 intrat
1070 1173 1199 1226 amatos

258 1246 368 1307 Versus
390 1249 421 1308 in
444 1245 630 1326 Eurynomes
652 1245 758 1308 ia'ciem
780 1249 963 1330 genetricis,
985 1257 1017 1310 et
1038 1252 1126 1313 inter

193 1336 308 1397 attollis
331 1353 383 1394 sex
407 1333 598 1396 Leucothoen
621 1335 744 1396 famulas
767 1336 803 1396 ad
826 1336 936 1397 lumina
959 1340 1058 1398 cernit

260 1424 347 1485 heria
369 1430 485 1485 versato
509 1422 667 1484 ducentem
691 1426 816 1484 stamina
838 1425 922 1486 fuso.

259 1511 338 1590 Ergo
361 1509 413 1572 uhi
436 1529 491 1571 ceu
515 1519 609 1573 mater
632 1529 717 1572 carae
742 1511 824 1572 dedit
845 1512 946 1574 osotda
965 1522 1071 1597 222222,

258 1594 352 1660 “Res’
375 1601 416 1660 ait
439 1595 556 1660 ‘aroana
579 1607 647 1661 est.
675 1599 799 1661 famulae
811 1647 822 1682 ,
844 1600 1010 1682 discedite,
1033 1622 1111 1665 neve

258 1687 372 1767 Eripite
396 1686 552 1747 arbitrium
575 1689 663 1748 matri
686 1696 802 1749 secreta
823 1687 965 1767 loquendi
973 1685 1005 1751 .”

192 1777 441 1838 resecuerant.
469 1775 657 1855 thalamoque
680 1776 754 1837 deus
777 1777 841 1837 sine
864 1784 940 1837 teste
962 1778 1069 1842 relicto

258 1860 332 1925 “llle
355 1881 409 1942 ego
433 1881 499 1924 sum
512 1858 533 1944 ,'
556 1864 631 1924 dixit
652 1858 716 1943 ‘qui
739 1863 859 1943 longum
881 1867 989 1926 metior
1010 1885 1145 1951 annum,

258 1952 362 2015 Omnia
385 1954 437 2030 qui
458 1950 566 2032 rideo,
587 1970 643 2031 per
666 1969 754 2031 quem
777 1953 857 2013 videt
879 1956 975 2015 omnia
997 1954 1108 2040 221122,

246 2036 358 2102 'Mundi
380 2039 505 2101 oculus.
532 2040 627 2123 mihi,
650 2040 761 2122 crede,
783 2041 882 2119 places
895 2037 928 2103 .”
954 2052 1043 2122 pavet
1063 2044 1134 2128 illa,

1036 2142 1189 2214 metuque

258 2217 296 2279 Et
317 2217 400 2279 colus
424 2225 455 2278 22
476 2218 561 2278 fusus
584 2217 684 2296 digitis
707 2219 841 2279 cecidere
863 2221 1014 2281 remissis.

192 2318 243 2368 222
258 2304 323 2387 lpse
347 2308 437 2366 timor
460 2304 581 2367 decuit.
608 2324 665 2366 neo
688 2306 805 2386 longius
827 2306 875 2367 ille
898 2317 1032 2369 moratus

259 2393 291 2455 ln
314 2412 413 2455 veram
437 2393 525 2456 rediit
547 2395 653 2455 taciem
665 2440 675 2476 ,
698 2394 876 2474 sohtumque
899 2397 1046 2459 nitorem:

258 2479 308 2560 [lt
330 2484 414 2561 virgo
426 2529 436 2563 ,
459 2484 592 2561 quamvis
614 2484 735 2563 inopino
758 2485 862 2544 territa
884 2483 981 2566 visu,]

258 2568 340 2631 Victa
363 2572 461 2631 nitore
484 2570 532 2631 dei
554 2572 650 2650 posita
672 2574 731 2631 vim
753 2589 840 2652 passa
862 2572 993 2651 querella
1016 2583 1081 2636 est.

262 2657 367 2720 inridit
389 2657 505 2740 Clytie;
527 2677 626 2739 neque
648 2661 728 2720 enim
750 2659 919 2721 moderatus
942 2662 973 2721 in
995 2660 1046 2721 illa

190 2758 240 2807 222
257 2746 333 2808 Solis
355 2762 438 2807 amor
460 2747 579 2809 iuerat:
601 2748 808 2827 stimulataque
830 2748 951 2827 paelicis
973 2751 1018 2809 122

258 2835 361 2914 vulgat
383 2834 583 2918 adulterium,
606 2835 847 2915 diffamatumque
869 2839 986 2916 parenti

258 2921 390 2985 indicat.
416 2924 466 2983 ille
488 2925 574 2984 ferox
594 2926 859 3003 inmansuetusque
881 2933 1054 3005 precantem

256 3011 500 3092 Tendentemque
522 3030 627 3073 manus
650 3011 686 3073 ad
708 3012 819 3073 lumina
844 3011 920 3073 Solis
943 3020 973 3073 et
997 3008 1072 3074 “ille

256 3099 320 3160 Vim
343 3099 411 3161 tulit
432 3095 565 3162 invitae''
589 3101 737 3162 dicentem
760 3100 870 3161 defodit
894 3101 950 3161 alta

190 3199 241 3250 242
256 3187 373 3250 Crudus
387 3188 478 3249 humo
486 3236 497 3271 ,
509 3188 717 3268 tumulumque
732 3207 823 3270 super
836 3192 933 3268 grarh
943 3189 1025 3250 addit
1034 3190 1179 3252 harenae.

255 3276 384 3355 Dissipat
406 3276 487 3338 hunc
509 3277 600 3337 radiis
623 3276 792 3356 Hyperione
815 3284 902 3338 natus
914 3323 925 3359 ,
946 3279 1067 3356 iterque

258 3363 310 3425 [122
331 3363 386 3425 tihi
398 3412 408 3446 ,
431 3382 488 3444 qua
511 3367 608 3444 possis
632 3365 767 3426 defossos
789 3383 928 3444 promere
951 3365 1071 3448 vultus3

256 3452 316 3513 Nec
338 3460 372 3513 tu
394 3454 452 3514 iam
475 3461 594 3532 poteras
618 3460 755 3515 enectum
775 3453 906 3532 pondere
929 3460 1028 3515 terrae

255 3538 389 3622 Tollere,
407 3541 552 3621 nympha,
571 3548 680 3623 caput,
699 3558 868 3621 corpusque
883 3559 1032 3620 exsangue
1045 3543 1178 3605 iacchas.
