2467 4042
151 236 194 302 68
440 298 447 313 ,
570 237 742 290 remmam

192 413 225 465 tu
239 400 412 482 Purpureus
436 400 517 462 meib
539 402 589 462 fiat
611 403 644 462 in
670 418 721 462 ore
744 400 859 481 pudor.

241 489 303 552 Sed
323 491 416 569 magis
438 491 469 550 in
492 506 595 550 curam
618 491 713 551 nostri
735 506 883 569 consurge
905 489 1025 568 tuendi,

240 577 475 657 Exemplumque
497 577 570 638 mibi
593 580 729 657 coniugis
751 586 816 639 este
839 577 952 657 bonae,

240 666 451 745 Materiemque
474 667 534 727 tuis
557 667 675 728 tristem
697 665 858 727 virtutibus
880 664 986 746 imple:

239 755 340 817 brdua
361 771 417 834 per
438 771 582 834 praeceps
603 752 698 833 gioria
719 754 799 815 radit
819 756 896 815 iter.

193 855 226 906 7⁶
241 843 369 905 Hectora
392 843 459 922 quis
473 850 606 923 mosset,
629 841 699 902 felix
722 844 748 904 si
770 842 859 903 Troia
881 836 1013 902 fuisset?

241 930 364 992 Publica
385 931 505 992 virtutis
526 948 581 1011 per
603 929 679 991 mala
702 932 778 992 iacta
800 932 847 991 ria
869 939 932 991 est.

240 1020 297 1081 bra
315 1028 385 1100 tua,
402 1016 515 1098 Tiphy,
534 1027 635 1099 vacet,
654 1021 680 1080 si
699 1036 759 1080 nun
778 1020 866 1079 sitin
884 1035 1012 1097 aeqncrc
1029 1017 1169 1080 fluctus:

242 1107 274 1169 Si
297 1106 412 1169 valeant
433 1106 569 1168 homines
581 1153 591 1187 ,
614 1124 663 1168 ars
686 1115 759 1187 tna,
780 1105 923 1186 Phoebe,
945 1114 1046 1167 vacet.

241 1196 322 1269 Quae
345 1195 416 1256 latet
438 1196 529 1273 inque
552 1193 638 1255 bonis
661 1203 759 1256 cessat
783 1212 843 1255 nun
866 1196 983 1273 cognita
1005 1194 1122 1277 rebus,

192 1296 227 1347 80
242 1284 371 1363 Apparet
393 1284 487 1344 virtus
510 1285 705 1362 arguiturque
728 1282 829 1359 malis.

242 1371 297 1434 Dat
320 1369 375 1433 tibi
396 1379 498 1432 nostra
521 1370 621 1433 locum
643 1372 722 1433 tituii
745 1373 888 1452 fortuna,
906 1377 1053 1450 caputque

241 1461 441 1540 Conspicuam
464 1460 559 1537 pietas
582 1477 640 1538 qua
663 1469 715 1521 tua
737 1459 820 1521 tollat
832 1507 841 1541 ,
864 1458 969 1520 babet.

241 1549 331 1610 Utere
350 1545 556 1628 temporibus,
579 1564 708 1626 quorum
730 1566 811 1609 nunc
833 1564 958 1608 munere
975 1541 1000 1625 †
1017 1547 1095 1608 freta
1120 1557 1170 1610 est

241 1637 280 1700 Et
301 1644 382 1717 patet
404 1637 436 1697 in
458 1635 561 1697 laudes
584 1653 653 1697 area
676 1654 784 1716 magna·
803 1635 887 1698 tuasi
921 1679 923 1682 ψ
969 1714 972 1720 ,

628 1829 691 1903 IV.
770 1818 778 1826 ’

243 1989 268 2052 Ο
292 1991 344 2070 qui
356 2034 366 2070 ,
388 1988 557 2051 numinibus
581 2007 650 2050 cum
674 1989 715 2049 sis
737 2006 901 2068 generosus
924 2004 1062 2061 avorum,

243 2078 412 2159 Exsuperas
435 2095 553 2139 morum
574 2075 728 2139 nobilitate
751 2094 863 2156 genus,

244 2166 335 2228 Cuius
358 2169 437 2227 inest
459 2167 557 2227 animo
580 2168 669 2246 patrii
691 2164 829 2226 candoris
852 2167 965 2246 imago,

243 2254 309 2315 Nou
332 2262 431 2316 careat
454 2256 554 2315 nervis
576 2253 687 2315 candor
710 2260 744 2315 ut
766 2256 823 2314 iste
846 2256 926 2333 suis,

214 2343 337 2405 uCuius
359 2345 390 2404 in
414 2344 532 2421 ingenio
555 2351 601 2404 est
623 2345 735 2422 patriae
759 2341 896 2403 facundia
918 2341 1051 2421 linguae,

246 2430 310 2503 Qua
332 2433 414 2512 prior
436 2434 468 2492 in
490 2430 574 2493 Latiu
597 2448 656 2491 nun
681 2431 738 2492 iuit
759 2429 818 2491 ulia
841 2432 906 2491 iore
925 2462 960 2474 -

246 2520 332 2591 Quod
355 2522 475 2582 minime
498 2519 579 2581 volui
591 2565 600 2600 ,
623 2521 728 2600 positis
751 2537 806 2598 pro
829 2521 948 2581 nomine
971 2519 1063 2598 signis

246 2607 349 2669 Dictus
372 2627 427 2670 es:
462 2610 599 2687 ignoscas
621 2607 759 2669 laudibus
781 2609 845 2687 ipse
869 2608 947 2669 tuis!

246 2694 294 2756 Nil
317 2714 372 2775 ego
394 2698 536 2777 peceavi3
558 2704 610 2758 tua
633 2704 663 2757 te
686 2695 763 2757 buna
786 2699 904 2775 cognita
925 2695 1072 2776 produnt.

201 2797 233 2846 ιο
248 2783 281 2845 Si
304 2784 383 2863 quod
406 2802 461 2864 es,
484 2802 632 2866 appares,
655 2785 741 2864 eulpa
764 2784 860 2846 soluta
884 2803 949 2845 mea
971 2792 1033 2845 est.

246 2872 308 2933 Nec
332 2879 429 2933 tamen
453 2874 584 2934 efficium
607 2880 710 2934 nestro
738 2872 793 2933 tibi
816 2875 946 2935 carmine
969 2874 1078 2933 iactum

248 2961 386 3040 Principe
410 2969 470 3023 tam
492 2963 572 3023 iustu
595 2980 684 3043 posse
707 2980 816 3030 nocere
839 2970 928 3043 puto.

247 3049 314 3129 lpse
337 3057 422 3129 pater
444 3053 611 3130 patriae-
634 3048 706 3130 quid
730 3053 809 3112 enim
832 3060 879 3112 est
901 3050 1015 3111 civilius
1038 3046 1118 3110 illc?
1139 3083 1179 3095 —

250 3137 384 3200 Sustinet
406 3140 437 3199 in
461 3147 564 3200 nostru
588 3142 718 3201 carmine
742 3156 830 3219 saepe
853 3138 928 3219 legi.

203 3239 235 3287 15
249 3226 310 3289 Nec
333 3226 491 3308 prohibere
515 3236 636 3309 potest,
664 3230 733 3308 quia
755 3245 804 3289 res
833 3236 879 3290 est
906 3227 1022 3307 publica
1045 3225 1180 3313 Caesar,

249 3314 289 3375 Et
311 3314 347 3377 de
371 3318 522 3378 communi
543 3334 612 3397 pars
635 3334 754 3396 queque
777 3326 879 3378 nostra
901 3316 979 3378 bunc
1003 3324 1064 3377 est.

251 3402 384 3483 luppiter
407 3407 533 3485 ingeniis
556 3404 679 3485 praebet
701 3422 755 3465 sua
777 3408 898 3467 numina
921 3413 1038 3488 vatum,

252 3489 351 3570 Seque
374 3492 519 3554 celebrari
542 3493 676 3572 quolibet
699 3511 750 3554 ure
774 3496 861 3556 sinit.

253 3576 346 3639 Causa
369 3587 419 3640 tua
443 3580 576 3659 exemplo
600 3599 776 3662 superorum
801 3590 864 3644 tuta
887 3584 1014 3644 duorum
1037 3592 1102 3668 est,
