2467 4042
424 236 468 287 VI.
489 235 636 286 usn-748.

280 404 331 468 16.
354 400 414 467 GC
461 404 511 466 17.
534 399 597 465 HD
646 402 696 467 18.
719 399 781 467 AO

118 524 153 584 lv
173 529 257 602 pater
280 520 434 581 Heliadum
457 519 556 580 radios
579 518 631 580 uhi
655 521 776 579 tinxerit
798 518 904 599 undis,

159 610 197 671 Et
220 612 319 688 cinget
341 610 473 688 geminos
497 607 580 669 stella
604 625 710 668 serena
732 607 834 688 polos,

118 698 211 759 Tollet
232 698 323 758 humo
346 696 457 757 validos
479 695 579 775 proles
602 693 710 774 Hyriea
733 694 877 756 lacertos.

54 800 105 850 720
160 786 305 847 Continua
328 784 453 862 Delphin
477 794 564 845 nocte
587 782 733 843 videndus
757 785 830 843 erit.

464 913 513 976 19.
536 910 595 977 BD

118 1032 236 1093 Scilicet
257 1032 305 1092 hic
328 1031 399 1091 olim
421 1029 542 1091 Volscos
564 1029 743 1109 Aequosque
766 1030 881 1108 fugatos
976 1042 1032 1093 (²2³)

161 1119 279 1181 Viderat
301 1122 332 1179 in
355 1121 489 1200 campis,
511 1117 613 1197 Algida
637 1126 739 1198 terra,
761 1119 838 1178 tuis:

116 1207 197 1268 Unde
221 1205 392 1268 suburbano
415 1206 535 1286 clarus,
558 1205 712 1285 Tuberte,
735 1205 886 1284 triumpho

159 1293 267 1355 Ventus
290 1312 323 1355 es
346 1297 377 1354 in
400 1297 516 1373 niveis,
539 1293 701 1374 Postume,
724 1295 819 1355 victor
842 1295 943 1372 equis.

49 1393 102 1444 725
116 1382 176 1443 lam
199 1400 251 1442 sex
274 1372 304 1441 et
327 1380 449 1442 totidem
473 1380 556 1442 luces
580 1382 616 1441 de
640 1399 741 1441 mense
765 1389 943 1462 supersunt,

159 1469 235 1530 Huic
259 1487 351 1529 unum
376 1486 498 1529 numero
522 1477 554 1530 tu
578 1476 676 1529 tamen
700 1468 773 1529 adde
796 1468 891 1531 diem.

117 1558 166 1618 Sol
189 1557 249 1617 abit
272 1575 288 1617 7
312 1557 464 1638 Geminis,
488 1564 518 1618 et
540 1555 647 1617 Cancri
669 1559 753 1635 signa
776 1556 957 1618 rubescunt:

161 1645 265 1724 Coepit
286 1644 430 1706 Aventina
451 1644 546 1705 Pallas
569 1647 600 1706 in
624 1663 691 1705 arce
715 1644 789 1706 ooli.

464 1774 515 1840 20.
539 1770 596 1839 OD

115 1891 176 1952 lam
199 1900 272 1971 tua,
295 1890 484 1971 Laomedon,
507 1892 603 1951 oritur
626 1909 743 1973 nurus,
767 1899 890 1971 ortaque
914 1898 1031 1951 noctem

46 1993 100 2042 730
159 1979 265 2060 Pellit,
289 1989 320 2041 et
342 1998 358 2040 e
382 1980 474 2059 pratis
497 1977 554 2039 uda
577 1981 685 2057 pruina
708 1980 799 2059 fugit:

115 2067 257 2149 Reddita,
280 2070 414 2147 quisquis
433 2070 459 2128 is
479 2074 542 2147 est,
566 2067 726 2127 Summano
748 2067 857 2145 templa
876 2068 1030 2147 feruntur,

160 2155 259 2236 Tum,
282 2173 351 2216 cum
373 2154 534 2233 Romanis,
557 2155 693 2236 Pyrrhe,
715 2155 866 2216 timendus
889 2173 972 2216 eras.

114 2241 198 2303 Hanc
221 2260 340 2321 quoque
359 2261 427 2304 cum
449 2244 553 2322 patriis
576 2242 695 2304 Galatea
716 2245 864 2322 receperit
887 2243 990 2322 undis,

158 2330 308 2409 Plenaque
331 2348 453 2392 securae
476 2337 556 2391 terra
580 2332 689 2410 quietis
712 2333 786 2410 erit,

41 2432 98 2481 ‘135
116 2416 220 2497 Surgit
241 2417 332 2478 humo
355 2420 470 2479 iuvenis
492 2417 559 2478 telis
583 2417 699 2478 afflatus
722 2421 824 2499 avitis,

158 2505 198 2566 Et
219 2508 335 2585 gemino
358 2523 449 2566 nexas
471 2508 598 2584 porrigit
620 2524 714 2585 angue
737 2524 858 2567 manus.

112 2592 209 2654 Notus
232 2611 314 2653 amor
337 2592 509 2673 Phaedrae,
533 2601 602 2654 nota
625 2601 672 2654 est
693 2595 801 2655 iniuria
825 2592 948 2655 Thesei:

158 2679 280 2741 Devovit
302 2689 403 2741 natum
426 2680 566 2742 credulus
588 2680 638 2742 ille
661 2699 765 2743 suum.

112 2766 194 2845 [Non
216 2770 336 2846 impune
359 2770 427 2848 pius
449 2771 565 2830 iuvenis
586 2769 738 2831 Troezena
759 2769 899 2850 petebat:

35 2871 93 2920 740
158 2855 267 2916 Dividit
289 2854 441 2917 obstantes
463 2866 584 2935 pectore
608 2866 712 2919 taurus
735 2876 827 2938 aquas
837 2857 857 2936 .]

111 2943 239 3006 Solliciti
262 2951 415 3005 terrentur
438 2947 529 3027 equi,
552 2946 722 3026 frustraque
745 2948 854 3008 retenti

158 3031 215 3091 Per
239 3032 377 3111 scopulos
401 3032 553 3094 dominum
576 3033 710 3113 duraque
734 3053 802 3095 saxa
826 3035 963 3096 trahunt.

109 3118 269 3180 Exciderat
292 3138 406 3201 curru,
429 3121 559 3200 lorisque
582 3122 766 3183 morantibus
789 3129 871 3183 artus

155 3205 331 3287 Hippolytus
354 3209 452 3270 lacero
476 3227 601 3290 corpore
624 3219 726 3290 raptus
750 3219 830 3292 erat,

35 3308 91 3357 745
107 3293 350 3376 Reddideratque
365 3300 510 3378 animam,
524 3297 651 3359 multum
665 3298 836 3377 indignante
850 3298 955 3358 Diana.
971 3307 1029 3360 ‹²2⁴›

157 3378 273 3462 ‘Nulla'
298 3384 460 3446 Coronides
484 3380 588 3447 ‘causa
611 3383 737 3448 doloris'
761 3389 817 3448 ait:

107 3465 261 3550 ‘Namque
284 3474 333 3552 pio
356 3475 456 3535 iuveni
478 3468 566 3536 vitam
590 3478 654 3537 sine
676 3475 796 3536 volnere
819 3474 957 3555 reddam,

156 3557 194 3620 Et
217 3558 323 3621 cedent
345 3563 403 3622 arti
426 3564 521 3622 tristia
545 3563 601 3624 lata
626 3557 741 3625 meae.'

63 3666 158 3710 ovm.
184 3667 230 3708 nr.
836 3668 871 3717 aa
