2467 4042
199 257 266 322 274
607 257 800 309 nassonem

332 421 441 484 Pabula
463 423 616 502 proposito
640 420 720 482 nulla
743 420 866 482 tacenda
888 439 974 482 meo.

222 522 273 572 545
296 511 418 572 Arserat
439 509 555 571 Aeneae
577 509 652 570 llido
676 508 852 570 miserabilis
874 512 961 589 igne,

332 598 454 660 deserat
477 600 637 660 exstructis
660 599 692 659 in
715 615 768 659 sua
792 597 851 658 lata
874 600 973 678 rogis3

288 686 535 765 compositusque
558 688 634 748 einis
646 734 656 768 ,
679 685 845 766 tumulique
868 688 900 746 in
918 702 1072 748 marmore
1098 708 1200 752 carmen

332 774 395 837 Hoc
418 774 530 855 breve,
554 774 633 854 quod
656 776 786 835 moriens
809 776 874 854 ipsa
896 773 1044 855 reliquit,
1070 788 1156 842 erat:

291 859 447 925 ‘Praebuit
470 863 584 924 Aeneas
607 869 638 923 et
661 880 778 924 causam
801 864 906 923 mortis
928 871 960 923 et
983 880 1112 928 ensem.

225 965 276 1014 550
335 951 402 1030 lpsa
425 969 477 1013 sua
500 949 574 1012 llido
598 950 728 1011 concidit
751 969 803 1012 usa
827 945 949 1012 manu.'

287 1040 428 1101 Protinus
451 1039 593 1100 invadunt
615 1038 758 1099 Numidae
783 1041 846 1100 sine
871 1038 986 1100 vindice
1011 1058 1163 1125 regnum,

332 1126 370 1188 m
392 1129 505 1206 potitur
528 1138 612 1207 capta
635 1125 757 1188 Maurus
779 1126 863 1187 larba
886 1127 990 1188 domo.

290 1215 386 1295 Seque
410 1233 523 1277 memor
547 1221 703 1295 spretum,
727 1210 878 1277 ‘thalamis
900 1212 1018 1278 tamen'
1040 1220 1147 1332 {nquit

1057 1306 1172 1371 Elissae

333 1391 378 1454 lin
401 1410 478 1474 eqo,
501 1409 591 1471 quem
613 1392 723 1453 totiens
746 1390 877 1472 reppulit
898 1390 969 1472 illa,
992 1393 1123 1458 fruor?

223 1492 274 1542 555
288 1480 451 1559 Dillngiunt
474 1479 577 1560 Tyrii,
604 1498 664 1559 quo
688 1498 836 1559 quemque
864 1482 924 1559 agit
946 1498 1062 1564 error,
1092 1497 1131 1547 ut
1152 1486 1202 1548 olin

333 1569 448 1629 Amisso
472 1567 577 1630 dubiae
601 1586 671 1647 rege
695 1578 838 1648 vagantur
861 1586 949 1649 apes.

289 1658 388 1719 Tertia
411 1655 563 1717 nudandas
586 1665 741 1735 acceperat
764 1674 831 1717 area
854 1674 984 1737 messes,

333 1744 425 1824 lnqne
449 1761 536 1805 cavos
558 1746 656 1806 ierant
678 1746 765 1805 tertia
789 1754 886 1805 musta
908 1743 1011 1806 lacus:

288 1832 412 1894 Pellitur
435 1832 519 1893 duna
541 1831 652 1914 domo,
674 1831 889 1912 lacrimansque
913 1835 1034 1895 sororia
1058 1836 1173 1921 linquit

223 1936 274 1984 550
333 1920 468 1982 Moenia.
510 1938 667 2001 germanae
689 1923 767 1982 iusta
790 1921 840 1982 dat
862 1929 928 1982 ante
953 1939 1049 1985 suae.

289 2009 379 2071 blixta
401 2008 508 2070 bibunt
530 2007 636 2070 molles
657 2008 787 2070 lacrimis
809 2018 960 2088 unguenta
983 2010 1113 2077 favillae

334 2097 450 2159 Vertite
474 2096 578 2161 libatas
601 2099 810 2178 accipiuntque
834 2116 950 2159 comas.

289 2185 407 2266 Terque
431 2181 511 2246 ‘valo
525 2181 548 2247 l'
573 2185 669 2267 dixit,
692 2188 809 2248 eineres
832 2196 879 2248 ter
901 2186 937 2247 ad
961 2205 1017 2248 ora
1043 2191 1162 2255 relatos

332 2274 467 2356 Pressit,
490 2282 521 2337 et
543 2283 589 2336 est
610 2273 671 2334 illis
693 2276 754 2336 visa
777 2274 900 2337 subesse
923 2293 1032 2338 soror.

223 2377 274 2427 555
289 2363 401 2425 Naneta
424 2370 519 2424 ratem
543 2364 726 2444 comitesque
749 2363 835 2443 fugae
863 2362 938 2444 pede
961 2363 1084 2429 labitur
1110 2389 1205 2452 aequo,

332 2451 447 2513 Moenia
469 2453 655 2533 respiciens,
679 2451 765 2513 dulce
788 2454 901 2513 sororis
923 2469 1021 2531 opus.

289 2540 408 2602 Fertilis
431 2548 477 2601 est
499 2539 599 2602 Melita
623 2539 719 2601 sterili
741 2542 835 2601 vicina
859 2540 985 2620 Cosyrae

332 2629 452 2710 Insula,
476 2647 563 2709 qnam
586 2627 689 2710 Libyci
712 2627 848 2689 verberat
869 2628 948 2690 unda
971 2629 1066 2694 freti.

288 2717 371 2779 Hanc
393 2718 489 2798 petit,
513 2717 642 2798 hospitio
666 2718 745 2796 regis
768 2718 878 2778 confisa
899 2726 1040 2781 vetusto.

222 2818 274 2867 555
333 2805 447 2886 Hospes
470 2823 560 2886 opnm
583 2807 665 2867 dives
688 2823 740 2866 rex
763 2804 805 2866 ibi
827 2805 929 2866 Battus
953 2816 1039 2870 erat.

289 2894 347 2967 Qui
369 2903 527 2974 postquam
550 2894 653 2955 didicit
676 2911 762 2956 casus
785 2896 941 2973 utriusque
966 2901 1112 2983 sororis,
1180 2916 1204 2959 ta

333 2977 444 3044 ‘Ilaec'
468 2984 566 3062 inquit
588 2978 693 3044 ‘tellus
716 2982 985 3062 quantulacumque
1010 2992 1066 3047 tua
1096 2986 1179 3052 est.'

289 3072 327 3133 Et
348 3080 447 3134 tamen
470 3069 592 3151 hospitii
614 3080 763 3133 servasset
785 3071 820 3132 ad
844 3070 947 3132 ultima
969 3089 1112 3140 munus.

335 3159 393 3222 Sed
415 3162 515 3222 timuit
536 3177 657 3239 magnas
680 3158 875 3240 Pygmalionis
899 3177 986 3239 opes.

222 3261 275 3309 555
291 3249 380 3329 Signa
403 3257 595 3311 recensuerat
618 3248 664 3309 bis
687 3248 731 3309 sol
753 3266 827 3329 sua,
849 3251 957 3310 tertias
979 3247 1045 3311 ibat

333 3337 458 3418 dunas,
482 3345 512 3398 et
535 3338 622 3399 exilio
645 3345 726 3398 terra
749 3336 877 3416 paranda
900 3354 974 3397 nora
999 3347 1068 3400 est.

289 3423 393 3485 Frater
416 3425 519 3505 adest,
543 3424 680 3504 belloque
703 3427 799 3505 petit.
841 3442 894 3486 rex
917 3442 998 3486 arma
1023 3445 1168 3505 perosus

334 3507 410 3571 ‘Nos
434 3529 537 3572 sumus
560 3512 701 3594 inbelles,
725 3521 757 3574 tu
781 3513 850 3592 loge
874 3530 976 3593 sospes
990 3508 1016 3574 l'
1040 3519 1112 3581 ait.

290 3595 372 3657 lussa
396 3598 471 3675 fugit
483 3645 493 3679 ,
515 3609 663 3679 ventoque
687 3608 780 3663 ratem
804 3603 962 3664 committit
984 3611 1018 3664 et
1040 3606 1166 3669 undis.
