2467 4042
217 197 283 263 280
627 198 820 249 rnsruuuu

240 375 291 425 rut
305 361 357 424 Ille
381 362 459 424 cadit
481 378 626 441 praeceps
648 370 679 422 et
701 359 782 423 calce
804 361 911 423 feritur
934 361 1043 444 aselii,

349 449 549 530 Inclamatque
573 467 644 511 suos
667 449 867 529 auxiliumque
890 458 997 530 rogat.

306 538 495 600 Concurrunt
518 540 631 618 satyri,
653 541 863 617 turgentiaque
886 556 937 599 era
962 543 1103 618 parentis

349 627 479 688 Rident:
511 643 654 707 percusso
678 625 824 688 claudicat
846 626 894 687 ille
917 644 1016 706 genu.

304 715 392 777 Ridet
414 723 444 777 et
466 716 530 794 ipse
553 714 648 789 deus,
672 714 834 794 limumque
857 714 1000 777 inducere
1027 724 1180 796 monstrat;

239 817 290 867 ‘160
349 803 404 864 Hic
427 812 512 882 paret
534 804 655 864 munitis
678 812 709 865 et
732 802 798 864 linit
819 821 871 864 cra
893 802 973 865 luto.

304 891 390 953 Melle
413 901 497 971 pater
519 892 652 953 inuitur.
695 889 814 970 liboque
837 892 935 952 iniusa
959 891 1075 955 calenti

348 979 417 1041 lure
439 981 589 1060 repertori
611 979 734 1041 candida
757 979 843 1040 mella
866 980 988 1041 damus.

304 1067 425 1129 Femina
449 1085 502 1129 cur
525 1075 664 1148 presset,
687 1076 811 1129 nonest
834 1069 956 1130 rationis
979 1078 1126 1148 opertae:

349 1154 504 1218 Feminees
527 1156 630 1236 thyrso
653 1158 783 1217 concitat
805 1155 853 1216 ilie
877 1155 1002 1217 cheros.

238 1257 289 1308 ‘165
305 1244 365 1306 Gur
388 1262 462 1305 anus
485 1244 541 1305 hcc
564 1244 653 1305 faciat
665 1290 674 1323 ‚
698 1241 847 1323 quaeris?
879 1246 1010 1305 vinusiur
1037 1255 1122 1307 aetas

348 1331 428 1392 Haec
452 1339 516 1393 erat
528 1379 537 1414 ‚
560 1339 591 1393 et
612 1333 749 1410 gravidae
772 1350 896 1393 munera
919 1335 987 1393 vitis
1011 1352 1134 1395 amans.

304 1420 364 1483 Cur
387 1420 496 1481 hedera
519 1421 616 1481 cincta
638 1417 715 1482 est?
747 1421 856 1482 hedera
879 1430 925 1482 est
947 1424 1122 1498 gratissima

1098 1506 1198 1570 nauto,

348 1596 410 1658 Huc
434 1614 553 1677 queque
576 1614 631 1658 cur
654 1599 695 1658 ita
718 1599 778 1677 sit,
801 1597 901 1659 dicere
924 1597 1003 1658 nulla
1029 1617 1115 1660 mora
1136 1606 1184 1659 est.

303 1684 445 1765 Nysiadas
468 1684 611 1765 nymphas
634 1704 761 1764 puerum
784 1693 946 1765 quaerente
969 1704 1103 1749 noverca

237 1787 289 1836 tto
348 1772 430 1835 Hanc
453 1774 589 1835 trondem
612 1776 698 1835 cunis
720 1775 894 1854 opposuisse
918 1775 1038 1836 ierunt.

303 1862 429 1941 Restat,
451 1870 484 1923 ut
507 1863 677 1943 inveniam,
701 1880 792 1942 quare
815 1870 882 1941 toga
905 1861 997 1923 libera
1021 1863 1114 1925 detur

347 1949 485 2011 Lucifero
509 1952 634 2031 pueris,
657 1949 780 2012 candide
803 1949 939 2030 Bacche,
963 1959 1034 2012 tun.

306 2039 372 2100 Sive
397 2037 476 2117 qued
499 2040 563 2118 ipse
587 2057 663 2117 puer
686 2056 803 2119 semper
826 2040 999 2117 iuvenisque
1024 2039 1154 2117 videris,

347 2125 386 2187 Et
408 2125 504 2188 media
527 2135 574 2188 est
596 2135 677 2188 aetas
698 2130 777 2189 inter
799 2134 960 2207 utrumque
984 2125 1060 2209 tibi3

238 2228 290 2279 tte
305 2215 365 2277 Seu
389 2217 458 2295 quia
481 2224 514 2278 tu
537 2223 621 2296 pater
645 2233 699 2295 es,
722 2223 821 2296 patres
844 2233 898 2276 sua
920 2217 1069 2295 pignera,
1093 2223 1172 2277 natos

348 2303 561 2365 Commendant
583 2321 673 2365 curae
696 2303 927 2383 numinibusque
950 2306 1029 2366 tuis:

304 2391 395 2473 Sive,
418 2392 498 2471 quod
521 2411 553 2454 es
575 2391 687 2473 Liber,
711 2394 801 2453 vestis
824 2410 943 2471 queque
966 2391 1060 2454 libera
1083 2399 1181 2473 perte

350 2481 483 2542 sumitur
507 2490 537 2541 et
559 2482 636 2542 ritae
659 2480 807 2543 liberioris
830 2482 905 2542 itere

303 2569 347 2630 An
371 2571 441 2649 quia
453 2615 462 2649 ,
486 2588 555 2631 cum
578 2569 712 2631 celerent
734 2570 825 2650 prisci
849 2567 1010 2631 studiosius
1033 2586 1141 2649 agros,

238 2670 289 2721 ⁷80
348 2657 386 2718 Et
410 2658 520 2720 taceret
543 2660 639 2736 patric
663 2675 734 2719 rure
758 2665 877 2718 senator
901 2675 992 2737 opus,

302 2745 341 2806 Et
364 2753 484 2826 caperet
506 2746 601 2808 fasces
625 2764 642 2806 a
664 2763 755 2808 curve
779 2743 883 2807 consul
905 2753 1021 2825 aratro,

346 2833 408 2895 Nec
431 2837 543 2896 crimen
568 2835 657 2897 duras
681 2843 761 2896 esset
783 2833 892 2894 hahere
915 2851 1038 2912 manus,

304 2921 446 2984 Rusticus
470 2922 505 2983 ad
529 2922 615 2984 ludes
638 2923 766 3002 populus
788 2921 925 2983 veniebat
946 2924 977 2984 in
1000 2920 1114 2984 Urbem
1135 2954 1168 2966 -

348 3010 406 3072 Sed
430 3011 498 3093 dis,
522 3029 581 3072 non
605 3011 713 3073 studiis
735 3011 784 3072 ilie
807 3010 932 3072 dabatur
954 3009 1069 3073 honor:

237 3112 288 3162 785
302 3099 383 3162 Luce
406 3118 460 3162 sua
482 3099 568 3162 ludos
591 3118 665 3161 uvae
688 3106 872 3161 commentor
895 3098 1039 3177 habehat,

347 3187 428 3260 Quos
451 3207 519 3251 cum
543 3188 686 3250 taedifera
708 3206 788 3259 nune
810 3187 900 3248 habet
922 3187 971 3248 iile
994 3186 1050 3248 dea
1074 3219 1109 3230 -

301 3275 380 3356 Ergo
403 3286 438 3340 ut
460 3280 587 3339 tironem
611 3276 761 3338 celebrare
785 3276 952 3356 frequentia
974 3283 1095 3356 posset,
1147 3301 1151 3307 ·

347 3364 414 3427 Visa
437 3366 501 3428 dies
524 3365 637 3428 dandae
659 3382 719 3427 nen
742 3363 837 3426 aliena
859 3360 971 3442 togae?

302 3451 371 3514 Mite
395 3462 484 3532 caput
496 3500 505 3533 ‚
528 3462 635 3533 pater,
658 3453 718 3514 hnc
740 3452 912 3532 placataque
936 3469 1049 3514 cernua
1067 3459 1177 3527 vertas,

236 3549 287 3600 τοο
345 3539 384 3599 Et
406 3540 458 3601 des
481 3542 599 3620 ingenio
624 3541 687 3602 reia
711 3540 841 3602 secunda
864 3537 948 3602 meet
