2467 4042
214 217 279 283 336
622 215 815 267 1111111111

303 380 437 461 Nympha
459 379 542 441 iubet
565 381 669 458 quaeri
692 378 729 439 de
753 396 835 440 more
859 382 1017 442 remotius
1042 393 1175 461 antron,

350 470 446 548 thue
470 485 571 528 comes
593 470 730 546 sequitur
742 513 751 546 ,
775 467 973 547 destituitque
1002 470 1135 534 ducem.

304 556 421 620 Stulta!
454 555 533 617 videt
555 554 666 636 lanus,
690 573 765 633 quae
789 562 856 634 post
879 574 934 617 sua
958 566 1052 637 terga
1078 570 1196 640 gerantur

348 646 395 707 Nil
418 647 501 724 agis,
524 651 555 705 et
577 643 704 704 latebras
727 646 851 723 respicit
874 643 924 704 ille
949 652 1042 708 tuas.

241 736 353 798 1111111
375 737 459 814 agis,
482 730 541 793 en!
565 732 627 792 dixi
641 753 654 792 :-
680 749 749 797 nam
772 739 801 793 te
825 731 881 793 sub
903 751 984 812 rupe
1010 735 1156 819 latentem

340 822 483 901 .0ccupet
505 820 664 902 amplexu,
687 838 800 899 speque
823 821 937 898 potitus
961 825 1030 885 eit:

306 909 373 973 ‘los
395 928 449 990 pro
474 908 635 970 concubitu
659 916 761 970 nostro
785 908 837 969 tibi
860 908 996 970 cardinis
1022 920 1112 975 esto.

350 1000 412 1060 lloc
436 993 574 1079 pretium
589 999 702 1076 positae
726 999 902 1075 virginitatis
926 996 1044 1061 babe.'

308 1088 356 1151 Sic
379 1088 457 1148 latus
480 1087 617 1166 spinam,
641 1103 699 1164 qua
723 1088 824 1146 tristes
848 1085 959 1164 pellere
984 1099 1100 1166 posset

199 1200 201 1206 ¹
243 1191 292 1240 130
350 1173 1020 1236 Α111111111111-11111111111111-
1045 1177 1148 1239 dedit

309 1264 386 1326 Sunt
407 1264 506 1325 avidae
531 1262 689 1342 volucres,
712 1280 772 1323 non
796 1280 870 1340 quae
894 1262 1022 1323 Phineia
1049 1268 1159 1327 mensis
1207 1276 1208 1341 1

352 1353 478 1414 Gutture
501 1349 702 1431 fraudabant,
722 1349 773 1410 sed
797 1368 891 1430 genus
913 1351 986 1411 inde
1011 1354 1155 1415 trabunt:

308 1441 425 1503 Grande
448 1449 558 1519 caput,
581 1446 695 1500 stantes
718 1438 818 1519 oculi,
842 1446 940 1499 rostra
963 1450 1038 1518 apta
1063 1445 1181 1522 rapinis,

353 1530 482 1591 Canities
504 1529 624 1608 pinnis,
648 1527 797 1605 unguibus
809 1485 925 1589 ’bamus
948 1531 1052 1591 inest.

246 1632 295 1682 135
309 1619 402 1680 Nocte
425 1616 544 1695 volant,
569 1633 739 1719 puerosque
745 1607 869 1693 petunt
892 1618 1025 1677 nutricis
1048 1627 1180 1699 egentes.

353 1707 391 1767 Et
414 1707 517 1766 vitiant
539 1706 625 1764 cunis
649 1721 774 1782 corpore
797 1711 880 1806 rapta
903 1706 985 1765 suis.

310 1796 438 1875 Carpere
461 1793 601 1853 dicuntur
625 1791 762 1852 lactentia
785 1793 897 1852 viscera
921 1796 1054 1875 rostris,

354 1883 392 1943 lit
414 1882 535 1961 plenum
557 1888 628 1959 poto
651 1882 793 1959 sanguine
817 1889 920 1957 guttur
943 1879 1082 1944 babent.

311 1972 364 2034 Est
386 1971 443 2031 illis
466 1968 608 2048 strigibus
631 1985 762 2049 nomen3
785 1967 837 2028 sed
861 1970 991 2029 nominis
1018 1970 1116 2032 buius

246 2075 296 2124 141
355 2059 471 2139 Causa,
494 2056 572 2137 quod
596 2055 779 2117 horrendum
801 2056 928 2117 stridere
952 2068 1046 2119 nocte
1074 2061 1178 2120 solent.

142 2146 165 2171 ”
311 2149 378 2210 Sive
402 2150 493 2226 igitur
516 2152 679 2206 nascuntur
702 2162 770 2206 aves
783 2189 792 2223 ,
815 2162 868 2205 seu
892 2146 1029 2206 carmine
1052 2148 1148 2227 fiunt,

228 2286 243 2298 ,.
354 2230 523 2313 Naeuiaque
547 2232 737 2295 involucres
760 2232 854 2293 Marsa
878 2233 987 2309 figurat
1011 2253 1115 2297 anus:

221 2373 228 2382 .
311 2324 510 2391 lntlralarnos
533 2338 642 2382 venere
665 2320 798 2381 Procae.
839 2319 931 2381 Proca
956 2331 1049 2383 natus
1080 2327 1114 2385 in
1138 2324 1186 2385 illis

355 2412 467 2473 Praeda
490 2428 596 2472 recens
620 2411 716 2470 avium
740 2411 872 2488 quinque
895 2408 1004 2469 diebus
1030 2422 1122 2474 erat:

249 2514 297 2564 145
312 2501 495 2580 Pectoraque
518 2497 679 2560 exsorbent
701 2498 793 2558 avidis
816 2499 937 2557 inlantia
961 2497 1101 2577 linguis:

356 2591 394 2650 bt
417 2606 491 2668 puer
514 2586 615 2648 infelix
629 2588 717 2664 ,ragit
739 2603 885 2665 opemque
908 2588 1005 2665 petit.

313 2678 430 2739 Territa
453 2695 523 2737 voce
544 2677 594 2736 sui
607 2676 719 2735 ‘nutrix
742 2676 872 2734 accurrit
895 2674 1030 2756 alumni,

357 2765 395 2826 Et
419 2764 513 2844 rigido
537 2771 633 2825 sectas
657 2764 769 2823 invenit
793 2774 890 2841 ungue
913 2780 1025 2841 genas.

315 2853 391 2926 Quid
416 2849 556 2914 iaceret?
589 2851 671 2912 color
693 2852 753 2911 oris
768 2844 868 2932 erat,
896 2853 947 2928 qui
965 2851 1150 2916 ..frondibus
1169 2852 1207 2909 olio

250 2958 300 3006 151
360 2942 434 3002 Esse
458 2941 533 3002 solet
557 2941 657 3019 seris,
681 2957 754 3017 quas
778 2957 852 3011 nova
876 2938 961 3000 laesit
984 2939 1115 3005 biems.

315 3032 453 3093 Pervenit
475 3030 510 3091 ad
535 3028 690 3107 Cranaen,
714 3035 744 3088 11
767 3044 830 3087 rem
851 3026 964 3088 docet.
1007 3028 1061 3089 illa
1091 3027 1206 3092 ‘umore

359 3116 460 3180 Ponet
493 3127 563 3179 tuus
587 3110 707 3195 sospes'
731 3115 805 3177 dixit
828 3110 981 3175 ‘alumnus
1006 3119 1072 3178 erit
1088 3115 1114 3180 .'

316 3208 442 3269 Venerat
465 3209 500 3267 ad
524 3222 640 3268 cunas:
672 3203 782 3265 llebant
805 3212 959 3282 materque
982 3212 1156 3286 paterque:

361 3292 481 3357 ‘Sistite
505 3313 556 3356 vos
580 3293 737 3372 lacrimas,
760 3294 823 3370 ipsa
847 3288 1030 3353 1111111111’
1056 3298 1122 3357 ait.

252 3397 302 3444 155
317 3385 457 3444 Protinus
481 3382 603 3443 arbutea
628 3389 727 3461 postes
751 3389 797 3441 ter
821 3382 851 3440 in
875 3380 978 3441 ordine
1003 3385 1107 3461 tangit

361 3470 499 3549 Fronde,
524 3480 570 3530 111
593 3469 715 3529 arbutea
740 3467 838 3528 limina
862 3467 967 3528 fronde
991 3479 1101 3549 notat,

255 3611 257 3614 ⁴
319 3557 437 3634 Spargit
451 3560 534 3635 aquis
544 3557 642 3617 aditos
654 3589 684 3598 —
697 3564 728 3629 et
744 3574 836 3634 oquae
846 3555 1032 3617 medicamen
1047 3558 1206 3620 habebant
