2467 4042
424 270 460 321 11.
479 281 518 322 111
532 271 655 321 51-1111
669 271 711 320 20.

151 431 233 494 Inter
256 432 427 492 confessum
449 430 539 492 dubie
563 430 712 510 dubieque
735 437 893 509 negantem

196 519 382 600 Haerebam,
405 519 525 598 pavidas
548 517 636 579 dante
659 521 766 579 timore
789 526 892 596 notas,

151 607 355 688 Exemploque
378 610 477 687 nivis,
500 625 590 686 quam
612 606 707 667 mollit
730 607 885 686 aquaticus
908 610 1028 686 auster,

103 709 139 760 90
198 697 287 759 Gutta
310 713 364 775 per
388 697 527 756 attonitas
550 695 612 756 ibat
635 694 739 755 oborta
761 712 870 773 genas.

152 783 232 846 llaec
255 786 347 864 igitur
369 786 504 845 referens
528 792 558 845 et
581 783 661 862 quod
683 800 749 843 mea
771 784 896 844 crimina
919 783 1009 862 primi

197 872 318 934 Erroris
340 874 425 934 venia
448 889 536 951 posse
559 871 652 933 latere
675 872 775 952 rides,

153 961 289 1041 Respicis
312 964 468 1040 antiquum
490 960 577 1021 lassis
599 963 631 1021 in
653 959 744 1021 rebus
768 960 915 1040 amicum,

197 1049 409 1128 Fomentisque
432 1052 516 1110 iuvas
539 1049 661 1109 vulnera
683 1056 785 1109 nostra
809 1050 889 1110 tuis.

104 1149 139 1201 95
153 1138 211 1200 Pro
235 1138 344 1218 quibus
367 1137 488 1218 optandi
511 1140 537 1198 si
559 1137 647 1199 nobis
669 1139 755 1215 copia
778 1137 846 1216 fiat,

197 1226 270 1288 'lam
293 1226 369 1288 bene
392 1228 554 1305 promerito
578 1225 732 1287 commoda
754 1224 834 1285 mille
858 1241 981 1304 precor.

156 1313 215 1374 Sed
240 1317 266 1375 si
289 1315 350 1375 sola
373 1314 446 1374 mihi
468 1314 577 1376 dentur
600 1322 652 1376 tua
674 1320 764 1394 vota,
786 1312 949 1393 precabor,

142 1461 145 1465 Α
199 1399 239 1464 Ut
263 1400 318 1462 tibi
341 1404 381 1463 sit
404 1401 483 1462 salvo
506 1402 631 1463 Caesare
654 1402 733 1463 salva
756 1419 881 1481 parens.

156 1488 235 1550 llaec
259 1506 337 1569 ego,
359 1507 429 1550 cum
452 1490 565 1551 laceres
588 1491 691 1551 altaria
713 1491 835 1570 pinguia
858 1496 944 1570 ture,

90 1590 142 1641 100
200 1576 243 1639 Te
266 1576 386 1639 solitum
410 1579 532 1638 memini
554 1580 650 1657 prima
673 1595 778 1658 rogare
801 1578 891 1639 deos.

528 1772 609 1844 llll.

155 1930 265 2011 Accipe
288 1930 480 2010 conloquium
503 1930 599 2011 gelido
622 1929 748 1991 Nasonis
771 1930 808 1991 alr
831 1929 950 2009 Histro,

201 2018 317 2093 Attice,
343 2019 454 2081 iudicio
477 2037 538 2080 non
561 2018 722 2080 dubitande
745 2037 831 2083 meo.

156 2106 272 2188 Ecquid
296 2106 392 2169 adhuc
415 2125 552 2169 remanes
576 2124 689 2168 memor
712 2106 840 2168 infelicis
863 2108 967 2183 amici,

200 2196 318 2257 {leserit
341 2213 378 2257 an
401 2198 495 2275 partis
517 2194 655 2275 languida
678 2213 749 2256 cura
773 2192 868 2258 suas?

131 2283 227 2347 oNon
249 2287 291 2346 ita
314 2284 345 2345 di
367 2284 439 2344 mihi
463 2292 534 2346 sunt
555 2286 681 2365 tristes,
701 2293 737 2345 ut
758 2283 883 2345 credere
905 2286 1018 2363 possim
1037 2296 1079 2349 (eet

201 2372 318 2452 Fasque
341 2381 444 2452 putem
466 2375 524 2434 ianr
547 2381 578 2434 te
601 2390 661 2433 uon
684 2375 855 2433 meminisse
879 2376 955 2434 mei.

157 2461 233 2523 Ante
256 2460 360 2523 oculos
383 2469 502 2522 nostros
525 2468 576 2521 tua
598 2479 701 2542 nunc,
724 2469 776 2522 tua
798 2478 917 2541 semper
939 2463 1054 2542 imago,

203 2548 241 2609 Et
262 2549 365 2610 videor
387 2550 487 2611 vultus
510 2557 610 2610 mente
633 2549 735 2610 videre
758 2556 845 2611 tuos.

160 2636 244 2698 Seria
266 2638 358 2699 multa
381 2637 454 2699 mihi
477 2646 577 2699 tecum
601 2637 716 2698 conlata
738 2638 899 2718 recordor,

112 2737 146 2789 10
204 2724 265 2787 Nec
288 2726 356 2788 data
378 2725 514 2788 iocundis
538 2734 673 2806 tempora
695 2743 789 2806 pauca
812 2729 902 2788 iocis·

160 2813 254 2894 Saepe
277 2817 353 2876 citae
375 2815 472 2894 longis
494 2816 575 2875 visae
599 2814 787 2875 sermonibus
810 2815 922 2896 horae,

204 2903 298 2984 Saepe
321 2904 378 2965 luit
400 2903 541 2984 brevior,
565 2921 655 2982 quarn
678 2921 743 2965 mea
765 2902 877 2984 verba,
900 2903 982 2964 dies.

161 2990 255 3070 Saepe
278 2999 345 3052 tuas
368 2994 449 3053 venit
471 2992 583 3053 lactum
607 2992 694 3053 modo
718 3009 837 3053 carmen
860 2991 897 3053 ed
921 2992 1001 3053 auris

203 3078 242 3140 Et
264 3096 339 3140 nova
361 3080 471 3141 iudicio
495 3079 613 3141 subdita
635 3081 719 3142 Musa
742 3090 794 3143 tuo
818 3087 881 3142 est.

113 3177 146 3228 tu
160 3166 246 3237 Quod
269 3174 304 3227 tu
326 3168 484 3248 laudares,
507 3169 616 3248 populo
639 3169 788 3249 placuisse
812 3168 970 3249 putabam.

1 3237 17 3296 1⁶
203 3254 267 3316 lloc
289 3258 420 3335 pretium
443 3274 531 3319 curae
555 3257 642 3318 dulce
665 3260 794 3320 recentis
818 3266 899 3320 erat.

159 3342 256 3423 thue
280 3361 366 3406 meus
388 3343 456 3405 lima
479 3363 566 3406 rasus
588 3345 665 3407 liber
688 3355 768 3408 esset
790 3349 895 3428 amici,

202 3431 270 3494 Non
293 3432 386 3496 semel
409 3433 559 3494 admonitu
585 3433 661 3496 lacta
684 3434 773 3497 litura
796 3443 848 3497 tuo
872 3443 934 3497 est.

158 3519 219 3582 Nos
242 3520 307 3584 lora
329 3522 468 3584 viderunt
490 3523 626 3603 pariter,
648 3541 703 3584 nos
726 3526 859 3603 porticus
883 3525 997 3603 omnis,

9 3605 17 3654 '³
110 3623 145 3672 20
202 3609 263 3672 Nos
286 3613 354 3691 via,
378 3629 432 3673 nos
455 3612 566 3672 iunctis
590 3629 681 3673 curra
703 3611 818 3674 theatra
840 3613 930 3675 locis.
1036 3632 1038 3638 ’
