2467 4042
299 222 380 286 10
611 238 909 277 nmcmon
1130 219 1456 275 METAMM
1470 259 1487 277 .

470 384 548 448 Et
591 404 907 466 superesse
954 385 1112 447 videt
1156 385 1230 446 de
1276 394 1366 447 tot
1410 383 1582 448 modo
1629 386 1868 449 milibus
1912 406 2087 449 unam
2113 435 2147 469 ‚

471 474 769 536 Innocuos
816 474 1020 535 ambos
1046 522 1065 556 ‚
1111 473 1373 535 cultores
1420 476 1679 536 numinis
1725 475 1931 538 ambos
1949 524 1967 558 ,

471 562 685 624 Nubila
728 562 968 625 disiecit
992 610 1011 644 ‚
1054 562 1391 641 nimbisque
1438 563 1711 641 aquilone
1757 567 2003 627 remotis

472 650 550 713 Et
596 650 757 712 caelo
804 659 996 713 terras
1042 649 1303 713 ostendit
1347 658 1409 711 et
1451 651 1691 712 aethera
1738 655 1916 714 terris
1937 687 1972 713 .-

341 752 445 801 330
472 739 595 800 Nec
640 741 821 800 maris
865 740 955 800 ira
999 747 1198 801 manet
1221 786 1242 821 ‚
1285 740 1598 819 positoque
1643 740 1973 821 tricuspide
2015 739 2136 802 telo

472 827 694 889 Mulcet
737 844 920 906 aquas
964 836 1165 889 rector
1207 827 1446 908 pelagi,
1490 845 1789 907 supraque
1833 828 2232 908 profundum

474 915 788 977 Extantem
835 923 1011 994 atque
1056 933 1298 977 umeros
1344 918 1544 977 innato
1590 917 1820 977 murice
1862 924 2093 979 tectum

473 1004 825 1066 Caeruleum
869 1004 1118 1065 Tritona
1161 1011 1333 1065 vocat
1358 1051 1378 1085 ‚
1420 1004 1802 1083 conchaeque
1849 1007 2086 1066 sonanti

472 1092 767 1172 Inspirare
811 1092 980 1154 iubet
1004 1139 1022 1174 ‚
1067 1092 1404 1171 fluctusque
1452 1100 1512 1153 et
1554 1091 1795 1154 flumina
1843 1094 2011 1172 signo

342 1192 443 1243 335
477 1180 599 1242 Iam
645 1197 923 1241 revocare
970 1180 1105 1242 dato
1134 1227 1149 1241 .
1205 1197 1345 1242 cava
1388 1179 1605 1242 bucina
1650 1183 1907 1242 sumitur
1951 1180 2038 1241 ilii

473 1267 717 1329 Tortilis
742 1316 761 1350 ‚
806 1272 870 1330 in
914 1267 1099 1330 latum
1144 1286 1296 1347 quae
1339 1267 1580 1330 turbine
1626 1269 1846 1330 crescit
1890 1267 1962 1330 ab
2007 1272 2130 1330 imo
2147 1317 2167 1350 ,

471 1357 695 1419 Bucina
720 1404 739 1438 ‚
784 1375 934 1435 quae
981 1356 1174 1418 medio
1221 1359 1496 1437 concepit
1537 1355 1642 1418 ubi
1686 1362 1823 1418 aera
1864 1364 2050 1436 ponto
2069 1405 2086 1436 ‚

471 1443 672 1506 Litora
715 1463 858 1506 voce
904 1445 1096 1525 replet
1138 1443 1253 1506 sub
1298 1452 1554 1525 utroque
1597 1446 1849 1506 iacentia
1892 1444 2136 1506 Phoebo
2158 1492 2175 1508 .

473 1532 643 1595 Tunc
689 1551 927 1612 quoque
953 1580 971 1615 ‚
1015 1541 1086 1594 ut
1128 1552 1233 1594 ora
1279 1533 1375 1594 dei
1421 1532 1650 1594 madida
1693 1535 1955 1594 rorantia
2000 1532 2190 1595 barba

341 1632 446 1684 840
475 1622 735 1700 Contigit
759 1669 778 1703 ‚
825 1629 886 1682 ct
930 1624 1147 1683 cecinit
1190 1624 1387 1683 iussos
1433 1621 1632 1683 inflata
1675 1630 1988 1703 receptus,

473 1709 764 1772 Omnibus
810 1710 1006 1772 audita
1051 1718 1145 1771 est
1186 1709 1419 1771 telluris
1464 1718 1526 1771 et
1569 1711 1844 1788 aequoris
1888 1709 2107 1792 undis,

472 1798 549 1859 Et
595 1797 811 1877 quibus
857 1806 949 1859 est
992 1797 1170 1859 undis
1216 1798 1415 1859 audita
1439 1846 1459 1879 ‚
1504 1799 1771 1859 coercuit
1812 1816 2058 1860 annes.

478 1886 748 1947 Flumina
794 1885 1112 1948 subsidunt
1137 1934 1154 1967 ,
1201 1885 1500 1965 collesque
1548 1887 1710 1947 exire
1755 1886 2033 1947 videntur
2048 1906 2069 1949 τ

471 1974 594 2036 Iam
638 1992 802 2035 mare
846 1974 987 2036 litus
1033 1973 1212 2035 habet
1234 2022 1254 2056 ‚
1298 1974 1508 2054 plenos
1552 1976 1708 2054 capit
1748 1971 1951 2036 'alveus
1996 1992 2210 2037 amnes
2228 2024 2249 2059 ,

341 2075 446 2125 845
477 2063 682 2142 Surgit
725 2062 986 2145 humus3
1047 2070 1329 2124 crescunt
1379 2062 1509 2124 loca
1563 2061 2048 2124 decrescentibus
2105 2064 2295 2126 undis
2316 2113 2332 2126 .

475 2151 737 2230 Postque
783 2151 941 2212 diem
986 2150 1220 2230 longam
1266 2150 1484 2213 nudata
1530 2153 1834 2212 cacumina
1878 2150 2058 2212 silvae

473 2238 812 2301 Ostendunt
836 2286 856 2321 ,
899 2238 1226 2319 limumque
1272 2247 1481 2301 tenent
1524 2241 1587 2300 in
1632 2238 1843 2300 fronde
1887 2237 2171 2301 relictum
2190 2287 2206 2302 .

473 2326 762 2388 Redditus
807 2326 971 2388 orbis
1015 2336 1145 2390 erat
1172 2375 1187 2389 .
1244 2345 1423 2407 quem
1467 2336 1781 2407 postquam
1826 2326 1970 2388 vidit
2015 2329 2264 2391 inanem

473 2414 549 2477 Et
593 2415 887 2477 desolatas
932 2434 1107 2496 agere
1153 2416 1269 2477 alta
1314 2417 1547 2478 silentia
1592 2424 1784 2477 terras
1802 2462 1821 2497 ‚

343 2521 447 2565 35ss
479 2503 794 2566 Deucalion
840 2504 1099 2566 lacrimis
1145 2506 1228 2567 ita
1272 2503 1560 2584 Pyrrham
1604 2505 1818 2565 affatur
1862 2502 2131 2566 obortis:

475 2588 548 2654 Ὀ
595 2609 768 2654 soror
792 2639 811 2673 ‚
857 2611 892 2653 o
941 2595 1199 2655 coniunx
1224 2640 1244 2674 ‚
1288 2610 1325 2653 o
1370 2594 1590 2654 femina
1636 2591 1759 2654 sola
1804 2601 2150 2675 superstes,

475 2680 664 2752 Quam
708 2698 1022 2743 commune
1067 2681 1213 2743 mihi
1258 2698 1448 2761 genus
1491 2689 1556 2742 et
1596 2680 1882 2761 patruelis
1926 2682 2093 2760 origo
2110 2728 2130 2761 ,

475 2768 701 2831 Deinde
744 2777 915 2831 torus
960 2771 1152 2831 iunxit
1175 2817 1195 2852 ,
1241 2787 1401 2832 nunc
1444 2772 1573 2850 ipsa
1617 2768 1883 2849 pericula
1926 2770 2223 2847 iungunt:

475 2857 799 2927 Terrarum
821 2906 842 2940 ,
890 2876 1296 2937 quascumque
1339 2858 1545 2919 vident
1589 2875 1835 2919 occasus
1880 2865 1945 2918 et
1985 2865 2196 2941 ortus,

343 2961 447 3009 355
479 2945 596 3006 Nos
641 2946 759 3008 duo
805 2946 981 3009 turba
1026 2964 1279 3009 sumus:
1322 2946 1589 3026 possedit
1631 2954 1831 3008 cetera
1874 2954 2094 3026 pontus
2113 2992 2129 3007 .

475 3033 632 3097 Haec
678 3052 916 3116 quoque
964 3035 1156 3097 adhuc
1200 3037 1354 3096 vitae
1399 3052 1521 3095 non
1568 3043 1661 3096 est
1702 3034 1918 3096 fiducia
1961 3041 2203 3095 nostrae

475 3121 648 3185 Certa
694 3126 838 3185 satis
865 3170 880 3184 .
934 3131 1168 3185 terrent
1208 3126 1550 3185 etiamnunc
1592 3123 1795 3185 nubila
1837 3130 2095 3183 mentem
2114 3167 2129 3181 .

475 3211 621 3282 Quis
668 3210 820 3293 tibi,
865 3213 918 3273 si
963 3214 1093 3273 sine
1137 3229 1233 3273 me
1279 3212 1415 3273 fatis
1459 3220 1665 3291 erepta
1709 3212 1927 3273 fuisses
1944 3257 1963 3291 ‚

472 3298 645 3361 Nunc
689 3303 922 3361 animus
947 3346 967 3382 ‚
1011 3299 1346 3361 miseranda
1371 3347 1389 3382 ,
1433 3300 1593 3361 foret
1617 3296 1651 3361 ?
1696 3318 1813 3379 quo
1872 3298 1997 3359 sola
2040 3300 2319 3360 timorem

343 3401 447 3449 35³1}
475 3386 655 3449 Ferre
701 3388 877 3449 modo
922 3406 1131 3469 posses
1158 3385 1194 3450 ⁵?
1237 3405 1357 3467 quo
1404 3388 1746 3449 consolante
1792 3386 2026 3448 doleres
2043 3383 2079 3448 ⁵?

475 3474 738 3555 Namque
767 3495 878 3555 ego
904 3524 923 3559 ‚
950 3475 1127 3538 crede
1156 3476 1304 3537 mihi
1326 3524 1346 3558 ‚
1374 3479 1513 3537 site
1535 3493 1772 3555 quoque
1800 3483 2020 3555 pontus
2036 3473 2283 3536 haberet
2298 3523 2320 3560 ,

475 3561 559 3624 Te
586 3582 874 3645 sequerer
897 3612 917 3648 ‚
955 3567 1213 3626 coniunx
1240 3612 1260 3648 ‚
1296 3573 1358 3627 et
1391 3582 1487 3627 me
1516 3583 1755 3645 quoque
1790 3572 2010 3645 pontus
2037 3561 2283 3626 haberet
2300 3611 2315 3625 .
