2467 4042
169 247 223 311 14'
587 245 759 301 TRISTIUM

256 393 434 474 Pectoribus
458 418 602 492 quantum
624 419 657 473 tu
681 414 813 494 nostris,
835 431 912 475 uxor
924 461 934 495 ,
956 414 1114 496 inhaeres,

257 499 352 580 Digna
374 502 473 562 minus
496 502 629 582 misero,
652 519 712 562 non
735 501 857 562 meliore
880 503 962 565 viro.

226 589 300 650 ὁΤι
323 607 389 650 mea
412 591 566 668 supposita
588 587 681 651 veluti
703 587 787 650 trabe
810 589 882 651 inita
906 594 993 652 ruina
1016 599 1079 655 est:

218 749 221 756 1
258 676 363 756 Siquid
387 675 483 738 adbuc
507 694 561 756 ego
585 695 674 759 sum,
697 680 831 739 muneris
854 695 941 740 omne
965 682 1009 741 tni
1032 687 1096 741 est.

257 766 303 826 Tu
327 766 422 846 iacis,
445 771 480 826 ut
502 765 630 845 spolium
654 783 714 827 non
737 767 793 827 sim
805 812 815 846 ‚
845 785 901 828 nec
924 768 1020 829 nuder
1042 766 1079 829 ab
1104 768 1186 853 iilis,

257 853 408 932 Naufragii
431 851 545 914 tabulas
568 855 621 932 qui
642 855 756 933 petiere
778 857 854 916 mei.

257 940 356 1021 thue
379 958 470 1020 rapax
492 941 664 1003 stimulante
687 942 763 1003 iame
787 943 973 1023 cupidusque
997 947 1115 1007 cruoris

212 1042 244 1091 10
268 1028 484 1090 incustoditum
508 1038 606 1109 captat
628 1028 704 1091 ovile
726 1030 832 1115 lupus,

257 1119 317 1179 Aut
338 1126 373 1179 ut
396 1117 469 1178 edax
492 1118 592 1180 ruitur
615 1136 725 1199 corpus
748 1121 952 1200 circumspicit
973 1120 1089 1202 ecquod

259 1205 322 1268 Sub
345 1205 426 1267 nuile
448 1208 578 1285 positum
602 1225 726 1268 eernere
749 1211 844 1288 possit
866 1208 975 1292 bumo,

259 1293 309 1356 Sic
332 1311 397 1355 mea
420 1297 522 1355 nescio
545 1297 636 1376 quis,
658 1294 749 1356 rebus
772 1296 847 1357 male
870 1295 947 1358 fidus
970 1296 1104 1380 acerbis,

257 1382 291 1443 ln
315 1380 391 1443 bona
415 1392 581 1463 venturus,
604 1386 631 1443 si
652 1393 811 1465 paterere,
835 1385 908 1446 iuit.
1039 1445 1041 1451 .

212 1483 244 1531 15
258 1470 345 1532 Hunc
368 1478 419 1532 tua
442 1489 496 1550 per
518 1469 608 1531 ⁴fortis
635 1474 730 1533 virtus
754 1476 912 1534 summovit
935 1476 1062 1556 amieos,

259 1558 345 1620 Nulla
368 1558 476 1637 quibus
499 1558 584 1620 reddi
607 1562 700 1638 gratia
723 1560 810 1640 digna
833 1568 948 1641 potest.

258 1647 338 1726 Ergo
362 1665 450 1725 quam
473 1648 606 1729 misero,
628 1657 687 1709 tarn
711 1667 782 1710 vero
805 1656 882 1711 teste
905 1649 1057 1732 probaris,

258 1736 314 1796 Hic
337 1734 454 1815 aliquod
478 1735 594 1814 pondus
617 1736 753 1797 simodo
777 1740 862 1799 testis
885 1738 989 1800 habet.

259 1823 321 1884 Nec
343 1823 491 1903 probitate
515 1831 566 1884 tua
588 1826 671 1903 prior
694 1832 740 1886 est
763 1834 815 1887 aut
836 1825 974 1888 Hectoris
996 1844 1090 1911 uxor,

210 1924 244 1972 20
260 1913 318 1973 rint
341 1929 440 1973 comes
464 1914 595 1973 extincto
618 1910 774 1974 Laodamia
796 1916 878 1976 viro.

258 2000 305 2061 Tu
329 2003 355 2061 si
376 1999 543 2061 Maeonium
567 2009 662 2062 vatem
686 2004 790 2063 sortita
813 2003 939 2085 fuisses,

260 2088 424 2171 Penelopes
447 2096 528 2149 esset
549 2088 627 2148 iama
650 2089 780 2150 secunda
802 2098 887 2152 tuae.

211 2189 245 2238 33
260 2177 359 2238 Prima
382 2176 480 2237 locum
504 2185 620 2238 sanctas
643 2175 780 2238 heroidas
804 2180 881 2239 inter
903 2177 1045 2262 haberes,

211 2277 245 2326 34
258 2264 357 2325 Prima
380 2263 466 2325 bonis
489 2267 580 2326 animi
602 2267 810 2345 conspicerere
834 2269 896 2328 tui:
936 2296 944 2309 ·

261 2352 328 2414 Sive
351 2352 406 2414 tibi
428 2352 485 2414 hoc
508 2352 624 2434 debes,
647 2353 727 2414 nuiio
749 2356 798 2433 pia
821 2355 897 2416 iacta
920 2357 1078 2439 magistro,

261 2441 395 2520 Cumque
418 2459 493 2502 nova
515 2448 615 2502 mores
638 2446 709 2504 su'm
730 2441 785 2503 tibi
807 2441 874 2504 iuce
897 2443 975 2525 dati,

212 2541 246 2590 eo
261 2528 383 2590 Femina
406 2547 458 2590 seu
482 2531 623 2608 princeps
646 2548 749 2590 omnes
772 2529 827 2592 tibi
850 2530 929 2593 cuita
951 2549 1006 2611 per
1028 2549 1125 2594 annos

260 2617 303 2678 Te
326 2617 414 2679 docet
436 2617 603 2697 exemplum
627 2619 760 2697 coniugis
784 2636 849 2680 esse
873 2619 985 2701 bonae,

260 2704 491 2783 ddsimssernqne
515 2707 562 2766 sui
583 2704 671 2785 longa
694 2705 889 2768 adsuetudine
912 2708 1001 2791 iecit,

261 2793 388 2854 Grandia
412 2795 438 2854 si
460 2795 558 2873 parvis
581 2793 757 2855 adsimulare
780 2793 864 2855 iicet.

260 2880 296 2942 Ei
310 2881 399 2963 mihi,
419 2900 479 2942 non
494 2900 614 2961 magnas
629 2882 707 2961 quod
725 2882 837 2944 habent
854 2901 919 2945 mea
938 2885 1068 2946 carmina
1086 2887 1191 2972 vires,

213 2984 248 3033 ao
262 2969 428 3049 Nostraque
452 2979 522 3033 sunt
544 2972 660 3031 meritis
682 2988 734 3032 ora
757 2973 871 3032 minora
894 2974 970 3054 tuis,

263 3058 366 3138 Siquid
391 3062 473 3120 etin
496 3056 582 3120 nobis
605 3061 663 3120 vivi
685 3059 742 3119 tuit
763 3067 831 3124 ante
855 3062 981 3143 vigoris,

263 3145 434 3208 Extinctum
457 3148 552 3227 longis
576 3147 684 3208 occidit
706 3164 793 3208 omne
817 3147 918 3210 malisi

215 3248 248 3298 aa
264 3236 543 3315 Quantumcumque
567 3243 666 3297 tamen
689 3237 848 3315 praeconia
870 3246 971 3298 nostra
994 3235 1154 3321 valebunt,

264 3324 450 3386 Carminibus
474 3326 553 3385 vives
576 3330 695 3404 tempus
718 3326 749 3385 in
771 3342 858 3386 omne
882 3327 974 3388 meis.
