2467 4042
437 218 484 272 VI.
503 220 652 270 nae—elo.
980 213 1044 279 349

157 379 394 460 ·Caelestemque
416 379 530 441 bomini
553 378 751 441 concubuisse
774 378 883 459 pudet,
906 411 940 424 ·-

66 480 115 531 ott
129 467 207 529 Arsit
229 470 309 530 enim
331 486 437 547 magno
460 476 597 547 correpta
621 466 760 546 cupidine
782 469 879 548 regis,

52 582 57 591 ¹
165 546 323 635 ilaecaque
345 558 377 617 in
399 555 456 617 boc
479 573 539 617 uno
562 573 622 616 non
645 555 703 617 iuit
724 554 774 616 illa
795 557 860 615 viro
883 585 917 597 -

84 695 93 712 .
128 644 220 706 Nocte
242 644 363 705 domum
385 661 474 722 parva
497 643 584 705 solita
606 650 653 704 est
674 645 787 704 intrare
810 641 957 703 fenestra:

171 731 255 793 Unde
277 730 460 792 Fenestellae
484 734 603 792 nomina
625 738 712 810 porta
734 738 833 792 tenet.

128 820 213 881 Nunc
235 818 349 900 pudet,
372 826 403 880 et
425 819 522 880 voltus
544 819 688 880 velamine
711 817 788 880 celat
809 824 940 899 amatos,

64 920 115 969 580
172 907 291 988 Oraque
314 914 386 968 sunt
407 906 499 969 multa
522 908 603 986 regia
627 913 705 968 tecta
727 915 812 985 toga.

129 995 172 1057 Au
195 999 288 1076 magis
312 1003 357 1057 est
379 1013 504 1070 verum,
527 1003 594 1074 post
617 993 696 1056 'lulli
718 994 824 1055 lunera
846 992 962 1074 plebem

172 1083 330 1146 Confusam
352 1082 459 1161 placidi
482 1092 578 1144 morte
601 1084 694 1144 luisse
717 1084 813 1143 senist

127 1171 187 1233 llec
210 1172 316 1233 modus
339 1170 418 1232 ullus
441 1180 527 1252 erat,
550 1169 705 1232 crescebat
726 1172 854 1248 imagine
877 1169 992 1250 luctus,

170 1258 270 1320 Donec
293 1276 362 1319 eum
383 1261 489 1336 positis
512 1258 671 1320 occuluere
694 1255 796 1338 togis?

64 1357 115 1409 585
129 1346 230 1408 Tertia
253 1363 342 1407 causa
364 1346 437 1406 mihi
459 1348 554 1423 spatio
577 1348 688 1406 maiore
712 1346 843 1406 canenda
866 1354 929 1425 est3

170 1433 232 1494 Nos
255 1440 352 1493 mmen
376 1432 519 1493 adductos
542 1435 623 1493 intus
646 1451 767 1511 agemus
789 1450 901 1512 equos.

128 1521 223 1583 Tullia
245 1522 406 1600 coniugio,
430 1519 552 1581 sceleris
575 1520 735 1602 mercede,
758 1529 879 1599 peraeto

171 1609 225 1671 llis
248 1608 334 1670 solita
357 1616 403 1670 est
425 1608 513 1669 dictis
536 1608 710 1670 extimulare
734 1611 847 1669 virum:

130 1694 224 1768 ‘Quid
247 1699 329 1758 iuvat
351 1715 417 1758 esse
439 1714 527 1776 pares
539 1743 548 1777 ‚
571 1705 602 1757 te
625 1705 743 1758 nostrae
767 1697 857 1758 caede
881 1699 1011 1778 sororis,

62 1798 113 1849 5⁹0
171 1785 277 1866 lleqne
301 1786 346 1846 tui
369 1784 491 1864 fratris,
514 1788 540 1846 si
563 1786 610 1864 pia
633 1786 693 1845 vita
715 1780 837 1864 placet?

128 1873 231 1935 Vivere
254 1872 419 1934 debuerant
441 1881 473 1933 et
494 1874 539 1933 vir
562 1890 647 1934 meus
671 1880 701 1934 et
723 1881 775 1933 tua
797 1874 944 1954 coniunx,

172 1962 204 2023 Si
227 1961 342 2024 nullum
364 1964 467 2022 ausuri
488 1962 584 2023 maius
607 1979 726 2022 eramus
749 1978 842 2039 opus.

127 2048 165 2112 Et
188 2058 276 2130 caput
299 2057 330 2111 et
351 2066 476 2128 regnum
499 2050 574 2111 facio
598 2049 694 2110 dotale
717 2046 866 2129 parentis!

172 2138 204 2199 Si
226 2140 272 2198 vir
294 2135 328 2198 e's
340 2183 350 2218 ‚
372 2139 383 2197 i
395 2185 405 2218 ‚
428 2137 521 2199 dictas
545 2139 628 2217 exige
652 2137 730 2198 dotis
753 2154 842 2216 opes.
951 2134 954 2143 ’

61 2236 113 2288 teo
126 2225 218 2305 Regia
240 2242 290 2286 res
313 2223 410 2286 scelus
433 2223 501 2286 esti
533 2242 638 2286 socero
661 2244 733 2305 cape
756 2242 847 2304 regna
870 2231 992 2304 necato,

171 2312 210 2373 lit
232 2321 349 2374 nostras
372 2314 467 2392 patrio
491 2314 634 2392 sanguine
658 2316 759 2392 tingue
783 2307 921 2374 mauusi'

128 2399 248 2461 Talibus
271 2402 430 2462 instinctus
453 2399 527 2461 solio
549 2402 682 2479 privatus
704 2403 736 2461 in
759 2400 818 2462 alto

172 2488 317 2550 Sederat.
358 2488 516 2549 attonitum
538 2487 642 2568 volgus
664 2489 700 2549 ad
724 2506 804 2549 arma
827 2489 906 2549 ruit:

126 2575 202 2637 Hinc
226 2593 337 2655 cruor,
359 2575 430 2636 binc
454 2575 582 2656 caedes,
604 2575 780 2655 infirmaque
798 2577 928 2637 vincitur
946 2584 1041 2637 aetas:

58 2675 113 2726 600
173 2663 296 2742 Sceptra
319 2681 411 2743 gener
435 2679 538 2724 socero
561 2671 645 2743 rapta
669 2663 823 2743 Superbus
845 2662 951 2725 habet.

124 2751 198 2833 lpse
215 2750 272 2813 sub
294 2750 457 2831 Esquiliis,
480 2749 532 2813 ubi
555 2759 618 2813 erat
641 2769 695 2814 sua
717 2755 820 2834 regia,
843 2770 948 2814 caesus

171 2839 306 2902 Concidit
328 2842 359 2901 iu
382 2838 456 2900 dura
479 2839 725 2920 sanguinulentus
747 2840 856 2902 humo.

125 2928 198 2990 Filia
215 2975 224 3008 ,
244 2936 385 3009 carpento
408 2929 520 3006 patrios
542 2930 653 2989 initura
676 2937 816 3008 penates,

168 3015 232 3077 lbet
254 3034 308 3095 per
331 3015 442 3077 medias
465 3014 523 3077 alta
545 3016 689 3096 feroxque
712 3018 791 3076 vias.

56 3113 110 3165 606
126 3102 241 3183 Corpus
264 3112 297 3164 ut
320 3107 456 3185 aspexit,
478 3103 607 3165 lacrimis
631 3105 733 3182 auriga
755 3103 885 3182 profusis

170 3190 309 3251 Restitit.
350 3191 430 3252 bunc
453 3190 506 3252 tali
527 3192 651 3269 corripit
673 3190 722 3250 illa
745 3208 836 3252 sono:

124 3274 229 3339 ‘Vadis
241 3324 251 3360 ‚
274 3296 311 3338 au
334 3288 471 3358 expectas
494 3281 624 3359 pretium
646 3280 765 3358 pietatis
788 3276 946 3340 amarum?

169 3366 255 3445 Duc,
277 3368 399 3445 inquam
411 3412 421 3447 ‚
443 3368 549 3428 invitas
571 3371 635 3446 ipsa
658 3384 713 3446 per
736 3385 788 3427 ora
811 3362 925 3428 rotasl'

123 3456 211 3519 Certa
234 3453 308 3515 fides
331 3453 422 3516 iacti.
463 3454 561 3516 dictus
584 3454 753 3517 Sceleratus
775 3453 812 3515 ab
835 3454 884 3516 illa

52 3557 108 3608 olo
167 3542 257 3605 Vicus
269 3589 279 3624 ,
302 3551 333 3605 et
355 3551 474 3604 aeterna
497 3560 546 3603 res
569 3559 604 3604 ea
627 3559 730 3622 pressa
752 3550 838 3604 nota.
