2467 4042
426 303 475 355 111.
494 314 544 354 1111
559 304 650 354 ili-v
665 304 707 354 34.

549 499 592 573 l

153 640 247 713 Quam
270 641 366 722 legis,
389 641 468 702 unde
492 640 546 702 tibi
570 644 705 702 mittatur
729 639 877 722 epistula,
901 636 1047 720 quaeris?

197 729 273 790 llinc
286 778 295 810 ‚
319 729 371 790 ubi
394 729 538 791 caeruleis
561 732 695 808 iungitur
717 727 819 790 Hister
842 731 944 809 aquis.

153 818 192 879 Ut
214 820 297 898 regio
320 818 397 879 dicta
421 828 489 900 est,
512 836 691 880 succurrere
715 817 804 878 debet
827 826 857 878 et
880 825 1002 898 auctor,

198 905 309 967 Laesus
332 906 368 967 ab
392 909 510 986 ingenio
534 906 611 967 Naso
635 916 723 986 poeta
747 924 819 966 suo.

124 994 212 1066 oQui
233 994 288 1055 tibi
300 1040 310 1072 ,
334 1012 421 1074 quam
445 993 544 1055 mallet
567 1012 708 1073 praesens
732 994 838 1054 alierre
863 993 1005 1074 salutem,

198 1082 289 1158 Mittit
311 1083 347 1144 ab
371 1083 519 1163 hirsutis,
541 1082 667 1143 Maxime
691 1081 798 1162 Cotta,
822 1080 921 1143 Getis.

152 1171 313 1251 Legimus,
336 1190 354 1232 o
377 1173 492 1232 iuvenis
515 1173 604 1251 patrii
627 1189 688 1232 non
711 1170 841 1249 degener
865 1172 944 1249 oris,

196 1260 280 1321 llicta
303 1259 357 1321 tibi
379 1259 468 1339 pleno
490 1259 581 1320 verba
604 1259 715 1320 diserta
738 1259 820 1320 loro.

155 1348 236 1419 Quae
260 1366 438 1428 quamquam
460 1348 561 1428 lingua
584 1348 656 1408 mihi
679 1357 750 1408 sunt
772 1355 952 1427 properante
975 1366 1030 1427 per

704 1435 791 1495 horas
904 1439 908 1446 '
1033 1467 1070 1478 -

109 1537 141 1586 10
194 1521 285 1584 Lecta
308 1525 379 1584 satis
402 1523 532 1603 multas,
554 1540 648 1602 pauca
672 1523 763 1584 luisse
787 1540 915 1603 queror.

153 1611 243 1672 Plura
266 1611 318 1672 sed
341 1610 415 1672 haec
437 1612 495 1672 ieci
518 1611 677 1690 relegendo
701 1629 812 1691 saepe3
835 1629 890 1672 nec
915 1628 1055 1691 tamquam

198 1698 264 1759 Non
288 1699 381 1773 mihi,
405 1717 493 1778 quam
516 1702 636 1779 primo,
658 1707 740 1779 grata
764 1700 847 1760 luere
871 1702 981 1778 magis.

154 1787 288 1866 Cumque
312 1786 385 1848 nihil
409 1790 517 1849 totiens
540 1788 615 1849 lecta
640 1806 656 1847 e
680 1787 836 1848 dulcedine
860 1788 1002 1867 perdant,

198 1875 318 1937 Viribus
341 1875 390 1936 illa
413 1878 499 1953 suis,
522 1895 582 1937 non
605 1878 758 1957 novitate,
781 1875 915 1955 placent.

107 1978 139 2027 15
155 1963 292 2044 Felices,
315 1964 424 2044 quibus
447 1964 520 2025 haec
542 1966 607 2044 ipso
632 1982 812 2043 cognoscere
835 1966 866 2025 in
890 1973 976 2044 actu,

199 2053 319 2114 littam
343 2052 470 2114 lacundo
494 2054 619 2131 contigit
641 2070 693 2112 ore
718 2051 795 2115 indi

152 2140 226 2202 Nam
250 2159 428 2222 quamquam
452 2159 539 2221 sapor
563 2152 608 2202 est
632 2140 725 2201 adlata
749 2139 843 2202 dulcis
866 2142 897 2202 in
921 2141 1017 2221 unda,

198 2229 319 2292 Gratius
343 2248 377 2291 ex
402 2232 466 2310 ipso
490 2230 572 2290 sonte
595 2228 740 2290 bibuntur
763 2247 874 2309 aquae.

154 2317 193 2379 Et
214 2320 307 2398 magis
331 2318 457 2380 adducto
480 2336 601 2398 pomum
626 2318 787 2398 decerpere
811 2335 910 2398 ramo,
1030 2328 1074 2381 (⁹⁵)

103 2419 139 2469 20
198 2405 293 2478 Quam
317 2408 353 2468 de
377 2406 486 2468 caelata
510 2424 629 2468 sumere
653 2406 735 2468 lance
759 2408 856 2468 iuvat.

152 2496 191 2557 At
213 2497 271 2556 nisi
294 2514 487 2578 peccassem,
510 2497 569 2557 nisi
592 2503 638 2566 m‘e
662 2513 727 2556 mea
750 2493 833 2556 illusa
858 2495 1006 2577 fugasset,

199 2582 284 2655 Quod
306 2584 387 2664 legi,
409 2594 459 2647 tua
482 2603 539 2645 vox
563 2584 747 2646 exhibuisset
770 2602 863 2663 opus.

154 2672 251 2753 thue
274 2673 319 2733 lui
341 2672 464 2755 solitus,
487 2674 632 2734 sedissem
656 2674 780 2735 l'orsitan
803 2691 881 2734 unus

199 2761 241 2822 lle
264 2772 384 2824 centum
407 2748 495 2823 iu'dex
519 2764 550 2823 in
576 2774 626 2823 tua
649 2760 738 2823 verba
760 2763 848 2822 viris:

101 2863 137 2913 25
151 2849 246 2911 Maior
269 2858 299 2911 et
321 2850 474 2930 implesset
496 2851 670 2930 praecordia
693 2858 794 2912 nostra
817 2849 969 2930 voluptas,

198 2939 272 3000 Cum
295 2938 431 3000 traherer
455 2940 541 3001 dictis
559 2931 786 3020 ⁴adnueremque
810 2940 887 3000 tuis.

152 3026 247 3097 Quem
272 3029 410 3106 quoniam
434 3028 527 3089 latum
551 3026 633 3088 vobis
657 3031 811 3108 patriaque
834 3027 946 3086 relictis

198 3113 280 3175 lnter
302 3113 479 3176 inhumanos
502 3113 607 3176 maluit
630 3133 695 3176 esse
719 3114 826 3191 Getas,

153 3201 240 3274 Quod
263 3201 355 3284 licet,
378 3214 412 3264 ut
434 3203 536 3263 videar
558 3213 658 3263 tecum
682 3205 775 3281 magis
799 3218 887 3280 esse,
912 3200 1033 3280 legenda

99 3304 137 3354 ao
199 3287 316 3371 Saep'e,
339 3307 469 3372 precor,
492 3290 582 3351 studii
606 3293 729 3370 pignora
752 3291 836 3350 mitte
861 3293 920 3351 tui:

151 3378 355 3459 Exemploque
378 3396 467 3461 meo,
491 3380 548 3440 nisi
572 3379 741 3459 dedignaris
764 3378 794 3440 id
818 3379 934 3458 ipsum,

196 3467 310 3549 Utere,
333 3467 412 3548 qnod
437 3467 522 3530 nobis
545 3470 658 3529 rectius
676 3470 739 3547 ipse
764 3467 867 3527 dares.

151 3558 285 3638 Namque
309 3575 384 3638 ego,
408 3559 459 3637 qui
477 3559 553 3638 peril
576 3560 634 3618 iam
653 3557 788 3638 pridem,
807 3554 953 3637 Maxime,
973 3554 1072 3635 vobis,

196 3646 318 3728 lngenio
341 3649 421 3709 nitor
444 3665 503 3710 non
527 3649 652 3727 periisse
675 3665 758 3708 meo.

862 3744 913 3801 12*
