2467 4042
429 229 466 280 11.
484 230 614 281 stt-111
627 232 670 281 45.
986 227 1051 292 259

133 389 217 453 Tunc
236 408 356 471 quoque
374 392 497 454 inermis
517 409 582 452 eras
593 437 602 471 ,
622 409 691 454 cum
712 399 741 452 te
760 392 890 454 Romana
913 394 1050 455 sacerdos

87 490 119 540 10
177 477 284 560 Cepit,
307 486 343 540 ut
363 477 433 541 buia
456 478 529 541 Urbi
552 482 665 541 semina
687 479 775 559 digrm
797 480 900 542 dares.

133 565 221 628 Silvia
244 566 369 629 Vestalis
394 601 427 610 -
451 567 522 647 quid
546 570 625 628 enim
649 576 728 630 vetat
750 568 819 629 inde
842 566 981 630 moveri?
999 599 1033 612 -

109 692 110 696 =
177 655 267 716 Sacra
290 654 436 717 lavaturas
459 672 544 717 mane
567 655 687 735 petebat
709 674 816 735 aquas.

131 741 259 804 Ventum
283 753 346 805 erat
368 742 404 804 ad
428 742 509 805 molli
531 743 676 805 declivem
697 747 815 806 tramite
837 747 949 825 ripam:

155 831 300 892 ⁴Ponitur
324 851 340 893 e
363 849 478 893 summa
501 831 599 893 fictilis
623 850 697 893 urna
721 850 821 894 coma:

85 930 117 980 15
131 918 222 981 Fessa
244 919 356 981 resedit
377 919 490 1001 humo,
513 929 677 1000 ventosque
700 922 815 1000 accepit
836 929 939 1000 aperto

175 1007 322 1090 Pectore,
346 1008 479 1070 turbatas
502 1010 694 1089 restituitque
717 1026 833 1070 comas.
911 1029 914 1035 ·

130 1095 207 1158 llum
230 1095 336 1177 sedet,
359 1096 517 1158 umbrosae
540 1096 645 1158 salices
668 1096 864 1177 volucresque
887 1114 1012 1158 canorae

174 1184 324 1246 Fecerunt
346 1202 467 1246 somnos
489 1193 520 1246 et
541 1183 605 1245 leve
628 1202 765 1246 murmur
788 1203 899 1263 aquae.

129 1271 240 1333 Blanda
263 1274 349 1350 quies
371 1273 475 1335 inrum
497 1274 583 1333 victis
607 1272 740 1352 obrepsit
763 1273 882 1352 ocellis,

82 1371 117 1421 20
175 1358 214 1420 Et
236 1358 315 1420 cadit
337 1377 354 1420 a
375 1368 477 1421 mento
500 1358 637 1438 languida
659 1361 735 1421 lacta
757 1378 879 1422 manus.

130 1445 209 1508 llars
231 1446 312 1509 videt
332 1447 408 1509 bano
419 1494 429 1529 ,
451 1449 603 1526 visamque
622 1450 724 1529 cupit,
742 1450 915 1527 potiturque
935 1450 1049 1530 cupita,

174 1533 213 1595 Et
235 1552 290 1596 sna
311 1534 410 1597 divina
432 1534 512 1597 iurta
534 1534 640 1596 lelellit
662 1553 735 1617 ope.

132 1622 260 1684 Somnus
283 1622 366 1703 abit,
388 1625 465 1685 iacet
487 1623 536 1684 illa
558 1625 677 1702 gravis.
719 1625 778 1685 iam
800 1622 916 1685 scilicet
935 1626 1014 1685 intra

174 1709 301 1789 Viscera
316 1710 465 1793 Romame
488 1711 625 1773 conditor
647 1710 736 1773 Urbis
758 1720 841 1773 erat.

81 1812 116 1862 ao
129 1798 280 1880 Languida
303 1802 478 1880 consurgit,
506 1817 562 1862 nec
585 1801 642 1861 scit
654 1847 664 1881 ,
693 1818 748 1861 cur
770 1799 906 1878 languida
930 1808 1050 1880 surgat,

174 1885 213 1949 Et
235 1889 350 1967 peragit
372 1887 439 1949 talis
460 1887 567 1949 arbore
590 1889 659 1949 nixa
682 1905 808 1967 sonosr,

130 1970 223 2037 ‘Utile
247 1976 286 2037 sit
308 1976 520 2057 faustumque,
542 1994 673 2058 precor,
700 1976 779 2055 quod
804 1976 930 2053 imagine
955 1977 1050 2036 somni

174 2061 330 2127 Vidimus.
371 2081 408 2125 an
432 2081 536 2125 somno
558 2065 668 2125 clarius
690 2063 763 2125 illud
787 2059 877 2124 erat?

129 2151 250 2232 ignibus
273 2152 369 2214 iliacis
391 2151 532 2233 aderam,
555 2170 624 2214 cum
646 2151 728 2231 lapsa
751 2151 864 2232 capillis

81 2254 116 2303 ao
174 2240 291 2302 Decidit
312 2247 381 2301 ante
404 2236 506 2301 sacros
528 2239 612 2301 lanea
636 2242 707 2301 vitta
730 2241 828 2302 iocos.

129 2328 200 2389 lnde
224 2328 300 2389 duae
322 2329 456 2407 pariter,
478 2329 544 2389 visu
566 2327 723 2408 mirabile,
746 2328 859 2408 palmae

175 2415 330 2494 Surgunt.
370 2433 407 2476 ex
430 2415 489 2476 illis
511 2415 603 2478 altera
626 2418 723 2477 maior,
742 2424 823 2499 erat,

129 2503 168 2565 Et
190 2503 329 2583 gravibus
352 2505 443 2565 ramis
465 2511 560 2565 totum
583 2511 755 2584 protexerat
776 2503 898 2585 orbem,

174 2590 404 2671 Contigeratque
426 2609 480 2653 sua
503 2592 601 2654 sidera
624 2610 738 2653 summa
761 2610 862 2654 coma.

81 2692 115 2743 ³5
130 2679 208 2742 Ecce
231 2698 317 2742 mens
339 2680 453 2741 lcrrnm
475 2688 601 2761 patruus
622 2680 745 2742 molitur
767 2682 799 2741 in
820 2680 902 2742 illas,

173 2769 303 2831 Terreor
325 2768 500 2850 admonitu,
523 2786 635 2849 corque
658 2770 765 2830 timore
787 2771 893 2831 micat.

129 2856 255 2939 Martia,
278 2859 387 2939 piens,
410 2858 472 2921 avis
494 2860 613 2938 gemino
635 2875 691 2939 pro
714 2859 814 2938 stipite
837 2864 970 2938 pugnant

172 2945 211 3007 Et
232 2945 323 3026 lupa.
365 2952 429 3007 tnta
450 2963 505 3027 per
528 2945 583 3008 bos
605 2953 733 3026 utraque
756 2945 852 3025 palma
876 2938 964 3005 luit.'

129 3032 271 3113 Dixerat,
294 3042 325 3096 et
346 3033 464 3112 plenam
486 3052 546 3095 non
568 3035 663 3095 firmis
687 3033 798 3095 viribus
822 3049 927 3092 urnam

80 3133 116 3183 4ο
176 3119 325 3184 Sustulit.
364 3120 502 3201 implerat
513 3168 523 3201 ,
546 3121 617 3183 dum
641 3138 694 3181 sna
718 3123 779 3182 visa
802 3120 911 3180 relert.

129 3208 247 3271 lnterea
270 3215 424 3270 crescente
447 3207 563 3287 Remo,
586 3215 741 3270 crescente
764 3206 907 3287 Quirino,

174 3295 301 3359 Caelesti
324 3295 456 3359 tumidus
478 3295 611 3376 pondere
634 3303 738 3357 venter
761 3303 841 3356 erat.

129 3384 194 3459 Quo
218 3386 318 3447 minus
341 3386 473 3446 emeritis
497 3385 592 3445 exiret
614 3382 753 3445 cursibus
776 3400 889 3464 annus,

172 3471 335 3537 Restabant
357 3472 451 3535 nitido
474 3475 533 3535 iam
555 3472 615 3533 duo
639 3474 722 3550 signa
745 3470 818 3535 deo.

78 3577 114 3626 45
130 3563 218 3625 Silvia
241 3563 275 3624 iit
299 3569 414 3625 mater:
445 3560 552 3624 Vestae
575 3559 733 3623 simulacra
755 3561 894 3622 teruntur

837 3656 890 3713 17*
