2467 4042
458 276 503 327 lv.
526 287 581 328 v111
597 278 691 328 1—69.

204 437 278 500 Cum
301 457 356 519 pro
379 456 519 501 concessa
543 436 633 499 verba
656 438 749 499 salute
773 437 894 499 clarnos.

160 526 219 630 Sed
242 529 316 609 qui,
339 545 427 607 quam
450 529 569 607 potuit
591 528 642 587 dat
664 529 811 606 maxima,
834 534 935 604 gratus

707 614 822 676 abunde
846 623 908 695 est,

202 702 241 763 Et
263 705 351 763 linem
375 705 469 782 pietas
492 705 616 782 contigit
638 702 687 763 illa
710 721 815 764 suum

158 789 241 870 Nec,
265 809 340 871 quae
364 791 400 852 de
423 809 512 871 parva
534 809 648 870 pauper
671 791 717 851 dis
739 791 812 851 libat
834 807 953 868 acerra,

109 891 144 940 40
202 878 282 940 Tura
305 881 403 941 minus
416 926 425 959 ,
448 879 551 958 grandi
575 897 663 958 quam
687 879 753 940 data
776 878 881 949 lance,
904 877 1018 938 valent.

157 968 297 1046 dgnaque
321 975 381 1028 tam
403 966 538 1048 lactens,
561 985 649 1046 quam
671 968 804 1046 gramine
826 975 910 1045 pasta
934 964 1044 1026 Falisco

203 1055 326 1116 Victima
349 1055 491 1134 Tarpeios
514 1056 608 1116 inlicit
630 1058 689 1116 icta
712 1055 810 1116 locos.

156 1143 218 1204 Nec
242 1152 341 1205 tamen
364 1144 461 1204 olticio
485 1151 583 1205 ratum
607 1162 661 1223 per
684 1146 813 1205 carmina
836 1142 912 1203 iacto

201 1231 390 1311 Principibus
414 1250 463 1292 res
486 1240 533 1293 est
555 1234 651 1311 aptior
674 1231 733 1293 ulla
755 1233 843 1292 viris.

109 1330 143 1381 tc
158 1319 294 1381 Carmina
316 1327 483 1381 vestrarum
506 1329 652 1399 peragunt
674 1322 831 1400 praeconia
854 1318 991 1398 laudum,

202 1407 282 1468 Neve
306 1410 345 1468 sit
368 1417 501 1468 actorum
525 1408 600 1468 lama
623 1407 755 1488 caduca,
778 1415 899 1468 carent.

9 1537 11 1570 t
159 1493 295 1555 Carmine
318 1495 351 1555 lit
374 1496 597 1576 virescimus,
622 1512 786 1574 expersque
811 1492 961 1572 sepulchri

96 1587 99 1591 “
202 1582 342 1643 Notitiam
366 1600 449 1643 serae
472 1584 655 1662 posteritatis
678 1582 784 1643 habet.

158 1670 269 1732 Tabida
291 1672 440 1731 consumit
463 1670 576 1731 serrum
599 1670 785 1750 lapidemque
809 1678 957 1751 vetustas,

110 1771 144 1821 50
204 1757 347 1838 Nullaque
371 1776 420 1819 res
443 1761 539 1820 maius
562 1767 696 1838 ternpore
719 1758 812 1819 robur
835 1757 938 1819 habet.

159 1846 276 1926 Scripta
299 1847 400 1908 lerunt
424 1865 538 1908 annos.
579 1850 699 1927 scriptis
722 1848 940 1926 Agamemnona

708 1937 804 2015 nosti,
1020 1945 1076 1998 (ηε)

202 2022 240 2084 Et
263 2025 399 2102 quisquis
423 2033 526 2085 contra
548 2022 595 2085 vel
618 2024 708 2084 simul
730 2041 810 2083 arma
833 2022 918 2084 tulit.

158 2112 232 2184 Quis
256 2110 373 2173 Thebas
397 2121 569 2192 septemque
593 2111 684 2173 duces
713 2114 777 2172 sinc
805 2112 935 2172 carmine
959 2122 1077 2192 nosset,

202 2199 241 2261 Et
263 2200 407 2279 quidquid
430 2200 614 2282 posthaec,
639 2199 781 2280 quidquid
805 2208 835 2260 ct
858 2208 924 2260 ante
948 2196 1029 2260 luit?

110 2298 144 2349 ot
158 2286 194 2348 Ili
217 2306 336 2367 quoque
360 2287 564 2367 carminibus,
588 2290 614 2348 si
638 2289 681 2348 las
704 2297 750 2349 est
773 2287 873 2348 dicere
886 2334 895 2370 ,
919 2288 1010 2368 fiunt,

203 2376 355 2454 Tantaque
378 2378 514 2438 maiestas
538 2394 589 2437 ore
613 2378 745 2437 canentis
769 2384 852 2454 eget.

160 2462 209 2524 Sic
233 2463 329 2524 Chaos
352 2482 388 2523 cx
410 2464 461 2528 illa
483 2471 605 2525 naturae
629 2463 705 2524 mole
728 2465 838 2544 prioris

204 2550 357 2629 Digestum
379 2561 480 2632 partes
503 2555 614 2613 scimus
638 2551 747 2621 babere
771 2569 858 2612 suas:

160 2638 209 2700 Sic
232 2639 414 2701 adfectantes
438 2639 574 2701 caelestia
597 2658 688 2718 regna
711 2639 850 2719 Gigantes

112 2740 145 2789 eo
204 2727 247 2789 hd
272 2726 361 2807 Styga
383 2728 541 2789 nimbifero
565 2728 690 2789 vindicis
713 2730 780 2807 igne
804 2727 906 2789 datos:

160 2814 209 2877 Sic
233 2817 327 2877 victor
350 2815 466 2878 laudem
490 2819 638 2896 superatis
662 2815 751 2876 Liber
774 2816 809 2877 ab
833 2813 931 2898 ludis,

202 2904 319 2965 Alcides
343 2914 427 2984 capta
450 2907 539 2966 traxit
562 2904 598 2965 ab
623 2904 776 2966 Oechalia.

160 2990 198 3052 Et
222 2992 333 3072 modo,
355 2992 483 3075 Caesar,
508 3011 593 3053 avum
607 3011 729 3072 ,quem
751 2995 846 3053 virtus
870 2991 982 3053 addidit

708 3083 814 3160 astris,

205 3166 368 3227 Sacrarunt
390 3166 487 3246 aliqua
510 3170 642 3228 carmina
664 3177 748 3246 parte
771 3127 876 3228 tulum.
959 3209 964 3218 -

113 3266 146 3316 ot
162 3235 266 3333 Siquid
290 3253 387 3315 adhuc
410 3257 502 3332 igitur
525 3256 605 3335 vivi,
629 3253 825 3334 Germanice,
849 3263 951 3316 nostro

204 3342 338 3403 llestat
330 3359 361 3402 in
384 3343 525 3422 ingenio,
549 3344 659 3403 serviet
682 3360 769 3403 omne
791 3341 864 3403 tibi

160 3429 226 3491 Non
249 3438 335 3509 potes
359 3431 489 3492 officium
513 3432 588 3492 vatis
610 3438 801 3492 contemnere
825 3437 926 3492 vates.

204 3519 317 3580 Iudicio
339 3520 470 3599 pretium
492 3536 542 3580 res
564 3518 654 3580 habet
676 3520 733 3581 ista
755 3526 825 3580 tuo.

161 3608 246 3680 Quod
269 3609 328 3670 nisi
350 3616 380 3670 te
404 3626 511 3670 nomen
535 3617 651 3670 tantum
674 3609 711 3670 ad
733 3610 844 3669 maiora
867 3617 1016 3688 vocasset,
