2467 4042
207 249 265 315 ite
576 245 846 308 tristanno.

329 400 453 463 Poilade
469 400 529 460 iam
545 400 651 476 pingui
664 399 802 474 tinguere
815 399 951 461 membra
966 406 1089 477 putest’

244 493 279 549 it
289 484 405 546 Adnuit
418 485 471 545 iiia
486 485 559 544 iere.
581 494 645 544 non
661 490 768 544 nostra
782 484 867 559 quod
882 485 990 545 osenia
1004 495 1095 558 curet,

330 568 394 630 Sed
407 573 513 632 movet
526 568 681 642 obrepens
697 583 825 628 somnus
840 568 922 628 anilo
937 576 1039 643 eaput

285 653 422 729 Postque
433 650 707 714 moroo'rninimum
721 652 796 711 ‘iam
810 659 893 713 oerte
907 653 1060 728 navigat,’
1079 652 1201 729 inquam

327 738 499 813 ‘Lentaque
513 736 635 798 dimotis
651 733 777 796 brachia
791 735 884 797 iactat
896 737 1010 809 aquis!

285 821 450 897 Paucaque
464 832 534 881 oum
547 825 629 879 tacta
642 819 759 894 perfeci
775 820 906 880 stamina
921 822 989 894 teia,

243 918 279 969 5ο
330 908 379 967 An
393 905 496 966 medio
514 904 637 980 possis,
661 902 854 978 quaerimus,
875 919 948 964 esse
961 905 1049 965 freto.

284 991 322 1051 Et
335 989 430 1052 modo
444 987 667 1065 prospicimus,
689 987 795 1049 timida
811 987 904 1049 modo
918 997 998 1049 vooe
1012 1004 1183 1064 prorsum,

325 1074 367 1134 Ut
379 1073 433 1134 tibi
448 1073 500 1134 det
514 1071 622 1132 faciles
636 1070 717 1131 utitis
730 1088 805 1132 aura
819 1069 898 1132 vias.

284 1157 419 1237 Auribus
435 1156 558 1216 incertis
573 1169 669 1215 voees
685 1153 859 1231 captamus,
881 1163 912 1216 et
926 1172 1049 1216 omnem
1160 1187 1167 1197 ·

326 1242 487 1301 Adventus
502 1239 662 1315 strepitum
680 1238 834 1300 eredimus
850 1255 923 1300 esse
935 1239 988 1301 tui.

243 1334 277 1388 55
289 1324 341 1386 Sic
355 1325 407 1385 ubi
422 1325 571 1400 deceptae
589 1338 663 1399 pars
678 1330 727 1383 est
739 1323 813 1384 mihi
826 1324 959 1387 maxima
972 1327 1075 1385 noctis

326 1411 420 1482 Aeta,
443 1407 525 1469 subit
540 1407 641 1468 iurum
656 1407 771 1468 iumine
784 1407 870 1468 sessa
884 1424 990 1484 sopor.

283 1493 424 1554 Forsitan
439 1492 569 1564 invitus,
592 1504 711 1551 mecam
725 1498 841 1566 tamem
863 1491 1018 1567 improbe,
1040 1493 1175 1553 dormis:

326 1577 377 1652 iit,
400 1590 585 1652 quamquam
600 1591 662 1636 non
676 1575 725 1635 vis
739 1576 808 1652 ipss
821 1576 945 1651 venire,
967 1576 1068 1637 venis.

284 1661 360 1722 Nam
374 1661 468 1720 modo
483 1668 513 1722 te
527 1658 637 1722 videor
652 1672 750 1734 prope
767 1659 826 1720 iarn
843 1668 985 1736 spectare
999 1667 1167 1732 natantem,

243 1755 277 1808 60
328 1744 460 1805 Brachia
474 1759 555 1806 nuno
568 1742 683 1804 umeris
699 1743 804 1805 umida
821 1745 901 1804 serre
914 1743 1009 1805 meist

282 1828 369 1889 Nune
384 1829 473 1904 dare,
496 1841 577 1903 quae
591 1828 695 1901 soleo,
719 1826 850 1888 madidis
867 1829 1018 1888 velamina
1036 1829 1192 1901 membris,

325 1912 453 1973 pentorn
466 1926 547 1972 nuno
564 1919 670 1972 nostro
689 1911 793 1973 innota
807 1912 916 1973 iuvere
929 1912 1008 1985 sinu,

283 1996 439 2071 itumque
454 2001 614 2072 praeterea
628 1995 750 2069 linguae
764 1995 922 2057 mitonds
934 1995 1107 2072 modestae,

263 2150 265 2161 ‚
326 2079 411 2155 Quae
427 2078 541 2141 iecisse
554 2078 653 2151 iuvat,
673 2079 755 2139 foeta
768 2079 884 2139 reterre
896 2079 999 2155 pudet

242 2175 275 2228 65
286 2163 337 2225 Me
351 2164 509 2223 miseramt
531 2162 635 2223 brevis
652 2169 700 2223 est
713 2162 791 2224 haee
805 2170 836 2223 et
850 2178 913 2225 noo
928 2176 1003 2224 vera
1016 2166 1175 2241 voluptas.

325 2248 401 2308 Nam
417 2255 449 2307 tu
463 2262 533 2308 oum
545 2262 657 2308 somno
672 2262 796 2323 semper
808 2244 895 2308 abne
908 2248 1003 2307 solos.

281 2331 412 2392 Firmius
427 2347 446 2392 o
461 2328 565 2406 eupidi
580 2331 704 2391 tandem
716 2345 864 2392 coeamus
878 2339 1038 2404 amantesf

323 2416 387 2476 Neo
402 2421 528 2477 caream
543 2430 616 2476 vera
629 2413 742 2491 gaudia
758 2421 866 2476 nostra
877 2415 950 2476 tide.

283 2499 342 2560 cnr
356 2512 415 2574 ego
430 2507 476 2561 tot
490 2498 601 2560 viduos
620 2499 707 2573 exegi
723 2499 834 2574 frigido
844 2505 980 2561 vnoetest

243 2591 276 2645 70
329 2583 388 2643 Cur
404 2585 516 2646 totiens
534 2599 631 2655 ome,
652 2585 734 2643 iente
751 2591 886 2657 natator,
902 2582 1006 2644 'abest

282 2667 337 2728 Est
351 2682 450 2740 mare,
474 2667 638 2742 confiteor,
660 2667 798 2729 nondum
814 2667 971 2728 traetubiie
986 2669 1081 2729 nanti.

324 2751 420 2812 Noete
434 2753 492 2812 sed
508 2751 653 2813 iresterna
666 2751 765 2812 lenior
778 2767 853 2812 aura
870 2751 934 2812 iitit.
1055 2770 1084 2819 «τι

284 2833 343 2895 Cur
359 2851 396 2895 ea
413 2835 576 2914 praeterita
592 2841 660 2896 esti
681 2844 812 2897 sunnon
826 2843 955 2897 ventura
968 2834 1125 2901 tunsbsst

322 2921 396 2982 'iarn
412 2920 494 2980 bona
509 2935 564 2980 eur
577 2920 681 2996 periit,
702 2935 761 2980 neo
777 2919 831 2981 tibi
846 2926 934 2995 rapto
949 2919 998 2981 via
1011 2927 1082 2981 esti

243 3012 274 3066 75
285 3002 425 3067 Protinus
437 3012 472 3066 ut
485 3001 593 3065 similis
609 3004 699 3064 detur
711 3003 872 3080 tibtoopia
884 3019 1003 3078 sursus,

323 3088 390 3157 Hoo
405 3088 513 3149 metior
526 3093 623 3161 sorte,
646 3103 710 3165 quo
725 3087 832 3165 prior,·.
845 3087 897 3147 iiia
912 3088 977 3149 iuit.

281 3173 322 3231 At
339 3172 399 3234 otto
415 3178 528 3233 mnata
541 3178 589 3233 est
605 3171 707 3233 iactati
718 3173 826 3233 ionno·
832 3172 987 3248 profundi.

323 3248 487 3331 Te'mpore,
509 3270 578 3316 eum
592 3272 759 3332 properasq
782 3264 878 3332 saepe
889 3256 1008 3316 minore
1023 3258 1123 3318 venis.
1154 3314 1161 3323 .

281 3340 351 3413 Hie,
373 3347 463 3414 puto,
486 3340 661 3417 deprensus
675 3341 717 3401 nii
731 3340 817 3415 quod
832 3339 1005 3415 querereris
1021 3340 1164 3414 haberes,

239 3432 274 3485 tto
328 3422 439 3498 Meque
452 3424 506 3484 tibi
523 3425 667 3502 amplexo
682 3425 766 3486 nulia
780 3433 906 3486 noeerm
919 3424 1050 3501 hiemps.

282 3507 368 3566 Certe
383 3522 441 3583 ego
455 3514 519 3569 turn
533 3516 645 3570 ventos
660 3510 795 3571 audirem
811 3510 892 3570 tento
907 3510 1055 3583 sonantis,
