2467 4042
190 208 242 263 XX

191 394 228 436 ex
250 374 412 448 archetypo
434 370 586 443 traditam,
610 369 731 445 eiusque
754 369 799 430 rei
821 372 1034 445 argumentum
1055 368 1129 428 mihi
1150 373 1195 429 est

191 461 384 538 interpolatio
407 458 516 519 codicis
539 457 699 533 Argentor.
723 459 754 517 et
774 457 983 534 posteriorum,
1007 456 1135 516 duorum
1154 457 1196 515 di-

191 551 363 625 stichorum,
386 565 462 625 quae
479 547 568 622 plane
582 545 718 605 referunt
731 545 794 613 illa,
812 563 887 622 quae
901 545 995 605 Ibidis
1008 550 1078 621 post
1090 565 1119 604 v.
1134 548 1195 606 130

192 642 290 699 erant:
318 637 477 712 utrobique
504 653 541 693 ex
561 651 621 693 uno
644 633 764 694 distichi
786 652 876 694 versu
898 633 1037 693 bilariam
1061 634 1194 708 suppleto

192 729 262 787 bina
284 725 411 786 disticha
432 741 565 800 procusa.

280 814 401 874 Lacuna
420 811 548 872 secunda
565 828 620 870 nec
637 810 703 886 ipsa
721 809 753 869 in
771 809 878 868 Hamb.
896 809 1058 885 indicatur,
1081 812 1197 868 tantum

192 922 239 962 vv,
264 904 307 962 20
330 900 368 961 ad
390 903 443 977 42,
465 898 574 977 viginti
597 898 665 973 duo,
688 897 732 957 ita
754 897 865 973 scripti,
888 901 923 957 ut
945 897 1112 957 hexametri
1133 915 1195 957 suc-

192 990 299 1050 cedent
320 989 523 1066 pentametris.
577 987 609 1046 in
636 985 734 1046 codice
756 985 926 1046 Monacensi
952 985 1116 1046 vetustiore
1143 986 1196 1044 mi-

193 1097 293 1138 serum
319 1081 369 1138 eet
400 1076 651 1151 supplementum,
683 1074 715 1135 in
746 1074 974 1150 recentioribus,
1005 1077 1080 1149 puto
1108 1073 1198 1133 etiam

191 1167 346 1242 Arguat,
367 1166 505 1225 alterum.

281 1254 384 1313 Tertio
410 1255 475 1313 loco
503 1252 584 1313 edita
613 1254 684 1311 sunt
710 1269 786 1327 quae
808 1251 917 1311 Hamb.
944 1251 1050 1326 habet;
1082 1248 1198 1324 punctis

192 1343 344 1403 finiuntur.
415 1340 556 1400 librarius
593 1341 658 1416 ipse
700 1339 975 1415 supplementorum
991 1337 1200 1414 ,farraginem

193 1450 283 1506 quam
308 1429 427 1490 novisse
454 1428 567 1504 potuit,
595 1430 751 1487 aversatus
779 1445 844 1487 esse
870 1425 1002 1487 ridetur:
1029 1443 1133 1486 versus
1158 1428 1199 1485 36

194 1518 232 1578 ed
250 1521 294 1579 40
312 1518 491 1581 rhetoricam
508 1517 622 1577 hubent
644 1515 912 1592 amplificationem,
931 1515 1028 1591 qualis
1045 1514 1078 1572 in
1096 1512 1201 1572 Heroi-

194 1608 280 1667 dibus
301 1610 339 1675 ,et
360 1607 481 1666 Metam.
505 1605 682 1665 dominatur.
736 1604 973 1679 Hamburgensis
1000 1601 1075 1663 talia
1101 1601 1202 1660 reddit

193 1695 275 1754 1111
300 1697 372 1771 109,
394 1693 457 1753 IIII
479 1706 504 1753 x
527 1696 582 1769 21,
602 1692 686 1753 alibi.

281 1782 402 1841 Lacuna
424 1784 532 1857 quarta
552 1799 614 1841 non
635 1784 683 1841 est
705 1780 809 1840 amissi
832 1778 1013 1855 pentametri
1040 1781 1093 1838 aut
1116 1777 1202 1837 disti·

194 1871 250 1946 chi,
269 1871 321 1929 sed
335 1871 479 1930 sermonis
491 1872 561 1945 post
574 1886 695 1930 versum
707 1869 792 1928 illum
807 1866 985 1928 dehiscentis
1000 1866 1143 1934 delectur,
1157 1866 1203 1924 in-

193 1962 280 2034 tegra
298 1959 336 2018 ab
358 1960 485 2033 utraque
503 1960 590 2033 parte
607 1957 785 2033 paginarum
803 1974 951 2032 mensura,
968 1957 1004 2014 ut
1021 1958 1075 2014 aut
1091 1972 1205 2015 novum

194 2065 314 2106 carmen
327 2064 437 2122 magua
451 2045 625 2106 elocutionis
639 2045 865 2121 importunitate
876 2044 916 2103 sit
925 2043 1109 2119 ordiendum,
1122 2043 1206 2118 quod

197 2134 317 2211 quidam
340 2135 483 2209 feceruut,
507 2137 560 2194 aut
578 2133 703 2193 schedae
721 2133 818 2208 unius,
840 2132 1019 2209 paginarum
1032 2124 1104 2210 (52)
1119 2123 1205 2209 (53),

195 2222 349 2297 archetypi
376 2220 496 2282 amissio
523 2221 719 2281 informanda.
774 2220 949 2280 crediderim
971 2220 1046 2279 duas
1068 2218 1107 2277 ad
1130 2217 1205 2278 Cas-

196 2311 273 2370 sium
296 2310 451 2386 Seianum,
475 2310 526 2387 qui
548 2313 595 2369 est
618 2308 697 2384 apud
719 2309 850 2368 Plinium
872 2308 910 2368 N.
933 2308 962 2369 h.
985 2305 1132 2367 XXXIIII
1150 2309 1206 2383 47,

195 2399 281 2457 datas
314 2398 455 2473 epistolas
488 2398 593 2457 eodem
625 2397 724 2474 aliquo
756 2397 878 2456 oonsilio
911 2395 1112 2472 continuatas,
1144 2413 1206 2470 quo

194 2486 272 2546 libro
293 2485 355 2545 IIII
378 2485 417 2544 ad
440 2486 506 2546 Sex.
525 2486 701 2561 Pompeium
714 2498 767 2544 1111
781 2489 812 2544 et
835 2499 867 2560 v,
890 2484 928 2543 ad
951 2483 1129 2544 Tuticanum
1152 2496 1206 2543 ΧΠ

195 2576 226 2633 et
249 2586 328 2633 xlm
345 2575 444 2634 locum
466 2574 586 2634 labent.

284 2661 395 2737 Quinto
417 2663 449 2722 in
471 2664 536 2722 loco
559 2662 612 2737 qui
629 2680 735 2722 versus
753 2661 839 2721 deest
855 2661 887 2720 in
905 2660 1005 2720 codice
1023 2660 1207 2737 Monacensi,

196 2750 319 2808 dubium
346 2751 397 2810 rix
420 2754 478 2827 est,
507 2750 692 2828 quinetiam
715 2749 825 2809 afuerit
847 2748 1071 2825 Hamburgensi
1092 2751 1122 2807 et
1146 2749 1208 2807 Ar·

195 2839 411 2915 gentoratensi3
435 2840 643 2915 supplementa
665 2843 785 2898 servata
807 2838 931 2898 suntin
953 2836 1178 2897 recentioribus.

284 2926 340 2985 His
362 2927 456 3003 igitur
474 2926 695 2987 discriminibus
713 2927 836 3002 partitio
855 2926 986 3001 corporis
1005 2926 1037 2984 in
1056 2924 1209 2985 sectiones

196 3015 336 3089 efficitur,
359 3015 486 3093 primam
508 3028 575 3091 1111,
602 3015 761 3086 secundam
783 3028 861 3090 xm,
884 3015 1007 3074 tertiam
1029 3027 1210 3090 x11,quar·

195 3113 260 3163 tam
278 3117 358 3180 xm,
382 3104 517 3179 quintam
534 3117 621 3179 nvn,
644 3106 761 3163 sextam
773 3116 884 3163 XXXVI
905 3103 1084 3180 paginanrm
1101 3102 1211 3161 arche-

196 3192 275 3268 typi,
307 3210 433 3267 quarum
464 3193 551 3252 unius
583 3193 726 3270 cuiusque
749 3193 848 3266 idem,
881 3193 933 3267 qui
963 3191 995 3250 in
1021 3190 1106 3250 Ibide
1138 3190 1213 3267 fuit,

196 3280 301 3339 modus
324 3281 507 3356 perquisitus
533 3281 708 3339 lacunarum
735 3283 766 3340 et
793 3280 1067 3355 supplementorum
1089 3278 1215 3354 aliquot

196 3371 353 3444 praeterea
379 3369 509 3444 vestigia
535 3369 682 3444 proferre,
709 3373 775 3429 tum
801 3368 1040 3444 interpolationis
1067 3370 1214 3427 vetustae

197 3458 251 3514 aut
272 3457 399 3516 recentis
417 3457 545 3516 limitem
562 3458 719 3518 ostendere
737 3458 785 3517 hic
803 3476 919 3534 quoque
937 3457 1058 3533 poterit.
1106 3455 1215 3516 titulis

196 3543 354 3618 librorum,
387 3545 564 3622 ubicumque
595 3545 686 3621 positi
720 3547 856 3621 fuerunt,
893 3546 1032 3605 binorum
1064 3562 1217 3604 versuum
