2467 4042
434 252 466 300 v.
486 252 620 303 rae-vl.
639 254 681 303 ae.
782 325 787 337 ’
995 249 1060 314 333

143 413 221 474 Ecce
244 413 315 474 deas
339 412 418 473 vidi:
451 431 509 473 non
534 432 608 492 quas
630 421 807 493 praeceptor
829 414 931 475 arandi

189 501 328 580 Viderat,
351 502 494 562 Ascraeas
517 520 585 562 cum
609 510 787 580 sequeretur
809 520 899 583 ores3¹

91 601 131 651 15.
143 589 205 650 Nec
229 608 302 668 quas
325 588 488 650 Priamides
511 592 542 650 in
565 607 694 669 aquosae
718 589 842 651 vallibus
864 590 932 652 ldae

189 677 343 739 Contulit:
375 696 411 739 ex
433 677 492 738 illis
515 678 568 739 sed
591 686 691 739 tamen
714 686 773 739 una
797 679 869 739 luit.

144 765 187 826 Ex
211 766 269 826 illis
293 767 349 826 luit
371 784 449 827 una:
481 768 529 827 sui
552 784 691 846 germana
715 768 830 849 mariti,

188 852 267 914 llaec
291 863 354 915 erat
367 900 376 935 ,
399 856 526 935 agnovi,
550 873 625 933 qnae
649 863 706 916 stat
729 857 760 916 in
784 873 852 916 arce
875 854 968 916 loris.

145 939 326 1003 Horrueram
349 945 498 1022 tacitoque
522 945 653 1004 animum
677 944 787 1024 pallore
811 943 942 1004 fatebar.

91 1042 129 1090 20
189 1029 264 1091 Tum
288 1031 341 1091 dea
354 1077 363 1112 ,
388 1049 462 1109 quos
485 1033 556 1093 lecit
568 1078 578 1111 ,
602 1032 724 1094 sustulit
747 1034 810 1111 ipsa
834 1040 949 1093 metus.

143 1118 276 1197 Namque
300 1122 340 1180 ait
363 1114 397 1179 ‘o
420 1127 502 1180 vates
514 1169 523 1201 ,
546 1119 671 1182 Romani
694 1121 830 1182 conditor
853 1122 940 1202 anni,

187 1209 266 1268 cluse
288 1226 343 1287 per
366 1210 488 1288 exiguos
510 1227 615 1288 magna
638 1210 753 1270 reiense
776 1209 897 1291 modos,

143 1295 193 1356 lus
217 1295 271 1356 tibi
294 1297 391 1358 iecisti
414 1314 524 1358 numen
548 1298 675 1359 caeleste
699 1298 834 1379 videndi,

189 1382 263 1445 Cum
286 1385 397 1462 placuit
420 1388 552 1445 numeris
575 1385 704 1446 condere
728 1386 803 1447 iesta
827 1388 905 1447 tuis.

93 1483 129 1532 25
145 1471 188 1532 Ne
212 1481 312 1533 tamen
335 1475 455 1549 ignores
478 1471 614 1552 volgique
639 1491 742 1534 errore
765 1473 910 1553 traharis,

188 1560 292 1621 lunius
316 1579 331 1620 a
355 1567 458 1620 nostro
481 1564 601 1621 nominc
625 1579 733 1622 nomen
756 1561 861 1622 habet.

144 1649 198 1710 Est
221 1648 330 1727 aliquid
354 1651 492 1727 nupsisse
515 1648 575 1710 lovi
586 1697 600 1748 ,
622 1649 699 1709 loris
724 1667 788 1709 esse
812 1633 963 1725 sororem'.

189 1735 292 1798 Fratre
317 1739 430 1816 magis,
454 1736 581 1818 dubito,
604 1737 738 1817 glorier,
760 1754 836 1798 anne
859 1740 941 1797 viro.

145 1825 177 1886 Si
200 1844 294 1904 genus
318 1827 483 1904 aspicitur,
508 1824 669 1887 Saturnum
692 1827 787 1904 prima
809 1833 962 1904 parentem

95 1927 130 1975 30
188 1914 280 1995 Feci,
303 1914 424 1974 Saturni
446 1931 513 1974 sors
536 1932 590 1994 ego
613 1916 708 1993 prima
732 1914 791 1974 lui.

144 2003 167 2063 Α
190 2011 273 2081 patre
298 2002 375 2063 dicta
398 2020 465 2062 meo
484 1998 636 2080 'quondam
662 2002 800 2063 Saturnia
822 2001 916 2064 Roma
939 2010 1002 2083 est,

188 2089 267 2151 llaec
290 2090 332 2150 illi
355 2109 372 2151 a
396 2090 476 2150 caelo
499 2093 634 2170 proximu
657 2099 738 2151 terra
761 2090 834 2151 luit.

145 2179 177 2239 Si
199 2189 282 2240 torus
304 2181 336 2239 in
359 2181 455 2258 pretio
478 2186 546 2261 est,
569 2179 653 2240 dicor
675 2188 809 2239 matrona
832 2178 992 2258 Tonantis,

188 2266 349 2345 iunctaque
373 2266 499 2345 Tarpeio
522 2274 592 2328 sunt
615 2285 680 2328 mea
705 2267 811 2346 templa
834 2266 912 2327 lovi.
1000 2269 1006 2277 '

96 2366 129 2417 35
144 2357 186 2416 An
210 2358 307 2435 potuit
328 2354 404 2416 Maio
427 2354 528 2434 paelex
552 2355 623 2416 dare
646 2358 765 2416 nomina
789 2357 905 2436 mensi,

188 2443 242 2504 llic
266 2443 361 2503 honor
383 2444 414 2502 in
439 2442 524 2503 nobis
546 2443 710 2504 invidiosus
734 2439 817 2504 erit?

144 2532 204 2593 Cur
227 2534 318 2610 igitur
341 2532 443 2609 regina
466 2548 555 2591 vocor
577 2534 777 2611 princepsque
802 2531 942 2608 dearum,

187 2622 285 2680 Aurea
308 2637 362 2680 cur
385 2618 507 2679 dextrae
530 2627 648 2698 sceptra
672 2619 780 2680 dedere
803 2615 912 2680 meae?

143 2710 186 2769 An
211 2709 320 2769 facient
344 2723 475 2768 mensem
499 2706 581 2767 luces
594 2754 603 2785 ,
625 2706 797 2787 Lucinaque
820 2707 856 2768 ab
879 2706 937 2768 illis

97 2809 130 2859 to
188 2797 298 2877 Dicar,
321 2804 352 2857 et
374 2814 391 2857 a
414 2793 496 2856 nullo
519 2797 639 2856 nomina
662 2814 764 2857 mense
787 2792 927 2857 traham?

142 2886 217 2947 Tum
241 2904 289 2947 me
312 2887 462 2965 paeniteat
482 2885 618 2963 posuisse
642 2883 769 2945 fideliter
791 2887 851 2945 iras

186 2974 219 3035 ln
243 2992 337 3053 genus
360 2972 496 3034 Electrae
520 2971 755 3052 Dardaniamque
780 2972 916 3034 domum.

144 3061 235 3122 Causa
258 3063 366 3142 duplex
388 3065 468 3124 irae:
500 3069 584 3140 rapto
608 3061 776 3140 Ganymede
799 3060 951 3139 dolebam,

186 3149 292 3212 Forma
316 3168 434 3230 quoque
457 3150 544 3211 Idaeo
567 3149 665 3211 iudice
689 3152 766 3211 victa
789 3167 853 3210 mea
876 3157 940 3209 est.

97 3251 129 3299 46
142 3238 294 3300 Paeniteat
307 3287 316 3319 ,
339 3241 418 3317 quod
441 3256 501 3299 non
525 3238 609 3298 loveo
634 3238 820 3317 Carthaginis
844 3255 945 3318 orces,

187 3327 261 3388 Cum
285 3345 350 3387 mea
373 3330 433 3388 sint
454 3326 505 3387 illo
529 3345 636 3388 currus
660 3335 691 3388 et
712 3345 794 3388 arma
817 3325 899 3387 loco.

144 3416 296 3476 Paeniteat
319 3414 444 3493 Sparten
468 3416 622 3493 Argosque
645 3434 784 3496 measque
808 3414 946 3495 Mycenas

187 3503 224 3563 Et
247 3510 378 3563 veterem
401 3501 484 3563 Latio
509 3505 702 3581 supposuisse
727 3504 856 3565 Samon:

143 3591 222 3653 lude
246 3608 349 3652 senem
372 3589 511 3671 Tatium,
535 3590 780 3670 Iunonicolasque
803 3591 952 3670 Faliscos,
