2467 4042
654 409 715 482 XI.

269 566 332 629 Hoc
354 565 409 628 ttbi
421 611 431 647 ,
454 565 553 647 Ruie,
575 566 661 628 brevi
682 576 877 648 properatum
900 576 1035 647 tempore
1061 572 1161 633 mittit

313 655 414 736 Naso,
436 672 542 734 parum
565 655 679 716 faustae
703 656 841 716 eonditor
864 656 966 736 Artis,
990 676 1089 736 opus:

270 742 329 824 Ut,
353 760 530 822 quamquam
553 741 640 822 louge
664 751 726 803 toto
750 762 855 804 sumus
879 743 950 804 orbe
973 748 1104 828 remoti,

315 830 397 891 Scire
420 838 519 891 tamen
542 833 640 911 possis
664 850 718 892 nos
741 834 912 892 meminisse
935 834 997 893 tui.

240 918 403 980 tNomiuis
427 927 494 978 ante
519 920 578 978 mei
599 921 720 980 venient
743 919 850 980 oblivia
873 918 977 1000 nobis,

315 1005 439 1068 Pectore
464 1024 552 1086 quam
575 1008 670 1085 pietas
694 1009 733 1068 sit
755 1018 806 1068 tua
829 1008 913 1087 puisa
936 1025 1022 1067 meo.

270 1093 311 1155 Et
331 1096 416 1174 prius
438 1093 514 1154 bano
538 1097 665 1156 animam
688 1114 795 1156 vacuas
818 1096 976 1156 reddemus
1000 1097 1032 1155 in
1058 1115 1171 1179 auras,

316 1180 410 1254 Quam
433 1183 483 1242 fiat
506 1184 606 1243 meriti
629 1186 722 1261 gratia
745 1186 904 1245 venatui.

271 1268 387 1331 Grande
415 1287 487 1331 vooo
516 1268 652 1332 lacrimas
680 1273 843 1352 meritum,
871 1271 979 1351 quibus
1007 1288 1062 1331 ora

819 1359 953 1439 rigabas,
1160 1377 1201 1426 (an

227 1459 258 1509 10
317 1446 391 1508 Cum
414 1464 478 1508 mea
502 1454 643 1507 oonoreto
667 1448 746 1507 siooa
769 1446 871 1508 dolore
894 1448 1009 1508 forent.

272 1534 388 1596 Grande
412 1552 485 1595 roeo
508 1537 649 1595 meritum
672 1543 801 1595 maestae
825 1535 932 1596 solacia
955 1537 1085 1615 mentis,

316 1621 390 1684 Cum
413 1625 524 1703 pariter
547 1621 634 1683 nobis
657 1622 706 1683 ilia
730 1623 843 1703 tibique
867 1624 970 1684 dares.

273 1710 385 1790 Sponte
409 1710 528 1790 quidem
550 1729 606 1789 per
630 1729 721 1790 seque
744 1728 810 1771 mea
833 1718 879 1771 est
901 1709 1058 1771 laudabilis
1083 1730 1183 1775 uxor:

317 1798 477 1860 Admonitu
500 1799 606 1859 melior
629 1799 662 1859 fit
684 1807 782 1859 tamen
807 1797 855 1859 illa
878 1806 948 1859 tuo.

228 1899 259 1948 15
274 1886 406 1967 Namque
430 1886 509 1967 quod
532 1885 709 1948 Hermiones
732 1886 835 1948 Castor
858 1886 915 1947 suit
928 1934 937 1966 ,
960 1885 1073 1946 Hector
1098 1887 1183 1972 luii,

318 1974 381 2035 Hoc
405 1993 458 2055 ego
481 1983 511 2036 te
534 1973 628 2035 laetor
652 1976 787 2054 coniugis
811 1992 876 2035 esse
899 1992 999 2034 meae.

275 2064 357 2136 Quae
371 2081 440 2144 ,ne
464 2062 614 2124 dissimilis
638 2061 694 2122 tibi
716 2064 756 2123 sit
777 2062 947 2144 probitate,
968 2060 1105 2143 laborat,

320 2150 417 2231 Seque
440 2153 485 2212 tui
507 2153 565 2211 vita
589 2153 741 2230 sanguinis
765 2169 830 2211 esse
853 2150 975 2232 probat.

276 2239 354 2319 Ergo
378 2238 458 2318 quod
481 2240 578 2299 iuerat
601 2238 729 2299 stimulis
753 2239 867 2299 iactura
890 2240 954 2299 sine
977 2237 1067 2319 uitis,

228 2340 262 2390 20
320 2326 441 2388 Plenius
464 2335 617 2388 auctorem
639 2335 670 2387 te
694 2344 812 2406 quoque
835 2335 942 2388 nancta
964 2326 1052 2386 iacit.
1097 2369 1112 2389 .

275 2416 351 2477 beer
374 2423 404 2476 et
427 2414 462 2475 ad
485 2413 598 2495 palmae
621 2433 675 2494 per
699 2433 730 2474 se
754 2432 899 2475 cursurus
922 2414 1073 2496 honores,

321 2502 353 2564 Si
375 2511 474 2563 tamen
497 2502 649 2583 horteris,
673 2502 779 2563 fortius
802 2501 858 2563 ibit
881 2521 991 2582 equus.

276 2591 380 2671 todo,
404 2591 482 2671 quod
507 2590 637 2652 absentis
661 2609 732 2652 eura
756 2590 890 2651 mandata
913 2589 992 2651 fideli

321 2678 465 2760 Periiois,
489 2687 519 2740 et
541 2679 655 2740 nulium
678 2679 757 2740 serre
781 2682 910 2758 gravaris
934 2696 1026 2739 onuS.

230 2781 263 2830 25
279 2766 321 2829 Oi
349 2768 480 2830 referant
502 2775 623 2849 grates,
647 2769 786 2847 quoniam
810 2786 869 2828 non
893 2784 1052 2847 possumus
1078 2771 1164 2852 ipsi,

321 2854 358 2916 Di
379 2854 456 2917 tibi.
497 2858 549 2935 qui
572 2856 704 2916 referent
715 2902 725 2936 ‚
749 2857 774 2916 si
797 2858 844 2934 pia
867 2858 943 2916 iacta
965 2853 1089 2917 vident.

279 2944 469 3023 Sufficiatque
493 2944 544 3005 diu
568 2962 677 3023 eorpus
701 2962 818 3023 quoque
843 2943 974 3004 moribus
996 2945 1088 3026 istis,

322 3031 447 3093 Maxima
470 3028 604 3093 Fundani
628 3032 720 3112 gloria
733 3080 742 3113 ‚
765 3030 863 3114 Rufe,
887 3031 958 3093 soli.
