2467 4042
173 216 215 280 52
339 228 458 265 2222222
586 208 765 263 ldETAllll.

261 378 362 458 licque
385 375 455 455 lupo
477 381 621 453 concepta
642 372 732 454 Nape,
768 374 958 454 pecudesque
981 383 1099 436 secun

197 477 247 529 222
260 465 440 545 Poemenis,
461 470 493 524 et
515 464 592 523 222212
615 463 753 523 comitata
774 459 903 542 Harpyia
927 461 1071 544 duobus,
1230 465 1233 472 '

262 555 302 617 lit
323 552 484 615 substricta
505 568 613 630 gerens
637 549 792 628 Sicyonius
814 550 864 612 ilia
886 548 988 613 Ladon

262 643 301 705 Et
322 641 446 705 Dromas
469 646 501 700 et
523 637 636 701 Canace
660 637 813 718 Sticteque
836 646 867 701 et
889 638 988 719 Tigris
1010 648 1045 701 et
1067 639 1167 720 Alce,

262 731 302 794 lit
322 730 416 792 212212
439 727 560 790 Leucon
572 774 583 809 ,
605 734 636 789 et
653 725 729 790 211112
752 725 879 789 Asbolus
904 730 978 791 22212
985 775 996 810 ,
1225 715 1229 742 ³

262 817 510 899 Praevalidusque
532 815 631 877 Lacon
654 824 684 877 et
706 833 798 876 cursu
820 816 907 878 fortis
929 815 1009 878 hello

197 906 421 973 22211211222
443 914 474 967 22
497 903 604 985 Cyprio
628 903 712 966 velox
735 921 803 966 cum
826 905 917 968 fratre
941 903 1093 987 Lycisce,

263 997 301 1059 Et
323 998 438 1075 nigram
460 992 558 1055 medio
581 993 711 1054 frontem
734 992 892 1055 distinctus
915 992 952 1054 ab
975 992 1042 1055 21122
1231 1011 1234 1018 ’

263 1083 406 1164 llarpalos
430 1089 461 1144 et
482 1078 634 1143 112122222
655 1080 831 1160 hirsutaque
854 1098 981 1162 corpore
1002 1081 1158 1164 Lachne,
1223 1093 1225 1096 ’

263 1173 302 1236 112
323 1180 408 1253 patre
430 1170 578 1251 Dictaeo,
600 1168 654 1231 sed
676 1178 772 1232 matre
793 1166 940 1232 Laconide
964 1174 1025 1233 nati
1213 1181 1234 1198 “

263 1260 375 1323 Labros
392 1267 425 1321 et
445 1258 614 1340 Agriodus,
636 1267 668 1320 22
689 1266 792 1321 222222
814 1260 896 1320 vocis
917 1256 1083 1345 Hylactor,

195 1362 249 1413 225
264 1351 405 1427 Quosque
427 1348 542 1409 referre
555 1364 640 1408 mora
653 1355 721 1409 est.
744 1365 779 1409 22
797 1345 885 1408 turba
905 1341 1045 1426 cupidine
1062 1366 1167 1428 praa·-
1210 1414 1226 1429 ,Ι

263 1439 323 1501 Per
344 1454 436 1517 rupes
459 1435 656 1516 scopulosque
679 1435 820 1515 adituque
842 1437 974 1498 carenda
996 1453 1070 1498 saxa
1212 1447 1222 1462 ”

264 1528 388 1607 Quaque
402 1534 449 1587 222
462 1523 611 1605 2212222112,
631 1541 747 1603 quaque
762 1525 867 1585 222212
880 1523 982 1606 nulla,
1000 1533 1184 1605 sequuntur
1220 1532 1234 1557 ³¹

263 1615 316 1677 1112
338 1614 415 1694 fugit
435 1630 491 1694 per
513 1630 588 1692 quae
611 1611 795 1674 1222221222
817 1629 905 1692 saepe
928 1620 1072 1694 secutus,

264 1704 330 1766 Heu
353 1702 479 1764 famulos
501 1702 578 1781 fugit
598 1703 664 1781 ipse
687 1698 780 1763 22221
803 1698 1066 1762 21222222111221222
1200 1715 1204 1726 '
1231 1728 1232 1735 1

199 1806 251 1855 222
265 1789 406 1855 ‘Actaeon
429 1808 484 1871 ege
507 1807 574 1851 sum
586 1837 597 1872 ,
618 1788 772 1850 dominum
794 1791 964 1870 cognoscite
986 1797 1131 1853 vestrum
1140 1785 1163 1850 f’
1194 1771 1218 1835 *f

264 1879 359 1943 Verba
382 1881 479 1941 animo
503 1879 633 1941 desunt.
661 1885 780 1939 resonat
798 1876 953 1939 latratibus
976 1876 1104 1944 aether.
1194 1873 1234 1927 11·

264 1970 364 2032 Prima
385 1967 601 2029 Melanchaetes
624 1969 656 2028 122
678 1974 762 2046 tergo
785 1965 907 2028 22122222
929 1967 1019 2048 fecit,
1194 1956 1225 2029 111

264 2059 402 2120 Proxima
429 2056 643 2135 Theridamas3
666 2053 878 2136 Oresitrophus
905 2053 1000 2115 haesit
1027 2057 1061 2116 in
1092 2059 1228 2122 2222222122

266 2146 393 2208 Tardius
417 2146 572 2226 exierant,
595 2144 648 2205 sed
670 2161 725 2223 per
748 2142 921 2223 compendia
944 2145 1055 2206 montis
1188 2149 1210 2194 ’2
1226 2172 1234 2203 t

159 2309 161 2312 v
200 2246 251 2298 222
265 2236 431 2314 anticipata
453 2236 499 2294 212
521 2239 588 2295 222.
616 2232 770 2294 dominum
792 2229 990 2293 retinentibus
1011 2230 1094 2314 illis,
1190 2233 1226 2297 su

266 2323 372 2385 Cetera
389 2321 477 2384 turba
500 2322 561 2382 coit
582 2321 758 2400 confertque
780 2322 812 2381 in
835 2337 960 2399 corpore
982 2318 1113 2383 dentes.
1193 2329 1234 2386 22

265 2412 326 2473 lam
347 2411 414 2472 1222
435 2409 608 2472 vulneribus
636 2409 766 2471 desunt.
793 2411 885 2488 gemit
906 2407 978 2490 ille,
1000 2427 1174 2490 sonumque
1200 2409 1231 2472 1.

265 2499 330 2563 11221
352 2517 412 2561 non
434 2499 562 2560 1222212212
574 2545 585 2580 ,
607 2514 697 2579 quem
719 2514 779 2559 non
801 2506 901 2558 tamen
923 2495 1012 2558 edere
1035 2501 1138 2579 possit
1200 2501 1226 2569 d

266 2588 378 2649 Cervus
391 2634 401 2670 ,
423 2586 535 2668 1221222,
557 2588 739 2665 maestisque
752 2584 849 2664 replet
861 2587 930 2665 iuga
943 2593 1014 2647 nota
1028 2571 1224 2665 quercinis.

200 2688 252 2740 242
268 2675 320 2755 [Et
341 2675 467 2756 genibus
489 2677 593 2755 pronis
616 2674 741 2755 supplex
759 2673 923 2753 similisque
946 2677 1066 2754 roganti
1184 2681 1224 2759 'p

267 2765 446 2828 Circumfert
467 2766 573 2825 tacitos
596 2771 747 2842 umquam
769 2780 822 2824 sua
844 2761 982 2823 1222221212
1003 2761 1111 2824 2221222
1123 2762 1143 2842 .]
1185 2771 1232 2847 nep

266 2855 305 2916 tt
328 2855 451 2916 comites
474 2851 610 2932 rapidum
633 2851 728 2913 solitis
750 2849 918 2913 hortatibus
940 2866 1046 2930 agmen
1184 2864 1227 2934 ap,

266 2943 364 3023 Ignari
386 2942 544 3023 instigant,
567 2939 721 3020 oculisque
743 2940 891 3002 Actaeona
913 2947 1079 3022 quaerunt,
1190 2945 1230 3027 lg

267 3030 305 3093 lit
328 3029 409 3092 22122
430 3029 584 3091 absentem
608 3030 743 3091 certatim
767 3028 915 3090 Actaeona
937 3026 1066 3089 clamant
1090 3062 1137 3075 —
1183 3047 1213 3108 aq

201 3120 311 3182 asold
334 3135 442 3180 nomen
466 3126 555 3198 caput
576 3116 627 3178 ille
649 3118 744 3179 refert
766 3148 808 3161 -
833 3125 864 3178 et
885 3115 988 3178 abesse
1002 3127 1219 3203 queruntureq

267 3207 329 3270 Nec
352 3224 459 3287 capere
481 3204 595 3268 oblatae
619 3223 741 3285 segnem
764 3204 932 3286 spectacula
954 3203 1102 3284 praedae.
1181 3221 1231 3300 tq„

268 3294 362 3358 Vellet
385 3294 489 3357 abesse
512 3294 654 3375 quidem,
677 3293 730 3354 sed
752 3293 858 3355 adest:
880 3292 1025 3372 velletque
1049 3294 1216 3383 videreq

267 3384 334 3447 Non
357 3385 446 3446 etlam
469 3384 582 3445 sentire
600 3399 708 3444 canum
730 3382 792 3444 1222
815 3383 893 3443 12222
915 3399 1055 3443 suorum.
1181 3393 1222 3478 t,

267 3472 405 3551 Undique
428 3474 641 3553 circumstant,
663 3471 830 3550 mersisque
853 3473 885 3531 ln
907 3488 1032 3550 corpore
1057 3474 1166 3534 rostris
1180 3491 1221 3556 ts,

204 3560 438 3625 22211112222222
460 3559 527 3621 12121
545 3559 698 3622 dominum
716 3557 773 3621 sub
786 3560 923 3640 imagine
946 3560 1043 3621 cerri.
1181 3569 1231 3666 l„
