2467 4042
448 213 496 263 111.
517 214 666 264 oea-754.
760 280 761 285 Ἰ
938 248 939 251 =
992 210 1056 275 279
1099 226 1101 235 ⁴

74 389 125 437 ‘120
184 374 222 436 Et
244 376 369 436 domitas
391 383 517 455 gentes,
540 374 647 436 turifer
669 373 763 456 lnde,
786 382 868 436 tuas.

139 464 184 525 Tu
208 481 349 545 quoque,
371 462 528 524 Thebanae
551 462 628 524 mala
649 462 759 542 praeda
771 510 780 543 ,
804 461 958 544 tacebere,

686 553 806 632 matris3

183 639 276 719 Inque
299 647 384 701 tuum
408 639 493 700 luriis
517 646 603 720 acte,
627 638 784 720 Lycurge,
806 657 901 718 genu.

139 728 216 790 Ecce
239 727 312 789 libet
334 726 448 788 subitos
470 730 568 808 pisces
591 727 803 808 Tyrrhenaque
827 734 957 789 monstra

183 817 310 879 Dicere:
342 816 394 877 scd
417 833 477 877 non
501 823 547 877 est
569 818 709 877 carminis
731 815 820 878 huius
844 834 936 895 opus.

7 896 8 913 ¹
72 918 124 967 ‘125
139 905 284 966 Carminis
306 904 396 966 buius
419 922 494 984 opus
517 922 621 965 causas
643 922 841 984 expromere,
864 921 955 983 quare

7 990 8 1003 ¹
183 992 254 1054 Vilis
276 1010 351 1054 anus
369 993 499 1072 populos
523 992 558 1053 ad
582 1010 636 1054 sua
659 991 718 1053 liba
740 1000 844 1053 vocet.

138 1081 213 1143 Ante
236 1090 304 1143 tuos
327 1089 411 1144 ortus
434 1099 502 1142 arae
526 1083 590 1142 sine
613 1081 726 1142 honore
750 1081 889 1163 luerunt,

181 1169 291 1251 Liber,
314 1177 345 1232 et
367 1171 398 1230 in
421 1169 526 1249 gelidis
549 1168 642 1230 berba
663 1177 782 1249 reperta
805 1169 897 1230 locis.

138 1257 180 1318 Te
204 1264 368 1319 memorant
391 1257 490 1337 Gange
514 1266 636 1338 totoque
659 1260 773 1319 oriente
798 1257 921 1319 subacto

6 1348 7 1381 ³
70 1356 124 1408 ‘130
182 1344 330 1408 Primitias
353 1362 459 1424 magno
482 1348 652 1425 seposuisse
674 1346 756 1407 lovi.

138 1431 278 1494 Cinnama
301 1441 334 1495 tu
357 1435 472 1511 primus
495 1436 668 1512 captivaque
691 1442 758 1494 tura
782 1432 889 1494 dedisti
934 1478 937 1483 -

182 1520 283 1601 Deque
308 1520 488 1600 triumphato
512 1522 627 1581 viscera
650 1529 726 1581 tosta
749 1520 839 1582 bove.

137 1609 261 1671 Nomine
284 1608 321 1670 ab
345 1611 475 1670 auctoris
498 1608 611 1670 ductant
634 1608 772 1670 libamina
795 1626 903 1670 nomen

181 1696 334 1778 Libaque,
358 1697 437 1776 quod
460 1698 553 1758 sacris
575 1716 645 1777 pars
668 1697 754 1759 datur
777 1697 846 1758 inde
869 1697 960 1760 focis.

70 1798 123 1849 ‘135
138 1784 210 1848 Liba
233 1786 289 1848 deo
313 1787 388 1847 liunt
400 1833 409 1867 ,
432 1788 513 1847 sucis
536 1787 605 1865 quia
628 1784 765 1847 dulcibus
788 1786 865 1846 idem

181 1873 317 1955 Gaudet,
340 1881 371 1935 et
393 1893 409 1935 a
432 1873 548 1935 Baccho
570 1873 658 1936 mella
679 1883 799 1953 reperta
821 1874 939 1936 lerunt.

137 1961 201 2024 lbat
223 1961 369 2023 harenoso
393 1965 500 2042 satyris
524 1965 680 2024 comitatus
704 1962 740 2024 ab
763 1961 881 2042 Hebro,
904 1995 940 2006 -

180 2050 246 2112 Non
269 2050 359 2112 habet
380 2053 512 2131 ingratos
535 2049 633 2113 sabula
656 2058 757 2112 nostra
780 2053 862 2113 iocos
885 2084 920 2094 -

137 2139 257 2221 lamque
281 2148 345 2201 erat
367 2140 403 2200 ad
427 2138 589 2219 Rhodopen
612 2140 806 2219 Pangaeaque
829 2138 933 2211 ilorida

685 2235 823 2305 ventum,

69 2329 123 2380 ‘140
181 2316 331 2379 berilerae
355 2318 497 2379 comitum
521 2334 724 2398 concrepuere
747 2334 869 2377 manus.

136 2405 215 2468 Ecce
237 2423 329 2467 novae
353 2413 463 2466 coeunt
486 2405 621 2467 volucres
644 2404 801 2467 tinnitibus
824 2411 923 2485 actae,

182 2493 322 2574 Quosque
345 2502 466 2555 movent
488 2496 604 2555 sonitus
627 2511 695 2555 aera
707 2540 716 2574 ,
740 2502 908 2573 sequuntur
932 2511 1018 2574 apes.

137 2581 255 2661 Colligit
277 2590 412 2643 errantes
435 2589 465 2642 et
487 2584 518 2643 in
542 2582 648 2643 arbore
671 2581 783 2643 claudit
804 2583 885 2642 inani

181 2670 297 2751 Liber,
316 2679 347 2733 et
368 2672 482 2732 inventi
504 2673 635 2750 praemia
658 2669 753 2732 mellis
776 2670 881 2732 habet.

70 2770 123 2823 '145
138 2758 176 2821 Ut
197 2762 289 2840 satyri
312 2758 444 2839 levisque
468 2776 559 2820 senex
583 2760 707 2839 tetigere
730 2777 884 2840 saporem,

71 2892 77 2903 t
181 2846 370 2920 Quaerebant
391 2848 482 2909 ssavos
505 2865 559 2927 per
582 2866 688 2909 nemus
711 2865 798 2910 omne
821 2848 922 2908 savos.

136 2937 227 2998 dudit
248 2938 280 2998 in
303 2955 390 2999 exesa
414 2937 572 2998 stridorem
596 2938 739 2999 examinis
762 2936 862 3017 ulmo,

180 3027 294 3105 Aspicit
317 3034 348 3087 et
370 3043 454 3087 ceras
477 3024 703 3105 dissimulatque
727 3043 836 3104 sene13

137 3111 233 3191 thue
256 3115 340 3192 piger
363 3114 451 3192 pandi
474 3121 558 3194 tergo
581 3112 732 3174 residebat
754 3112 854 3191 aselli,

69 3212 122 3263 ‘loo
180 3200 315 3281 Applicat
337 3201 416 3262 bunc
439 3201 519 3287 ulmo
542 3200 765 3280 corticibusque
787 3203 884 3262 cavis.

137 3288 277 3350 Constllit
299 3291 363 3368 ipse
386 3305 477 3369 super
500 3308 616 3352 ramoso
640 3292 742 3370 stipite
765 3291 871 3368 nixus,

181 3376 278 3457 Atque
300 3378 384 3439 aride
407 3386 514 3440 trunco
538 3379 656 3440 condita
678 3377 764 3439 mella
787 3379 879 3457 petit.

135 3464 215 3527 bliiia
237 3465 417 3528 crabronum
439 3477 549 3529 coeunt
561 3514 570 3546 ,
593 3476 625 3528 ct
646 3468 758 3527 vertice
781 3466 861 3529 nudo

180 3554 300 3636 Spicula
323 3555 477 3637 deligunt,
500 3573 612 3635 oraque
635 3557 709 3616 sima
732 3564 852 3617 notant.
