2467 4042
31 341 542 426 suffundantur-376.
564 343 984 423 xvr.[xv11.1nnnuusu.
1020 340 1077 407 tat

53 509 115 562 345
126 498 266 558 Phasida
281 513 388 573 puppe
402 513 487 558 nova
499 497 585 557 vexit
595 495 765 572 Pagaseius
780 496 882 573 lason,

172 583 275 643 Laesa
289 596 393 657 neque
406 587 455 641 est
469 579 583 641 Coloba
596 579 745 641 Thessala
759 587 839 641 terra
855 598 948 643 manu
1016 623 1020 627 κ

127 667 173 727 Te
189 681 313 742 quoque
330 665 383 741 qui
395 663 511 741 rapuit,
531 664 631 740 rapuit
646 664 782 726 Minoida
796 664 948 726 Theseus:

172 750 262 811 Nulla
277 756 380 810 tamen
394 748 496 810 Minos
515 747 620 809 cretas
637 750 676 809 ad
694 765 777 809 arma
791 757 890 811 vocat.

126 835 242 895 Terror
255 834 286 893 in
300 833 350 893 bis
366 834 437 909 ipso
452 832 550 893 maior
567 835 647 893 solet
661 848 733 893 esse
748 833 879 909 periclo=

57 931 117 984 550
172 917 303 994 Quaque
316 918 425 978 timere
439 916 526 991 libet,
549 917 743 991 pertimuisse
759 917 862 993 pudet.

127 1002 226 1078 linge
239 1009 357 1077 tamen,
380 1001 408 1062 si
422 1003 487 1076 vis,
509 1001 618 1076 ingens
635 1016 822 1077 consurgere
835 1000 964 1062 bellunm

171 1086 211 1147 Et
225 1085 298 1146 mihi
316 1093 386 1147 sunt
398 1086 498 1159 vires,
522 1092 552 1146 et
568 1102 638 1147 mea
652 1086 714 1146 tela
726 1093 847 1147 nocent.

126 1171 196 1231 Nee
206 1171 309 1248 minor
323 1177 372 1231 est
385 1170 496 1245 Asiae,
520 1186 611 1245 quam
625 1176 749 1230 vestrae
764 1170 854 1245 eopia
868 1175 982 1230 terraer

171 1255 229 1314 ltla
243 1255 319 1316 viris
333 1252 440 1328 dives,
462 1254 551 1315 dives
568 1254 705 1315 abundat
720 1253 818 1330 equis.

60 1351 117 1403 ³55
126 1339 195 1399 Nee
208 1341 280 1414 plus
295 1338 421 1399 Atrides
437 1337 528 1399 animi
541 1337 702 1399 Menelaus
719 1337 852 1409 habebit,

173 1422 272 1497 Quam
286 1422 390 1499 Paris,
414 1428 465 1483 aut
481 1422 572 1484 annis
589 1422 805 1483 anteferendus
820 1422 884 1482 en‘t.

128 1508 232 1568 Paene
247 1522 328 1584 puer
341 1506 443 1568 eaesis
460 1506 593 1567 abducta
611 1515 747 1567 armenta
763 1505 868 1582 recept

171 1590 337 1667 Hostibus,
357 1596 389 1651 et
402 1605 528 1651 eausam
543 1591 676 1652 nominis
690 1591 762 1651 inde
778 1591 842 1652 tuli.

127 1676 230 1735 Paene
247 1690 326 1752 puer
340 1674 469 1736 iuvenes
485 1675 572 1736 vario
590 1677 755 1736 conamine
768 1676 840 1750 vici,

64 1771 118 1826 360
172 1761 206 1819 In
223 1758 336 1836 quibus
351 1757 487 1821 Ilioneus
501 1758 747 1836 Deiphobusque
762 1759 825 1820 tuit.

126 1845 215 1904 Neve
230 1850 337 1920 putes,
357 1860 420 1904 non
435 1859 484 1904 me
499 1844 558 1905 nisi
575 1844 746 1905 domminus
762 1858 834 1904 esse
850 1844 1030 1903 timendumr

170 1927 288 2003 Figitur
302 1929 333 1988 in
349 1927 560 2006 iussonostra
574 1928 685 2004 sagitta
700 1930 780 1989 loco.
807 1950 808 1955 ¹

126 2013 207 2072 Num
222 2018 314 2089 potes
329 2011 408 2072 haee
421 2012 465 2072 illi
480 2011 597 2090 primae
612 2012 687 2073 dare
702 2015 781 2074 laeta
795 2012 945 2085 iuventae,

170 2097 327 2157 Instruere
343 2096 470 2157 Atriden
486 2113 558 2157 num
574 2104 664 2172 potes
679 2104 743 2159 arte
757 2102 847 2158 meat

65 2191 116 2245 365
128 2180 238 2241 Omnia
254 2180 280 2241 si
295 2179 437 2256 dederis,
460 2180 607 2256 numquid
624 2180 712 2244 dabis
726 2183 860 2243 Hectora
874 2180 1018 2239 tratrem!

169 2265 259 2327 Unus
274 2265 302 2325 is
317 2264 467 2325 innumeri
482 2265 584 2325 militis
600 2265 697 2326 instar
708 2266 810 2326 babet.

127 2349 207 2423 Quid
226 2351 347 2410 valeam
362 2350 481 2425 neseis,
503 2357 532 2410 et
547 2356 577 2410 te
592 2365 660 2410 mea
675 2349 788 2412 robora
805 2351 927 2412 lallunts

170 2433 316 2509 Ignoras,
341 2434 390 2494 oui
405 2433 449 2494 sis
464 2440 559 2509 nupta
572 2434 673 2495 lutura
687 2436 765 2496 viro.
812 2513 814 2516 v

125 2518 190 2579 Aut
203 2517 296 2594 igitur
312 2518 396 2579 nullo
410 2517 482 2577 belli
497 2524 636 2594 repetere
654 2520 792 2595 tumultu,

65 2608 117 2664 tto
170 2602 232 2663 Aut
246 2602 359 2662 cedent
373 2602 461 2662 marti
475 2603 587 2663 Dorica
602 2609 703 2665 eastra
717 2620 797 2666 meo.

126 2685 192 2747 Nee
204 2692 309 2747 tamen
323 2685 464 2762 indigner
480 2702 537 2762 pro
552 2693 636 2747 tanta
650 2704 772 2750 sumere
787 2690 898 2749 lenum

172 2767 319 2846 Coniuge.
342 2776 495 2831 certamen
512 2770 648 2846 praemia
662 2788 772 2849 magna
785 2782 918 2835 movent

127 2855 174 2915 Tu
190 2868 333 2930 quoque,
355 2853 382 2914 si
399 2854 439 2914 de
454 2861 486 2914 te
502 2860 584 2917 totus
602 2858 793 2919 contenderit
808 2857 902 2929 orbis,

169 2938 288 3000 Nomen
304 2936 344 2998 ab
359 2944 483 2999 aeterna
499 2940 678 3015 posteritate
693 2942 791 3005 leres=

68 3028 114 3085 375
125 3021 191 3100 Spe
204 3022 301 3085 modo
316 3038 379 3083 non
393 3023 499 3084 timida
514 3024 563 3084 dis
577 3025 649 3085 bino
665 3042 793 3101 egressa
809 3026 955 3088 secundis

170 3106 269 3183 Exige
283 3122 353 3168 oum
368 3107 460 3185 plena
475 3124 600 3170 munera
616 3116 706 3186 poeta
720 3112 791 3172 fide.

515 3325 664 3388 xvt..

127 3404 221 3505 Nune
237 3445 346 3506 oeulos
361 3452 495 3506 tuarum
511 3445 632 3506 violarit
649 3446 779 3521 epistola
795 3455 930 3521 nostros,

171 3528 236 3589 Non
253 3528 445 3590 rescribendi
462 3530 560 3604 gloria
578 3530 646 3590 visa
664 3530 751 3591 levis.

128 3613 233 3674 Ausus
249 3630 285 3675 es
300 3613 426 3690 hospitii
443 3613 612 3688 temeratis,
637 3614 773 3685 advena,
793 3614 889 3674 saeris
