2467 4042
152 247 217 313 236
314 265 466 303 mucrone
562 245 743 302 nuruum.

242 411 338 492 [Quae
361 410 432 475 dum
454 419 516 474 tota
537 411 611 473 loeis
634 411 837 474 reminiscitur
859 420 925 475 acta
936 460 947 495 ,
969 412 1163 494 fretumque]

175 512 226 563 717
240 502 409 581 Prospicit:
431 502 463 562 in
485 499 596 578 liquida
608 546 618 580 ,
641 502 736 579 spatio
759 500 910 582 distante,
933 509 1036 563 tuetur

240 590 347 652 Nescio
361 587 432 669 quid
446 590 532 667 quasi
545 604 674 669 corpus,
692 605 784 667 aqua.
806 590 982 671 primoque,
1001 590 1077 669 qaid
1095 590 1174 652 illud

240 677 345 758 Esset,
367 684 432 763 erat
450 675 592 738 dubium.
620 683 777 757 postquam
795 676 918 756 paulum
935 679 1049 758 appulit
1069 679 1152 740 unda
1162 728 1173 759 ,

239 766 299 848 Et,
322 767 456 846 quamvis
479 764 580 825 aberat
592 811 601 845 ,
626 782 735 844 corpus
757 771 856 826 tamur
880 782 947 826 esse
969 766 1125 849 liquebat,

241 855 299 927 Qu
316 855 413 935 17777,
430 855 587 934 ignorans,
606 854 676 933 quia
694 853 872 934 naufragus,
891 856 990 915 omine
1004 862 1089 916 mota
1107 864 1173 938 est,

175 941 299 1025 ttulit,
317 950 468 1022 umquam
486 943 586 1021 ignoto
604 939 757 1004 lacrimam
774 940 881 1023 daret,
900 937 993 1004 ‘beul
1011 938 1138 1025 miser,'

1068 1034 1173 1111 lnquit

241 1117 395 1200 ‘Quisque
408 1136 456 1200 es,
470 1125 501 1179 et
514 1119 599 1197 siqua
612 1126 660 1179 est
673 1119 803 1179 coniunx
816 1117 871 1180 tibi
877 1113 897 1179 l'
911 1118 1053 1181 ductibus
1066 1129 1171 1182 actum

240 1209 288 1270 Fit
308 1209 433 1289 propius
456 1223 587 1286 corpus.
616 1205 695 1285 quod
718 1224 777 1286 quo
801 1209 893 1286 magis
906 1207 966 1268 1117
987 1214 1114 1292 tuetur,

239 1296 303 1358 Hoc
330 1298 430 1357 minus
456 1302 488 1356 et
514 1297 613 1356 nunus
636 1302 684 1355 est
709 1296 839 1356 mentis.
870 1296 930 1356 lam
956 1297 1077 1376 iamque

978 1386 1169 1465 propinquae

239 1472 398 1535 Admotum
420 1479 542 1553 terrae,
563 1473 623 1533 iam
644 1471 724 1550 quod
748 1489 929 1551 cognoscere
951 1480 1072 1555 posset,
1121 1549 1124 1552 ῃ

174 1573 225 1625 tto
241 1561 365 1624 Cernitr
387 1568 453 1622 erat
474 1562 625 1622 coniunx.
654 1554 714 1621 ‘ille
737 1554 817 1644 estl'
841 1559 1007 1642 exclamat,
1030 1569 1061 1622 et
1081 1580 1144 1623 una

240 1650 300 1712 Ora
322 1665 422 1710 comas
443 1656 557 1710 restem
578 1647 710 1729 1777777,
734 1646 919 1728 tendensque
941 1656 1109 1711 trementes

238 1737 283 1800 Ad
306 1735 401 1817 Ceyca
422 1730 528 1798 manus
551 1731 607 1797 ‘sie
619 1783 629 1817 ,
651 1755 669 1796 o
692 1738 844 1798 carissime
868 1738 1016 1818 coniunx,

232 1826 289 1901 517
312 1825 349 1886 ad
371 1843 442 1907 me,
464 1824 654 1906 miserande,
676 1819 799 1885 redisi'
822 1826 885 1886 ait.
912 1824 1028 1887 adiacet
1049 1825 1140 1888 undis

239 1915 328 1976 Facta
350 1931 439 1975 manu
462 1912 577 1994 moles,
600 1930 676 1992 quae
698 1915 810 1992 primas
832 1915 971 1993 aequoris
993 1916 1055 1993 lpas

174 2016 225 2067 777
239 2003 361 2082 Frangit
382 2009 414 2063 et
435 2004 575 2063 incursus
598 2018 673 2081 quae
695 2000 896 2081 praedelassat
917 2019 1079 2081 aquarum.

239 2090 334 2153 Insilit
351 2089 428 2151 huc.
450 2091 619 2169 mirumque
633 2090 691 2150 iuit
703 2085 863 2169 potuisse?
884 2089 1018 2166 volabat,
1037 2103 1159 2147 777777.

238 2179 474 2260 Percutiensque
496 2176 592 2239 levem
613 2176 802 2238 modonatis
824 2181 893 2239 7777
915 2180 1043 2262 pennis,

240 2265 410 2347 stringebat
432 2283 562 2328 summas
576 2265 647 2327 ales
668 2265 845 2327 miserabilis
867 2265 981 2348 undas,

238 2356 374 2435 Dumque
396 2354 496 2436 volat,
523 2361 636 2416 maesto
660 2353 786 2415 similem
807 2354 989 2433 plenumque
1013 2356 1160 2436 querellae

173 2444 299 2508 777077
321 2442 430 2506 dedere
453 2460 561 2507 sonum
582 2443 667 2503 777771
689 2444 863 2522 crepitantia
885 2450 1002 2505 rostro.

174 2546 181 2561 ·
238 2531 369 2595 1177777
393 2534 491 2611 tetigit
512 2539 628 2592 mutum
652 2537 684 2591 et
705 2532 769 2591 sine
791 2533 934 2610 sanguine
957 2549 1085 2615 corpus,

238 2620 368 2682 Dilectos
391 2627 474 2681 artus
496 2619 629 2700 amplexa
651 2618 823 2681 recentibus
845 2619 899 2680 alis
906 2666 917 2701 ,

154 2755 157 2761 .
238 2708 356 2788 Frigida
378 2709 559 2787 nequiquam
582 2707 657 2769 duro
680 2706 762 2768 dedit
784 2707 884 2768 oscrrla
906 2715 1037 2770 rostro.¹

240 2797 374 2859 Senserit
395 2796 453 2858 hoc
476 2793 576 2877 Ceyx,
599 2813 637 2856 an
660 2795 774 2858 voltum
795 2795 925 2857 motibus
948 2796 1046 2859 undae

174 2896 225 2949 747
239 2885 357 2950 Tollere
379 2887 418 2947 sit
440 2886 521 2947 visus
533 2932 543 2966 ,
565 2883 693 2964 populus
716 2882 889 2946 dubitabat.
916 2884 1019 2946 atille
1118 2915 1123 2923 ·

240 2974 402 3037 Senserat.
430 2981 463 3034 et
482 2972 623 3053 tandem,
646 2974 763 3052 superis
786 2970 1020 3055 miserantibus,
1043 2973 1130 3036 ambo

238 3062 315 3124 Alite
337 3052 512 3123 mutantur.
539 3062 607 3122 iotis
630 3059 776 3122 obnoximr
797 3060 893 3122 isdem
1047 3075 1071 3119 r.
1084 3075 1156 3117 unx.

239 3150 324 3211 Tunc
347 3167 465 3229 quoque
489 3152 596 3211 mansit
618 3167 701 3209 amor
712 3196 723 3231 ,
745 3166 801 3210 nec
820 3148 988 3228 'coniugiale
1012 3149 1142 3214 solutum

239 3237 355 3299 Foedus
378 3240 410 3298 iu
432 3236 573 3299 alitibus.
601 3244 711 3299 coeunt
723 3284 732 3318 ,
754 3238 889 3317 fiuntque
911 3246 1070 3318 parentes:

173 3337 224 3388 747
238 3325 356 3405 Perque
380 3325 444 3387 dies
466 3324 596 3405 placidos
618 3323 745 3387 hiberno
767 3333 903 3405 tempore
926 3335 1051 3405 septem·

239 3413 363 3476 lnoubat
385 3413 513 3493 Alcyone
535 3412 734 3494 pendentibus
758 3431 887 3493 aequore
910 3414 1005 3478 nidis.

238 3502 324 3563 'lunc
346 3505 423 3563 iacet
445 3501 525 3563 unda
547 3504 659 3563 maris.
686 3510 797 3564 ventos
814 3501 945 3564 custodit
967 3511 999 3563 et
1020 3514 1104 3566 arcet

238 3588 346 3650 Aeolus
370 3607 514 3671 egressu,
536 3596 727 3671 praestatque
750 3589 909 3671 nepotibus
931 3608 1061 3673 aequor.
