2467 4042
387 240 426 302 8
1208 240 1616 304 AMORUM

639 391 847 453 Verba
878 394 982 457 dat
1010 392 1072 452 in
1104 400 1321 459 ventos
1353 409 1501 454 aure
1528 396 1779 470 repulsa
1807 401 1952 459 tua?

550 477 662 549 At,
705 477 982 554 memini,
1024 479 1255 554 prim0,
1285 492 1442 545 ,cum
1471 486 1532 539 te
1571 479 1771 540 celare
1803 479 2118 556 volebam,

635 561 897 637 Pervigil
926 563 988 622 in
1020 562 1265 624 mediae
1292 562 1500 624 sidera
1533 563 1732 625 noctis
1765 580 1923 624 eras.

469 655 534 709 45
556 645 837 707 Forsitan
871 653 932 707 et
957 652 1161 707 tecum
1193 651 1298 706 tua
1313 663 1490 708 nunc
1518 648 1850 723 requiescit
1883 649 2099 710 amica.

633 731 798 804 Heu,
844 730 1064 793 melior
1093 736 1318 808 quanto
1356 748 1494 793 sors
1530 737 1636 794 tua
1664 739 1831 794 sorte
1858 741 2025 794 mea!

550 816 894 877 Dummodo
926 814 1048 890 sic,
1097 816 1158 877 in
1194 830 1293 875 me
1325 815 1514 876 durae
1550 818 1804 879 transite
1834 824 2116 878 catenae!

631 901 935 976 Tempora
963 901 1163 961 noctis
1195 906 1358 961 eunt.
1417 907 1638 962 excute
1663 908 1847 977 poste
1884 911 2115 962 seram!

547 983 860 1060 Fallimur,
909 1001 988 1045 an
1015 1000 1200 1047 verso
1232 991 1572 1045 sonuerunt
1601 986 1847 1046 cardine
1878 993 2129 1062 posteS,

464 1078 532 1129 50
636 1070 974 1145 Raucaque
1004 1083 1349 1131 concussae
1375 1068 1553 1144 signa
1584 1069 1814 1130 dedere
1843 1070 2009 1131 fores
2027 1077 2057 1130 9

545 1152 847 1213 Fallimur.
900 1153 1146 1230 inpulsa
1177 1159 1274 1214 est
1300 1152 1581 1215 animoso
1613 1152 1798 1214 ianua
1823 1160 2031 1215 vento.

627 1236 699 1297 Ei
728 1237 906 1314 mihi,
938 1255 1119 1314 quam
1157 1239 1342 1312 longe
1374 1253 1550 1313 spem
1584 1239 1718 1298 tulit
1746 1254 1897 1300 aura
1924 1247 2154 1300 meam!

545 1319 611 1381 Si
642 1322 793 1382 satis
821 1338 892 1384 es
926 1322 1172 1398 raptae,
1216 1320 1450 1396 Borea,
1495 1337 1731 1383 memor
1759 1320 2100 1400 Orithyiae,

628 1406 762 1467 Huc
792 1407 974 1480 adea,
1023 1414 1083 1468 et
1116 1406 1341 1466 surdas
1382 1405 1630 1467 flamine
1661 1407 1852 1468 tunde
1883 1407 2053 1468 foriS.

458 1496 526 1550 55
548 1489 716 1551 Urbe
745 1491 927 1552 silent
956 1497 1111 1564 tota,
1158 1492 1486 1566 vitreoque
1525 1490 1835 1553 madentia
1863 1507 2003 1552 rore

408 1595 476 1608 -κ
626 1576 931 1651 Tempora
959 1574 1159 1636 noctis
1190 1582 1356 1639 eunt.
1407 1581 1625 1636 excute
1657 1582 1837 1652 poste
1865 1591 2095 1651 seram,

543 1658 670 1720 Aut
701 1675 816 1735 ego
841 1659 964 1720 iam
999 1660 1290 1735 ferroque
1315 1659 1565 1736 ignique
1600 1659 1871 1736 paratior
1899 1659 2069 1736 ipse,

628 1743 820 1818 Quem
851 1745 987 1805 face
1016 1745 1325 1816 sustineo,
1370 1751 1531 1804 tecta
1557 1743 1829 1821 superba
1856 1750 2077 1821 petam.

539 1827 678 1888 Nox
708 1834 769 1889 et
797 1828 995 1890 Amor
1021 1829 1359 1904 vinumque
1389 1827 1537 1889 nihil
1569 1828 1947 1894 moderabile
1977 1829 2270 1892 suadentz

453 1918 522 1973 60
628 1912 739 1973 Illa
769 1913 1011 1990 pudore
1039 1920 1252 1988 vacat,
1294 1911 1479 1973 Liber
1513 1912 1833 1991 Amorque
1858 1920 2043 1974 metu.

538 1995 754 2058 Omnia
790 1998 1170 2074 consumpsi.
1231 2012 1348 2056 nec
1377 2003 1437 2056 te
1471 1998 1887 2073 precibusque
1916 1998 2225 2075 minisque

621 2080 965 2156 MovimuS,
1012 2099 1050 2143 o
1084 2081 1321 2143 foribus
1353 2080 1561 2142 durior
1589 2081 1726 2158 ipse
1757 2083 1921 2144 tuis?

534 2165 668 2225 Non
699 2173 760 2227 te
794 2167 1105 2229 formosae
1140 2165 1344 2226 decuit
1373 2181 1628 2225 servare
1658 2167 1901 2242 puellae

620 2249 874 2311 Limina.
935 2249 1199 2312 sollicito
1231 2264 1480 2311 carcere
1514 2249 1738 2325 dignus
1774 2267 1935 2312 eras,

450 2341 519 2396 65
541 2333 796 2410 Iamque
824 2335 1159 2412 pruinosos
1191 2333 1435 2395 molitur
1458 2334 1705 2396 Lucifer
1737 2351 1921 2410 axeS,

620 2419 815 2494 Inque
844 2436 1023 2482 suurn
1051 2419 1316 2480 miseros
1346 2417 1573 2480 excitat
1608 2419 1740 2480 ales
1773 2435 1952 2496 opus,

535 2503 619 2563 At
645 2509 740 2577 tu,
782 2520 906 2566 non
935 2503 1113 2566 laetis
1146 2502 1420 2565 detracta
1452 2503 1683 2565 corona
1715 2504 1987 2580 capillis,

621 2588 784 2647 Dura
806 2604 998 2666 super
1023 2594 1151 2650 tota
1175 2587 1384 2649 limina
1415 2593 1594 2648 nocte
1623 2586 1776 2648 iace.

533 2672 621 2732 Tu
653 2672 968 2750 dominae,
1017 2688 1156 2735 cum
1176 2678 1237 2733 te
1268 2671 1603 2749 proiectam
1631 2688 1812 2733 mane
1839 2672 2104 2750 videbit,

449 2764 513 2812 'sn
625 2756 941 2832 Temporis
971 2756 1280 2833 absumpti
1306 2764 1431 2818 tam
1460 2757 1619 2818 male
1645 2756 1821 2819 testis
1852 2756 1994 2818 eris.

537 2840 1036 2917 Qualiscumque,
1082 2842 1259 2917 vale,
1307 2840 1591 2918 sentique
1621 2840 1903 2904 abeuntis
1933 2841 2258 2919 honorem,

625 2924 835 2999 Lente,
873 2942 989 2987 nec
1025 2927 1301 2989 admisso
1330 2926 1525 3002 turpis
1562 2933 1864 2987 amante...
1896 2928 2063 2988 vale!

537 3012 665 3072 Vos
701 3026 977 3095 quoque,
1013 3012 1297 3072 crudeles
1327 3009 1527 3087 rigido
1560 3026 1696 3072 cum
1726 3009 1932 3073 limine
1961 3018 2209 3088 postes,

621 3096 909 3171 [luraque
939 3110 1284 3159 conservae
1314 3096 1509 3171 ligna,
1539 3097 1770 3171 valete,
1802 3097 1989 3157 fores.

415 893 499 920 N

425 3224 477 3316 7
545 3228 728 3321 Alide
765 3276 983 3323 manus
1014 3263 1073 3322 in
1103 3264 1309 3323 vincla
1336 3279 1580 3337 meas‚..
1612 3279 1893 3325 meruere
1922 3270 2236 3325 catenas...

621 3344 770 3405 Dum
807 3345 977 3408 furor
1005 3347 1203 3409 omnis
1227 3346 1382 3422 abit,
1416 3347 1614 3423 siquis
1645 3348 1880 3410 amicus
1911 3348 2086 3409 ades.

533 3432 677 3488 Nam
712 3429 885 3491 furor
923 3430 985 3490 in
1019 3431 1329 3494 dominam
1359 3432 1681 3494 temeraria
1712 3431 1967 3495 brachia
1994 3431 2204 3493 movit.

617 3516 746 3576 Flet
773 3530 911 3575 mea
940 3530 1213 3576 vaesana
1251 3518 1424 3579 laesa
1454 3518 1660 3594 puella
1694 3533 1895 3578 manu.
