2467 4042
183 229 250 295 354
588 231 781 284 rusrouuu

271 394 409 455 Gramina
431 397 571 456 continuo
594 392 699 456 loculis
722 395 871 474 depromit
893 396 1051 462 eburnis:

205 496 256 544 tau
314 483 491 544 Proluerant
513 482 615 543 Glauci
639 481 775 544 manibus
796 483 844 544 illa
867 488 976 563 prius.

271 570 369 648 [Tunc
381 617 390 651 ,
413 588 481 631 cum
504 570 674 631 observatas
692 573 796 650 anguis
815 572 975 635 descendit
1000 576 1042 636 ad
1068 577 1188 657 umbras,

314 658 391 719 Usus
415 667 445 719 et
467 656 574 719 auxilio
597 666 643 718 est
665 661 770 737 anguis
792 657 828 721 ab
851 678 951 739 angue
976 663 1088 742 dato]

268 747 393 807 Pectora
415 754 462 807 ter
484 748 603 827 tetigit,
625 753 672 806 ter
695 746 785 808 verba
806 747 937 809 salubria
962 749 1064 814 dixit:

313 834 485 913 Depositum
508 843 588 895 terra
610 833 731 894 sustulit
753 835 805 896 ille
825 844 931 915 caput.

204 935 254 983 ‘155
269 921 368 982 Lucus
391 939 460 982 eum
481 921 678 1001 Nemorisque
700 924 767 1003 tui,
790 923 958 1007 Dictynna,
982 945 1132 990 recessus

315 1009 417 1070 Colat:
448 1008 569 1070 Aricino
591 1009 710 1070 Virbius
732 1010 781 1072 ille
804 1009 887 1073 lacu.

267 1097 304 1159 At
327 1097 484 1175 Clymenus
507 1096 671 1176 Clothoque
693 1097 811 1160 dolent:
842 1099 938 1180 baec,
962 1101 1017 1161 tila
1044 1108 1158 1184 reneri,

310 1183 388 1263 llic,
410 1186 477 1246 lieri
499 1187 584 1264 regni
605 1188 671 1245 iura
693 1188 807 1247 minora
830 1189 893 1247 sui.
1202 1208 1203 1211 ¹

266 1272 420 1354 luppiter,
444 1273 610 1351 exemplum
633 1276 767 1354 veritus,
790 1274 898 1335 direxit
918 1277 953 1336 iu
976 1279 1084 1356 ipsum
1202 1328 1203 1335 ,

204 1373 255 1423 rto
313 1360 470 1442 Fulmina,
492 1363 544 1440 qui
566 1363 674 1422 nimiae
698 1370 829 1423 moverat
850 1365 922 1424 artis
947 1382 1061 1443 opem,

265 1447 384 1510 Phoebe
396 1496 406 1528 ,
429 1447 624 1528 querebaris:
656 1449 730 1510 deus
754 1458 822 1532 est,
843 1449 961 1530 placare
984 1457 1127 1535 parenti3
1202 1496 1203 1533 ,

309 1536 436 1616 Propter
458 1544 511 1618 te,
532 1537 598 1597 lieri
621 1536 700 1616 quod
722 1545 802 1599 vetat
814 1584 823 1618 ,
846 1540 909 1618 ipse
932 1540 1030 1601 lacit.

433 1648 485 1713 21.
507 1644 570 1711 Du
615 1648 667 1712 22.
690 1645 750 1713 EO
795 1649 847 1713 23.
869 1647 927 1714 FO

265 1755 330 1816 Non
354 1774 408 1835 ego
431 1763 484 1837 te,
507 1758 640 1835 quamvis
662 1755 836 1836 properabis
858 1758 999 1838 vincere,
1028 1760 1152 1840 Caesar,
1202 1748 1203 1819 l

310 1844 342 1904 Si
364 1852 444 1905 vetet
465 1846 653 1923 auspicium,
676 1846 758 1922 signa
780 1862 899 1905 movere
921 1845 1035 1908 velim.
1202 1844 1203 1859 ¹

201 1944 251 1994 tta
267 1930 333 1993 Sint
355 1930 410 1992 tibi
433 1930 593 1992 Flaminius
616 1930 846 2010 Trasimenaque
869 1930 955 1992 litora
978 1940 1099 2017 testes,
1202 1946 1203 2013 ξ

311 2019 370 2080 Per
391 2018 526 2103 volucres
549 2035 660 2098 aequos
683 2020 773 2080 multa
796 2034 917 2080 monere
939 2020 1037 2084 deos.
1202 2024 1203 2037 ¹

264 2107 410 2186 Tempora
433 2108 459 2168 si
482 2109 590 2168 veteris
613 2109 732 2186 quaeris
755 2109 909 2168 temeraria
932 2107 1060 2191 damni,

308 2194 438 2266 Quartus
461 2193 497 2255 ab
521 2202 653 2255 extremo
676 2212 778 2255 mense
801 2192 846 2254 bis
869 2193 918 2255 ille
940 2194 1029 2258 dies.
1202 2242 1203 2281 ,

264 2283 385 2343 Postera
403 2281 454 2343 lux
473 2282 595 2343 melior.
628 2291 749 2362 superat
762 2278 915 2343 lllasinlssa
929 2280 1118 2368 Syphacem,
1131 2299 1178 2350 ruti
1202 2292 1203 2321 ³

199 2383 249 2432 770
307 2369 345 2430 Et
368 2371 475 2432 cecidit
497 2370 564 2431 telis
587 2366 753 2435 Hasdrubal
775 2371 838 2449 lpse
861 2371 939 2431 suis.

607 2481 659 2545 24.
683 2479 743 2545 ud

263 2588 409 2669 Tempora
431 2589 593 2670 labuntur,
616 2591 773 2668 tacitisque
796 2590 980 2650 senescimus
1003 2597 1111 2675 annis,

309 2676 347 2738 Et
370 2677 488 2756 lugiunt
510 2678 595 2738 lreno
618 2695 678 2738 non
701 2686 867 2738 remorante
890 2677 972 2739 dies.

234 2780 238 2786 ·
264 2764 359 2836 Quam
381 2767 440 2826 cito
464 2773 610 2827 venerunt
633 2764 781 2827 Fortunae
803 2764 902 2825 Fortis
923 2764 1077 2829 bonores!

307 2853 378 2914 Post
401 2861 514 2932 septem
536 2854 620 2915 luces
642 2852 745 2914 lunius
768 2860 853 2914 actuo
876 2854 948 2915 erlt.

199 2954 248 3003 777
263 2939 328 3022 lte,
353 2941 437 3002 dcam
460 2940 528 3001 laeti
550 2940 669 3003 Fortem
693 2940 862 3021 celebrate,
885 2939 1037 3012 Quirites!

307 3029 341 3090 ln
364 3028 481 3091 Tiberis
502 3031 567 3109 ripa
589 3048 713 3091 munera
736 3032 814 3108 regis
837 3027 942 3089 habet.

263 3116 335 3178 Pars
358 3116 455 3197 pede,
477 3135 547 3196 pars
570 3120 658 3179 etiam
682 3116 772 3178 celeri
795 3116 944 3177 decurrite
965 3116 1094 3197 cumba,

309 3203 370 3265 Nec
393 3204 503 3284 pudeat
525 3213 610 3284 potos
633 3205 701 3265 inde
725 3204 822 3265 redire
846 3204 983 3265 domum.

263 3292 351 3354 Ferte
374 3300 531 3354 coronatae
554 3296 693 3355 iuvenum
716 3294 847 3354 convivia
870 3292 993 3371 lintres,
1202 3276 1203 3363 l

198 3392 249 3441 tao
307 3380 456 3460 Multaque
480 3396 533 3461 per
557 3382 668 3442 medias
690 3384 756 3442 rina
779 3380 918 3441 bibantur
940 3394 1049 3458 aquas.
1202 3366 1203 3395 ¹

263 3467 350 3529 Plebs
374 3468 563 3548 colitbanc,
586 3472 654 3548 quia
677 3472 730 3548 qui
752 3471 873 3548 posuit,
896 3468 932 3528 de
955 3465 1042 3547 plebe
1066 3467 1161 3527 luisse

307 3554 438 3632 Fertur,
461 3563 491 3615 et
513 3574 550 3615 ex
572 3555 676 3616 humili
699 3567 814 3634 sceptra
838 3556 942 3617 tulisse
964 3553 1047 3615 loco.
