2467 4042
372 231 483 296 178
1084 231 1366 294 ARTIS
1403 232 1682 296 ΑΜΑΤ.

529 386 664 446 Sed·
683 401 979 461 propera,
1023 403 1100 447 ne
1128 387 1267 446 vela
1297 386 1518 448 cadant
1545 402 1858 463 auraeque
1887 388 2182 447 residant.

612 470 690 530 Ut
718 470 950 544 fragilis
980 470 1242 544 glacies,
1288 470 1489 530 interit
1517 472 1607 529 ira
1634 487 1827 532 mora.

401 560 501 614 375
529 554 810 628 Quaeris,
859 569 935 612 an
968 553 1125 614 hanc
1158 553 1356 629 ipsam
1389 555 1581 630 prosit
1612 555 1839 615 violare
1869 554 2256 616 ministrmnv

609 637 854 696 Talibus
885 638 1175 698 admissis
1205 638 1339 696 alea
1368 638 1618 712 grandis
1648 638 1824 702 inest.

529 723 694 781 Haec
723 739 758 781 a
790 721 1116 782 concubitu
1146 723 1212 782 fit
1244 721 1489 796 sedula,
1539 723 1768 782 tardior
1795 723 1915 782 illa.

611 806 777 865 Haec
809 805 1091 865 dominae
1125 821 1347 866 munus
1381 811 1437 865 te
1470 814 1670 880 parat,
1718 807 1820 866 illa
1848 807 1983 866 sibi.
2066 806 2078 814 '

529 890 722 949 Casus
754 889 812 948 in
846 895 1067 949 eventu
1095 897 1205 950 est.
1255 889 1395 948 licet
1424 889 1521 950 hic
1548 882 1860 965 indulgeat
1892 889 2082 950 ausiS.

401 982 505 1036 380
609 972 939 1033 Consilium
968 980 1170 1033 tamen
1201 980 1297 1034 est
1323 972 1696 1034 abstinuisse
1727 990 1947 1034 meum.

526 1059 657 1118 Non
690 1073 806 1132 ego
839 1073 948 1132 per
979 1072 1278 1133 praeceps
1310 1064 1370 1117 et
1398 1065 1578 1118 acuta
1608 1059 1925 1119 cacumina
1954 1057 2198 1131 vadam,

608 1142 733 1202 Nec
763 1142 1049 1203 iuvenum
1080 1141 1407 1216 quisquam
1438 1157 1534 1201 me
1564 1142 1722 1203 duce
1749 1140 2131 1218 captuserit.

529 1226 593 1286 Si
623 1233 823 1285 tamen
851 1226 950 1284 illa
979 1224 1116 1300 tibi,
1161 1225 1306 1285 dum
1337 1226 1443 1285 dat
1468 1224 1807 1302 recipitque
1836 1225 2113 1299 tabellas,

612 1309 912 1384 Corpore,
961 1324 1083 1369 non
1120 1315 1351 1369 tantum
1382 1310 1706 1371 sedulitate
1734 1311 1951 1386 placet,

401 1401 503 1455 385
524 1393 647 1454 Fac
675 1393 921 1454 domina
955 1393 1188 1468 potiare
1218 1394 1408 1469 prius.
1454 1409 1662 1454 comes
1694 1394 1795 1453 illa
1824 1399 2140 1467 sequatur.

610 1478 743 1537 Non
769 1477 878 1537 tibi
909 1476 985 1536 ab
1015 1477 1234 1537 ancilla
1266 1483 1361 1538 est
1389 1477 1736 1552 incipienda
1766 1494 1982 1538 venus·

525 1562 657 1622 Hoc
684 1578 870 1622 unum
898 1577 1150 1633 moneo,
1196 1561 1403 1636 siquid
1431 1562 1616 1622 modo
1650 1562 1914 1622 creditur
1941 1560 2073 1634 arti,

610 1646 735 1706 Nec
762 1662 899 1706 mea
928 1646 1090 1706 dicta
1118 1660 1311 1721 rapax
1344 1661 1454 1721 per
1483 1661 1651 1705 mare
1680 1653 1898 1706 ventus
1930 1645 2083 1719 agit:

525 1732 648 1791 Aut
681 1747 1012 1805 numquam
1041 1736 1331 1803 temptes,
1375 1736 1478 1789 aut
1506 1730 1754 1805 perfice.
1801 1729 2030 1790 tollitur
2059 1728 2275 1804 index,

397 1825 501 1879 390
606 1813 755 1874 Cum
783 1816 973 1874 semel
1002 1813 1062 1874 in
1092 1820 1327 1889 partem
1359 1813 1624 1874 criminis
1661 1815 1799 1890 ipsa
1829 1812 2010 1874 venit.

523 1899 656 1959 Non
688 1900 822 1960 avis
848 1899 1074 1960 utiliter
1104 1898 1354 1958 viscatis
1386 1897 1598 1972 effugit
1626 1899 1768 1958 alis:

607 1983 739 2044 Non
768 1982 928 2044 bene
955 1983 1034 2043 de
1063 1982 1221 2042 laxis
1253 1981 1536 2042 cassibus
1565 1982 1690 2042 exit
1719 1998 1886 2057 aper.

524 2065 784 2129 Saucius
815 2072 1060 2142 arrepto
1090 2065 1283 2142 piscis
1315 2073 1590 2127 teneatur
1616 2067 1698 2155 ab
1723 2066 1923 2125 hamo.

604 2150 914 2227 Perprime
944 2157 1322 2226 temptatam,
1365 2165 1478 2209 nec
1507 2150 1625 2210 nisi
1656 2151 1851 2209 victor
1878 2148 1996 2209 abi.

405 2246 501 2298 55}ss
525 2235 647 2295 Sed
679 2234 835 2294 bene
866 2236 1111 2295 celetur.
1158 2235 1317 2294 bene
1347 2234 1400 2294 si
1432 2234 1725 2295 celabitur
1753 2233 1957 2306 index,

606 2318 863 2379 Notitiae
892 2317 1124 2379 suberit
1151 2333 1398 2393 semper
1425 2317 1621 2377 amica
1651 2325 1807 2377 tuae.

525 2402 823 2478 Tempora
853 2402 956 2479 qui
986 2403 1138 2463 solis
1169 2418 1438 2477 operosa
1469 2401 1809 2462 colentibus
1841 2417 2006 2474 arva,

409 2506 497 2550 alu
600 2487 879 2562 Fallitur,
921 2493 984 2548 et
1010 2485 1210 2547 nautis
1242 2485 1600 2561 aspicienda
1629 2493 1815 2561 putat.

525 2571 645 2630 Nec
675 2586 922 2646 semper
950 2570 1262 2631 credenda
1292 2585 1465 2629 ceres
1497 2568 1815 2630 fallacibus
1846 2569 2031 2646 arviS,

607 2655 731 2716 Nec
767 2671 1013 2731 semper
1040 2653 1218 2714 viridi
1251 2669 1525 2714 concava
1557 2655 1785 2729 puppis
1816 2669 2030 2729 aquae,

526 2740 646 2799 Nec
678 2745 922 2800 teneras
951 2753 1195 2814 semper
1223 2745 1413 2798 tutum
1445 2745 1691 2813 captare
1727 2739 1990 2814 puellas=

608 2823 809 2899 Saepe
838 2823 981 2882 dato
1010 2823 1225 2882 melius
1255 2829 1529 2897 tempore
1560 2823 1665 2882 fiet
1692 2822 1875 2882 idem.

405 2922 493 2970 lm
521 2908 666 2967 Sive
696 2908 830 2967 dies
862 2906 1094 2967 suberit
1120 2906 1370 2978 natalis,
1417 2906 1549 2966 sive
1577 2905 1909 2982 Kalendae,

607 2991 768 3067 Quas
804 2993 1108 3051 Venerem
1136 2990 1309 3049 Marti
1343 2990 1738 3051 continuasse
1766 2989 1959 3050 iuvat:

525 3077 666 3134 Sive
696 3076 808 3135 erit
843 3082 1090 3135 ornatus
1125 3088 1246 3134 non
1276 3082 1342 3135 ut
1370 3075 1479 3135 fuit
1508 3082 1675 3146 ante,
1722 3073 1955 3149 sigilliS‚

605 3159 727 3219 Sed
761 3175 968 3234 regum
1002 3158 1235 3234 positas
1268 3158 1479 3220 Circus
1509 3157 1757 3218 habebit
1787 3174 1972 3234 opesz

525 3242 708 3302 Differ
738 3259 912 3319 opus.
961 3250 1102 3304 tunc
1134 3243 1322 3303 tristis
1355 3244 1577 3314 hiemS,
1627 3249 1767 3303 tunc
1795 3242 2035 3302 Pliades
2066 3240 2317 3310 instant.

413 3346 493 3388 ‚nn
599 3326 764 3386 Tunc
795 3335 965 3387 tener
992 3343 1302 3402 aequorea
1330 3327 1618 3402 mergitur
1647 3326 1899 3388 Haedus
1932 3343 2114 3400 aqua.

521 3412 684 3472 Tunc
712 3410 871 3477 bene
900 3411 1209 3472 desinitur.
1258 3418 1402 3471 tunc
1433 3409 1631 3485 siquis
1662 3410 1930 3471 creditur
1959 3411 2101 3484 alto,

602 3495 724 3554 Vix
758 3495 947 3555 tenuit
976 3497 1214 3555 lacerae
1251 3497 1545 3568 naufraga
1574 3495 1846 3555 membra
1874 3493 2039 3554 ratis.
