2467 4042
382 269 488 345 tll,9,
503 268 674 345 ils-11,
689 269 719 333 2.

156 427 200 488 Et
216 434 345 489 veterem
360 441 457 486 curvo
472 424 564 486 dente
578 425 700 486 revellit
713 425 849 486 humum.

72 524 104 576 15
116 512 212 572 Hane
226 511 387 588 quisquam
401 509 536 570 lacrimis
550 509 658 571 laetari
674 510 771 571 eredit
785 518 953 587 amantum,

158 596 203 657 Et
215 596 293 658 bene
307 594 468 656 tormentis
484 591 690 670 secubituque
704 594 786 655 colit

111 682 180 742 Nee
195 687 294 742 tamen
310 686 373 754 est,
398 679 542 755 quamvis
557 694 651 753 agros
668 686 748 740 amet
761 678 813 739 illa
826 680 962 756 leraees,

158 765 295 827 Medea.
325 778 384 824 nee
399 764 525 824 viduum
540 769 652 839 peetus
671 764 786 824 amoris
801 763 902 824 habet.

112 851 224 911 Cretes
240 855 327 909 erunt
340 853 448 929 testes.
477 863 536 908 nee
553 848 673 923 lingunt
688 849 790 908 omnia
804 848 918 909 Cretes.

37 943 104 996 -ro
159 934 265 1007 crete,
286 931 400 994 nutrito
416 938 496 992 terra
510 932 648 1007 superba
664 932 750 993 love.

35 1054 70 1064 -
114 1019 198 1094 illie,
221 1016 374 1078 sideream
388 1015 495 1077 mundi
510 1017 563 1092 qui
578 1021 730 1092 temperat
744 1032 861 1092 arcem,

35 1138 67 1148 -
154 1103 298 1178 Exiguus
315 1109 423 1162 tenero
438 1102 486 1161 lae
500 1100 577 1161 bibit
591 1116 646 1161 ore
664 1117 750 1176 puer.

35 1222 70 1232 -
111 1187 229 1263 Magna
243 1186 322 1247 fides
337 1186 419 1247 testi.
447 1186 535 1247 testis
551 1186 840 1249 laudaturalumno.

154 1272 325 1332 Fassuram
339 1270 482 1332 Cererem
499 1269 627 1332 crimina
645 1276 720 1331 nota
734 1277 819 1346 putu.
866 1275 868 1279 ’

70 1365 105 1418 25
116 1356 249 1416 Viderat
261 1355 377 1416 Iasium
392 1353 521 1415 Cretaea
536 1354 609 1415 diva
624 1354 683 1415 sub
697 1355 751 1415 Ida

154 1440 314 1516 Figentem
333 1446 418 1499 certa
430 1445 517 1513 terga
532 1438 630 1498 lerina
640 1455 741 1499 manu.

110 1525 213 1599 Vidit,
237 1532 268 1585 et
281 1530 315 1585 ut
328 1531 455 1584 tenerae
470 1521 624 1583 flammam
639 1539 774 1599 rapuere
787 1524 955 1597 medullae,

154 1609 236 1669 Hine
249 1608 369 1685 pudor,
390 1608 498 1668 exilia
513 1613 602 1683 parte
614 1607 755 1669 trahebat
769 1626 866 1670 amor.
915 1606 933 1623 ¹*

111 1694 224 1755 Victus
239 1708 346 1754 amore
359 1692 471 1768 pudor.
499 1690 612 1753 Sulcos
627 1707 716 1752 arere
729 1693 869 1767 videres,

72 1783 106 1840 ³⁰
158 1779 198 1838 Et
211 1783 280 1839 sata
294 1792 365 1837 eum
380 1773 505 1836 minima
519 1782 607 1852 parte
622 1776 722 1837 redire
737 1777 794 1839 sui.

114 1861 189 1924 Cum
206 1862 287 1923 bene
301 1859 405 1922 iactati
421 1862 581 1936 pulsarant
594 1876 671 1923 arva
683 1860 821 1937 ligones,

153 1949 293 2023 Ruperat
307 1951 340 2005 et
353 1945 462 2006 diuam
475 1960 586 2007 vomer
598 1942 740 2007 adunans
756 1946 896 2021 humum,

113 2029 300 2107 Seminaque
319 2030 351 2090 in
366 2032 446 2090 latos
461 2030 560 2092 ierant
573 2030 743 2105 aequaliter
756 2047 866 2107 agros,

154 2116 249 2177 inrita
263 2115 387 2191 deeepti
402 2121 474 2176 vota
489 2114 617 2177 uolentis
633 2121 729 2175 erant.

75 2200 194 2262 tellina
209 2207 323 2276 potens
338 2200 460 2274 frugum
477 2199 564 2261 silvis
581 2198 725 2260 cessabat
739 2200 769 2260 in
782 2202 887 2262 altiss

154 2285 343 2347 Deciderant
356 2283 469 2358 langue
482 2283 590 2361 spirea
603 2290 688 2346 serta
702 2299 820 2346 comae.

114 2368 187 2430 Solu
204 2369 258 2430 luit
273 2370 363 2430 crete
379 2368 512 2430 seeundo
529 2367 638 2431 fertilis
653 2384 748 2430 annm

155 2452 279 2527 Omnia,
304 2468 367 2528 qua
379 2452 489 2513 tulerat
502 2468 538 2513 se
553 2453 626 2529 dea,
648 2454 761 2515 messis
777 2463 851 2514 erat.

111 2539 185 2614 lpse
201 2540 290 2600 loeus
306 2552 467 2598 neruorum
483 2537 613 2598 canebat
626 2537 766 2614 frugibus
781 2538 868 2611 ldae,

75 2628 106 2684 le
157 2623 197 2682 Et
215 2624 299 2683 ferus
313 2621 345 2681 in
361 2619 442 2682 silva
456 2621 538 2682 farra
552 2621 686 2685 metebat
700 2638 785 2699 aper.

112 2706 237 2784 Optavit
247 2705 351 2768 blinds
366 2705 483 2767 similes
499 2705 558 2767 sibi
567 2706 682 2783 <legiler
696 2723 804 2769 annas.

155 2790 317 2867 Optasset,
340 2791 460 2853 cerens
475 2793 586 2866 longus
600 2798 635 2852 ut
649 2798 734 2853 esset
749 2806 845 2854 amur.

112 2875 205 2951 Quod
218 2876 272 2936 tibi
287 2875 447 2938 secubitus
461 2876 581 2950 tristes,
604 2876 664 2937 dea
679 2875 781 2951 llava3
802 2876 947 2951 luissent,

155 2961 225 3022 Hae
242 2975 341 3036 rogor
355 2959 454 3022 sacris
471 2976 553 3022 nunc
567 2976 626 3036 ego
642 2961 722 3022 terre
737 2961 807 3022 tuis.

73 3051 103 3107 lt
115 3045 179 3106 Cur
194 3061 252 3121 ego
267 3046 326 3106 sim
343 3044 454 3119 tristis,
476 3060 546 3106 aum
558 3044 599 3107 sit
614 3044 669 3106 tibi
683 3052 755 3109 neta
770 3052 906 3121 reperta,

155 3130 343 3206 Regnaque,
366 3145 457 3205 quam
471 3130 564 3203 luno,
590 3136 676 3192 sorte
689 3131 809 3192 minore
823 3137 929 3207 regati

111 3214 207 3275 Festa
221 3214 288 3276 dies
303 3215 521 3290 Veneremque
538 3221 632 3276 voest
648 3222 820 3291 eamusque
834 3228 1012 3292 merumque

154 3298 241 3359 Haec
255 3299 347 3361 decet
361 3299 403 3361 ad
416 3299 560 3362 domium
574 3315 702 3361 munera
716 3301 797 3361 lerre
811 3300 898 3362 deos.

47 3426 82 3524 Η
112 3429 218 3528 Multa
232 3467 349 3544 diuque
362 3468 428 3529 tuli.
457 3467 538 3531 vitiis
554 3468 700 3544 patientia
716 3469 797 3532 vieta
810 3476 867 3530 est.

158 3551 241 3612 Cede
255 3551 382 3629 fatigato
398 3560 538 3630 pertore,
561 3555 660 3630 turpis
678 3569 765 3614 amar
