2467 4042
198 204 265 271 282
400 222 476 258 orror
613 201 792 257 ΜΕΤΔΜΜ.

222 383 274 433 960
287 369 370 430 Hanc
392 387 447 448 ego
470 377 533 428 tom
555 369 686 447 primum
708 367 833 429 viridem
855 369 1007 449 ierrugine
1030 366 1141 431 hubam

289 457 514 534 Caesariemqne
532 472 651 537 meam,
674 473 762 534 wem
780 456 867 536 longa
884 475 939 537 per
956 475 1085 537 aequora
1101 473 1185 535 verro,

287 545 485 626 lugentesque
508 560 628 604 umeros
651 552 683 606 et
704 544 823 606 caerula
843 543 982 606 bracchia
1005 545 1063 607 ridi

290 634 443 712 Cruraque
466 633 623 712 pinnigero
647 640 768 694 curvata
790 634 949 695 norissima
969 636 1068 714 pisce.

289 721 367 794 Quid
384 728 484 783 tamon
502 719 576 781 haec
593 721 732 802 species,
754 720 826 800 quid
844 722 890 783 dis
907 720 1053 802 placuisse
1070 721 1188 799 monn,

222 822 274 875 too
289 809 366 882 Quid
388 811 470 872 iuvat
492 826 559 871 esso
581 808 692 890 deum,
715 810 741 870 si
763 816 797 871 tu
820 827 880 871 non
902 811 1033 889 tangeris
1054 802 1151 871 istis?

288 898 369 960 Talia
392 897 562 979 dicentem,
584 896 735 959 dicturum
757 897 864 980 dura,
886 898 1008 978 reliquit

238 1021 279 1033 -
295 984 391 1066 Scylla
413 986 538 1047 furens.
565 985 639 1046 furit
660 984 732 1067 ille,
755 988 950 1065 inritatusque
972 986 1088 1068 repulsa

289 1075 461 1155 Prodigiosa
483 1076 559 1154 petit
580 1072 732 1136 Titanidos
755 1077 830 1136 atria
852 1073 972 1138 Circes.

598 1318 812 1330 ——

391 1544 531 1628 tinuit
558 1544 773 1630 QUARTUS
800 1544 1023 1631 antinoo.

290 1693 409 1774 lamque
433 1692 584 1774 Giganteis
605 1695 745 1754 iniectam
767 1693 903 1755 faucibus
925 1694 1040 1757 Aetnen

291 1785 427 1862 Arvaque
451 1781 635 1864 Cyelopum,
657 1781 730 1861 quid
750 1789 870 1862 rastra,
892 1783 964 1861 quid
988 1802 1059 1845 usus
1079 1780 1172 1859 naui,

290 1871 418 1953 Nescia,
440 1888 497 1933 nec
520 1873 679 1950 quicqum
701 1871 811 1932 iunctis
834 1869 973 1932 debentia
996 1871 1105 1951 bubus,

289 1959 431 2039 liquerat
452 1957 604 2020 Euboicus
626 1957 807 2020 tumidarum
830 1958 927 2020 cultor
951 1977 1105 2040 aquarum

260 2048 432 2128 eliqueret
454 2055 485 2108 et
507 2045 635 2108 Zanclen
658 2045 839 2125 adversaque
862 2050 980 2107 moenia
1002 2047 1091 2127 Rhegi

291 2136 539 2215 Naviiragumqne
562 2136 673 2196 fretum
684 2180 695 2216 ‚
717 2135 835 2214 gemino
859 2135 939 2214 quod
967 2136 1053 2197 litore
1073 2147 1187 2215 poenum

291 2225 438 2287 Ausoniae
461 2222 638 2302 Siculaeque
660 2230 744 2284 tenet
766 2223 893 2285 confinia
915 2232 1032 2286 terrae.

291 2312 363 2375 lnde
386 2329 475 2373 mann
498 2329 602 2391 magua
624 2310 778 2390 Tyrrhena
800 2329 855 2392 per
877 2329 1009 2391 aequora
1030 2312 1122 2392 lapsus

291 2399 464 2462 lienbiieros
487 2401 560 2462 adiit
582 2398 672 2461 colles
695 2409 784 2480 atque
807 2402 882 2461 atria
905 2399 1034 2463 Glaucus

244 2501 279 2553 ιο
293 2488 361 2550 Sole
384 2496 464 2551 satae
487 2487 610 2569 Circes,
633 2489 780 2549 variarum
801 2487 890 2567 plena
907 2488 1056 2551 serarum.

293 2577 387 2649 Quam
411 2575 500 2639 simul
522 2577 658 2657 aspexit,
681 2576 760 2638 dicta
782 2585 962 2657 acceptaque
986 2577 1095 2658 salute,

293 2661 397 2747 ‘Diva,
420 2665 469 2727 dei
492 2667 657 2747 miserere,
679 2662 808 2744 procori
830 2683 901 2726 nam
923 2665 985 2727 sola
1007 2665 1101 2727 levare
1224 2668 1225 2671 ’

292 2754 339 2815 'lu
356 2763 443 2833 potes
460 2752 541 2815 hunc
553 2748 574 2834 ‚⁹
593 2751 668 2815 dixit
686 2748 797 2815 ‘videar
815 2752 903 2815 modo
922 2752 1052 2835 dignus·,
1069 2766 1185 2814 amorem.

294 2842 410 2913 Quanta
432 2840 677 2919 eliberitanum,
699 2840 820 2922 Titani,
841 2844 996 2924 potentia,
1019 2842 1088 2904 nulli

246 2942 279 2992 to
294 2931 388 3002 Quam
410 2930 484 2992 mihi
507 2931 678 3011 neguitias,
702 2932 754 3009 qui
776 2948 842 2992 sum
865 2939 997 2993 mutatus
1020 2929 1140 2992 abillis

293 3018 374 3081 Neve
397 3020 457 3080 mei
479 3036 540 3080 non
562 3026 634 3079 nota
655 3017 710 3080 tibi
733 3020 773 3080 sit
795 3036 883 3080 causa
906 3020 1035 3082 luroris:

292 3107 394 3169 Litore
416 3108 448 3168 in
470 3105 594 3188 ltalioo,
616 3105 762 3168 Messenia
784 3108 901 3168 moenia
923 3116 1045 3190 contra,

295 3194 391 3275 Scylla
414 3195 488 3256 mihi
511 3197 572 3256 visa
595 3204 663 3257 est.
690 3195 787 3275 pudor
810 3203 857 3257 est
882 3199 1029 3276 promissa
1051 3204 1185 3276 precesque

294 3282 514 3363 Blanditiasque
537 3301 618 3345 meas
643 3290 870 3364 contemptaque
893 3284 983 3346 verba
1005 3285 1126 3346 referre.

247 3383 281 3435 20
295 3372 333 3433 At
355 3382 388 3434 tu
400 3419 410 3454 ‚
433 3373 495 3433 sive
518 3371 628 3451 aliquid
651 3374 736 3452 regni
760 3374 859 3434 estin
882 3376 1037 3456 cumino,
1058 3384 1156 3434 carmen
1223 3426 1224 3439 ,

297 3459 356 3521 Ore
379 3478 464 3522 move
488 3478 591 3523 sacro:
614 3463 677 3521 sive
699 3463 898 3541 expugnacior
920 3461 1015 3524 herba
1036 3470 1097 3543 est,

295 3545 387 3607 Utere
410 3550 561 3629 temptatis
585 3566 728 3629 operosae
750 3548 864 3612 viribus
886 3549 1014 3614 herbae.
