<?xml version="1.0" encoding="UTF-8"?>
<!DOCTYPE html PUBLIC "-//W3C//DTD XHTML 1.0 Transitional//EN"
    "http://www.w3.org/TR/xhtml1/DTD/xhtml1-transitional.dtd">
<html xmlns="http://www.w3.org/1999/xhtml" xml:lang="en" lang="en">
 <head>
  <title>
</title>
<meta http-equiv="Content-Type" content="text/html;charset=utf-8" />
  <meta name='ocr-system' content='tesseract 3.04.00' />
  <meta name='ocr-capabilities' content='ocr_page ocr_carea ocr_par ocr_line ocrx_word'/>
</head>
<body>
  <div class='ocr_page' id='page_1' title='image "./povidiusnaso00ehwagoog_1004.png"; bbox 0 0 2467 4042; ppageno 0'>
   <div class='ocr_carea' id='block_1_1' title="bbox 213 251 810 318">
    <p class='ocr_par' dir='ltr' id='par_1_1' title="bbox 213 251 810 318">
     <span class='ocr_line' id='line_1_1' title="bbox 213 251 810 318; baseline 0 -15"><span class='ocrx_word' id='word_1_1' title='bbox 213 255 277 318; x_wconf 76' lang='lat'>176</span> <span class='ocrx_word' id='word_1_2' title='bbox 531 257 535 265; x_wconf 93' lang='lat'>·</span> <span class='ocrx_word' id='word_1_3' title='bbox 624 252 674 302; x_wconf 81' lang='lat' dir='ltr'>nx</span> <span class='ocrx_word' id='word_1_4' title='bbox 690 251 810 303; x_wconf 82' lang='lat' dir='ltr'>rouro</span> 
     </span>
    </p>
   </div>
   <div class='ocr_carea' id='block_1_2' title="bbox 252 414 1222 3656">
    <p class='ocr_par' dir='ltr' id='par_1_2' title="bbox 252 414 1222 3656">
     <span class='ocr_line' id='line_1_2' title="bbox 345 414 1094 495; baseline 0.001 -16"><span class='ocrx_word' id='word_1_5' title='bbox 345 419 388 479; x_wconf 83' lang='lat' dir='ltr'>Ad</span> <span class='ocrx_word' id='word_1_6' title='bbox 412 417 555 478; x_wconf 85' lang='lat' dir='ltr'>medicam</span> <span class='ocrx_word' id='word_1_7' title='bbox 579 414 687 476; x_wconf 90' lang='lat' dir='ltr'>dubius</span> <span class='ocrx_word' id='word_1_8' title='bbox 711 415 844 494; x_wconf 78' lang='lat' dir='ltr'><strong>confugit</strong></span> <span class='ocrx_word' id='word_1_9' title='bbox 865 432 954 495; x_wconf 88' lang='lat' dir='ltr'>aeger</span> <span class='ocrx_word' id='word_1_10' title='bbox 975 433 1094 495; x_wconf 88' lang='lat' dir='ltr'>opem.</span> 
     </span>
     <span class='ocr_line' id='line_1_3' title="bbox 300 501 1089 588; baseline -0.004 -20"><span class='ocrx_word' id='word_1_11' title='bbox 300 505 365 568; x_wconf 92' lang='lat' dir='ltr'>Non</span> <span class='ocrx_word' id='word_1_12' title='bbox 389 525 464 585; x_wconf 92' lang='lat' dir='ltr'>opus</span> <span class='ocrx_word' id='word_1_13' title='bbox 488 513 533 566; x_wconf 90' lang='lat' dir='ltr'>est</span> <span class='ocrx_word' id='word_1_14' title='bbox 556 504 669 582; x_wconf 88' lang='lat' dir='ltr'>magnis</span> <span class='ocrx_word' id='word_1_15' title='bbox 692 501 805 582; x_wconf 90' lang='lat' dir='ltr'>placido</span> <span class='ocrx_word' id='word_1_16' title='bbox 829 503 940 565; x_wconf 88' lang='lat' dir='ltr'>lectore</span> <span class='ocrx_word' id='word_1_17' title='bbox 962 508 1089 588; x_wconf 78' lang='lat' dir='ltr'>poetis3</span> 
     </span>
     <span class='ocr_line' id='line_1_4' title="bbox 255 590 1039 670; baseline -0.005 -13"><span class='ocrx_word' id='word_1_18' title='bbox 255 606 295 670; x_wconf 45' lang='lat'>10,</span> <span class='ocrx_word' id='word_1_19' title='bbox 347 592 513 665; x_wconf 79' lang='lat' dir='ltr'>Quamlibet</span> <span class='ocrx_word' id='word_1_20' title='bbox 535 594 659 653; x_wconf 88' lang='lat' dir='ltr'>invitum</span> <span class='ocrx_word' id='word_1_21' title='bbox 683 590 892 670; x_wconf 88' lang='lat' dir='ltr'>difficilemque</span> <span class='ocrx_word' id='word_1_22' title='bbox 914 598 1039 653; x_wconf 85' lang='lat' dir='ltr'>tenent.</span> 
     </span>
     <span class='ocr_line' id='line_1_5' title="bbox 300 679 1122 764; baseline 0.001 -22"><span class='ocrx_word' id='word_1_23' title='bbox 300 680 383 761; x_wconf 87' lang='lat' dir='ltr'>Nos,</span> <span class='ocrx_word' id='word_1_24' title='bbox 406 681 514 761; x_wconf 92' lang='lat' dir='ltr'>quibus</span> <span class='ocrx_word' id='word_1_25' title='bbox 537 682 688 758; x_wconf 80' lang='lat' dir='ltr'>ingenium</span> <span class='ocrx_word' id='word_1_26' title='bbox 710 679 790 757; x_wconf 90' lang='lat' dir='ltr'>longi</span> <span class='ocrx_word' id='word_1_27' title='bbox 813 681 947 740; x_wconf 89' lang='lat' dir='ltr'>minuere</span> <span class='ocrx_word' id='word_1_28' title='bbox 970 679 1122 764; x_wconf 86' lang='lat' dir='ltr'>labores,</span> 
     </span>
     <span class='ocr_line' id='line_1_6' title="bbox 345 767 987 848; baseline -0.003 -19"><span class='ocrx_word' id='word_1_29' title='bbox 345 769 403 829; x_wconf 82' lang='lat' dir='ltr'>dut</span> <span class='ocrx_word' id='word_1_30' title='bbox 426 771 514 829; x_wconf 89' lang='lat' dir='ltr'>etiam</span> <span class='ocrx_word' id='word_1_31' title='bbox 538 767 652 828; x_wconf 92' lang='lat' dir='ltr'>nullum</span> <span class='ocrx_word' id='word_1_32' title='bbox 676 767 798 827; x_wconf 80' lang='lat' dir='ltr'>forsitan</span> <span class='ocrx_word' id='word_1_33' title='bbox 822 775 888 828; x_wconf 90' lang='lat' dir='ltr'>ante</span> <span class='ocrx_word' id='word_1_34' title='bbox 912 768 987 848; x_wconf 85' lang='lat' dir='ltr'>fuit,</span> 
     </span>
     <span class='ocr_line' id='line_1_7' title="bbox 303 854 1021 936; baseline 0.004 -22"><span class='ocrx_word' id='word_1_35' title='bbox 303 856 421 918; x_wconf 82' lang='lat' dir='ltr'>Viribus</span> <span class='ocrx_word' id='word_1_36' title='bbox 444 857 576 936; x_wconf 86' lang='lat' dir='ltr'>infirmi,</span> <span class='ocrx_word' id='word_1_37' title='bbox 598 864 696 916; x_wconf 86' lang='lat' dir='ltr'>restro</span> <span class='ocrx_word' id='word_1_38' title='bbox 720 854 848 915; x_wconf 91' lang='lat' dir='ltr'>candore</span> <span class='ocrx_word' id='word_1_39' title='bbox 871 855 1021 918; x_wconf 89' lang='lat' dir='ltr'>valemus:</span> 
     </span>
     <span class='ocr_line' id='line_1_8' title="bbox 346 942 1110 1024; baseline 0.004 -19"><span class='ocrx_word' id='word_1_40' title='bbox 346 944 440 1015; x_wconf 83' lang='lat' dir='ltr'><strong>Quem</strong></span> <span class='ocrx_word' id='word_1_41' title='bbox 464 944 536 1004; x_wconf 90' lang='lat' dir='ltr'>mihi</span> <span class='ocrx_word' id='word_1_42' title='bbox 560 946 585 1004; x_wconf 92' lang='lat' dir='ltr'>si</span> <span class='ocrx_word' id='word_1_43' title='bbox 607 942 730 1024; x_wconf 88' lang='lat' dir='ltr'>demas,</span> <span class='ocrx_word' id='word_1_44' title='bbox 753 945 851 1003; x_wconf 93' lang='lat' dir='ltr'>omnia</span> <span class='ocrx_word' id='word_1_45' title='bbox 872 951 956 1023; x_wconf 86' lang='lat' dir='ltr'>rapta</span> <span class='ocrx_word' id='word_1_46' title='bbox 977 952 1110 1022; x_wconf 89' lang='lat' dir='ltr'>putem.</span> 
     </span>
     <span class='ocr_line' id='line_1_9' title="bbox 255 1032 1152 1117; baseline 0.001 -21"><span class='ocrx_word' id='word_1_47' title='bbox 255 1048 287 1097; x_wconf 81' lang='lat'>15</span> <span class='ocrx_word' id='word_1_48' title='bbox 302 1032 474 1111; x_wconf 82' lang='lat' dir='ltr'>Cunctaque</span> <span class='ocrx_word' id='word_1_49' title='bbox 497 1049 565 1093; x_wconf 91' lang='lat' dir='ltr'>oum</span> <span class='ocrx_word' id='word_1_50' title='bbox 587 1049 653 1091; x_wconf 89' lang='lat' dir='ltr'>mea</span> <span class='ocrx_word' id='word_1_51' title='bbox 676 1032 735 1091; x_wconf 84' lang='lat' dir='ltr'>sint</span> <span class='ocrx_word' id='word_1_52' title='bbox 757 1049 904 1110; x_wconf 91' lang='lat' dir='ltr'>propenso</span> <span class='ocrx_word' id='word_1_53' title='bbox 927 1033 996 1091; x_wconf 84' lang='lat' dir='ltr'>nixa</span> <span class='ocrx_word' id='word_1_54' title='bbox 1020 1034 1152 1117; x_wconf 84' lang='lat' dir='ltr'>favore,</span> 
     </span>
     <span class='ocr_line' id='line_1_10' title="bbox 345 1117 1038 1200; baseline -0.001 -19"><span class='ocrx_word' id='word_1_55' title='bbox 345 1121 540 1200; x_wconf 81' lang='lat' dir='ltr'>Praecipuum</span> <span class='ocrx_word' id='word_1_56' title='bbox 565 1122 666 1179; x_wconf 89' lang='lat' dir='ltr'>veniae</span> <span class='ocrx_word' id='word_1_57' title='bbox 689 1121 735 1179; x_wconf 91' lang='lat' dir='ltr'>ius</span> <span class='ocrx_word' id='word_1_58' title='bbox 758 1118 847 1179; x_wconf 85' lang='lat' dir='ltr'>babet</span> <span class='ocrx_word' id='word_1_59' title='bbox 868 1119 917 1179; x_wconf 91' lang='lat' dir='ltr'>ille</span> <span class='ocrx_word' id='word_1_60' title='bbox 940 1117 1038 1181; x_wconf 86' lang='lat' dir='ltr'>liber.</span> 
     </span>
     <span class='ocr_line' id='line_1_11' title="bbox 304 1206 1048 1290; baseline -0.001 -19"><span class='ocrx_word' id='word_1_61' title='bbox 304 1209 474 1290; x_wconf 82' lang='lat' dir='ltr'>Spectatum</span> <span class='ocrx_word' id='word_1_62' title='bbox 499 1216 578 1268; x_wconf 88' lang='lat' dir='ltr'>vates</span> <span class='ocrx_word' id='word_1_63' title='bbox 602 1207 650 1267; x_wconf 92' lang='lat' dir='ltr'>alii</span> <span class='ocrx_word' id='word_1_64' title='bbox 674 1209 821 1285; x_wconf 78' lang='lat' dir='ltr'>scripsere</span> <span class='ocrx_word' id='word_1_65' title='bbox 844 1206 1048 1286; x_wconf 85' lang='lat' dir='ltr'>triumphum.</span> 
     </span>
     <span class='ocr_line' id='line_1_12' title="bbox 345 1295 1020 1374; baseline -0.003 -16"><span class='ocrx_word' id='word_1_66' title='bbox 345 1297 400 1358; x_wconf 89' lang='lat' dir='ltr'>Est</span> <span class='ocrx_word' id='word_1_67' title='bbox 423 1295 532 1374; x_wconf 91' lang='lat' dir='ltr'>aliquid</span> <span class='ocrx_word' id='word_1_68' title='bbox 556 1298 679 1356; x_wconf 90' lang='lat' dir='ltr'>memori</span> <span class='ocrx_word' id='word_1_69' title='bbox 703 1297 763 1355; x_wconf 91' lang='lat' dir='ltr'>visa</span> <span class='ocrx_word' id='word_1_70' title='bbox 787 1302 889 1355; x_wconf 90' lang='lat' dir='ltr'>notare</span> <span class='ocrx_word' id='word_1_71' title='bbox 913 1313 1020 1356; x_wconf 93' lang='lat' dir='ltr'>manu.</span> 
     </span>
     <span class='ocr_line' id='line_1_13' title="bbox 301 1382 1083 1462; baseline 0 -16"><span class='ocrx_word' id='word_1_72' title='bbox 301 1385 361 1447; x_wconf 89' lang='lat' dir='ltr'>Nos</span> <span class='ocrx_word' id='word_1_73' title='bbox 384 1402 419 1445; x_wconf 87' lang='lat' dir='ltr'>ea</span> <span class='ocrx_word' id='word_1_74' title='bbox 442 1386 488 1444; x_wconf 84' lang='lat' dir='ltr'>rix</span> <span class='ocrx_word' id='word_1_75' title='bbox 512 1384 625 1444; x_wconf 87' lang='lat' dir='ltr'>avidam</span> <span class='ocrx_word' id='word_1_76' title='bbox 648 1382 734 1461; x_wconf 89' lang='lat' dir='ltr'>vulgo</span> <span class='ocrx_word' id='word_1_77' title='bbox 758 1391 872 1461; x_wconf 89' lang='lat' dir='ltr'>captata</span> <span class='ocrx_word' id='word_1_78' title='bbox 894 1401 948 1462; x_wconf 91' lang='lat' dir='ltr'>per</span> <span class='ocrx_word' id='word_1_79' title='bbox 970 1401 1083 1446; x_wconf 90' lang='lat' dir='ltr'>aurem</span> 
     </span>
     <span class='ocr_line' id='line_1_14' title="bbox 255 1470 1075 1552; baseline -0.002 -17"><span class='ocrx_word' id='word_1_80' title='bbox 255 1486 289 1536; x_wconf 79' lang='grc' dir='ltr'><strong>1ο</strong></span> <span class='ocrx_word' id='word_1_81' title='bbox 349 1472 552 1552; x_wconf 87' lang='lat' dir='ltr'>Scripsimus‚</span> <span class='ocrx_word' id='word_1_82' title='bbox 574 1480 663 1550; x_wconf 86' lang='lat' dir='ltr'>atque</span> <span class='ocrx_word' id='word_1_83' title='bbox 687 1470 764 1531; x_wconf 91' lang='lat' dir='ltr'>oculi</span> <span class='ocrx_word' id='word_1_84' title='bbox 787 1472 861 1531; x_wconf 91' lang='lat' dir='ltr'>fama</span> <span class='ocrx_word' id='word_1_85' title='bbox 884 1471 969 1531; x_wconf 87' lang='lat' dir='ltr'>fuere</span> <span class='ocrx_word' id='word_1_86' title='bbox 991 1475 1075 1533; x_wconf 87' lang='lat' dir='ltr'>mei.</span> 
     </span>
     <span class='ocr_line' id='line_1_15' title="bbox 303 1558 1053 1639; baseline -0.001 -17"><span class='ocrx_word' id='word_1_87' title='bbox 303 1560 423 1622; x_wconf 84' lang='lat' dir='ltr'>Scilicet</span> <span class='ocrx_word' id='word_1_88' title='bbox 445 1561 567 1621; x_wconf 86' lang='lat' dir='ltr'>affectus</span> <span class='ocrx_word' id='word_1_89' title='bbox 591 1558 724 1639; x_wconf 85' lang='lat' dir='ltr'>similes,</span> <span class='ocrx_word' id='word_1_90' title='bbox 747 1568 798 1620; x_wconf 88' lang='lat' dir='ltr'>aut</span> <span class='ocrx_word' id='word_1_91' title='bbox 820 1562 948 1638; x_wconf 90' lang='lat' dir='ltr'>impetus</span> <span class='ocrx_word' id='word_1_92' title='bbox 970 1559 1053 1621; x_wconf 90' lang='lat' dir='ltr'>idem</span> 
     </span>
     <span class='ocr_line' id='line_1_16' title="bbox 347 1643 1022 1732; baseline -0.001 -24"><span class='ocrx_word' id='word_1_93' title='bbox 347 1648 448 1732; x_wconf 86' lang='lat' dir='ltr'>liebus</span> <span class='ocrx_word' id='word_1_94' title='bbox 471 1646 506 1707; x_wconf 94' lang='lat' dir='ltr'>ab</span> <span class='ocrx_word' id='word_1_95' title='bbox 533 1647 641 1708; x_wconf 89' lang='lat' dir='ltr'>auditis</span> <span class='ocrx_word' id='word_1_96' title='bbox 665 1648 891 1725; x_wconf 83' lang='lat' dir='ltr'>conspicuisque</span> <span class='ocrx_word' id='word_1_97' title='bbox 914 1643 1022 1707; x_wconf 78' lang='lat' dir='ltr'>venit?</span> 
     </span>
     <span class='ocr_line' id='line_1_17' title="bbox 303 1733 1222 1816; baseline -0.004 -19"><span class='ocrx_word' id='word_1_98' title='bbox 303 1736 364 1797; x_wconf 89' lang='lat' dir='ltr'>Nec</span> <span class='ocrx_word' id='word_1_99' title='bbox 387 1733 465 1797; x_wconf 83' lang='lat' dir='ltr'>nitar</span> <span class='ocrx_word' id='word_1_100' title='bbox 489 1737 625 1816; x_wconf 83' lang='lat' dir='ltr'>argenti,</span> <span class='ocrx_word' id='word_1_101' title='bbox 649 1753 736 1814; x_wconf 89' lang='lat' dir='ltr'>quem</span> <span class='ocrx_word' id='word_1_102' title='bbox 759 1753 810 1794; x_wconf 86' lang='lat' dir='ltr'>vos</span> <span class='ocrx_word' id='word_1_103' title='bbox 834 1734 969 1814; x_wconf 85' lang='lat' dir='ltr'>vidistis,</span> <span class='ocrx_word' id='word_1_104' title='bbox 992 1743 1025 1796; x_wconf 90' lang='grc'>31</span> <span class='ocrx_word' id='word_1_105' title='bbox 1047 1741 1124 1799; x_wconf 87' lang='lat' dir='ltr'>auri</span> <span class='ocrx_word' id='word_1_106' title='bbox 1188 1753 1222 1803; x_wconf 79' lang='grc'>(33</span> 
     </span>
     <span class='ocr_line' id='line_1_18' title="bbox 347 1821 1176 1903; baseline 0.005 -18"><span class='ocrx_word' id='word_1_107' title='bbox 347 1824 432 1896; x_wconf 83' lang='lat' dir='ltr'>Quod</span> <span class='ocrx_word' id='word_1_108' title='bbox 455 1823 527 1885; x_wconf 92' lang='lat' dir='ltr'>mihi</span> <span class='ocrx_word' id='word_1_109' title='bbox 551 1822 700 1903; x_wconf 86' lang='lat' dir='ltr'>defuerit,</span> <span class='ocrx_word' id='word_1_110' title='bbox 723 1840 914 1902; x_wconf 89' lang='lat' dir='ltr'>purpuraque</span> <span class='ocrx_word' id='word_1_111' title='bbox 937 1821 1009 1902; x_wconf 86' lang='lat' dir='ltr'>illa,</span> <span class='ocrx_word' id='word_1_112' title='bbox 1033 1840 1176 1901; x_wconf 90' lang='lat' dir='ltr'>queror:</span> 
     </span>
     <span class='ocr_line' id='line_1_19' title="bbox 255 1909 1069 1991; baseline -0.002 -17"><span class='ocrx_word' id='word_1_113' title='bbox 255 1925 288 1974; x_wconf 76' lang='lat' dir='ltr'>aa</span> <span class='ocrx_word' id='word_1_114' title='bbox 305 1912 362 1974; x_wconf 88' lang='lat' dir='ltr'>Sed</span> <span class='ocrx_word' id='word_1_115' title='bbox 385 1912 448 1972; x_wconf 92' lang='lat' dir='ltr'>loca</span> <span class='ocrx_word' id='word_1_116' title='bbox 461 1957 470 1991; x_wconf 88' lang='lat'>‚</span> <span class='ocrx_word' id='word_1_117' title='bbox 494 1912 545 1972; x_wconf 91' lang='lat' dir='ltr'>sed</span> <span class='ocrx_word' id='word_1_118' title='bbox 569 1919 672 1990; x_wconf 87' lang='lat' dir='ltr'>gentes</span> <span class='ocrx_word' id='word_1_119' title='bbox 696 1912 837 1971; x_wconf 89' lang='lat' dir='ltr'>formatae</span> <span class='ocrx_word' id='word_1_120' title='bbox 860 1909 937 1971; x_wconf 93' lang='lat' dir='ltr'>mille</span> <span class='ocrx_word' id='word_1_121' title='bbox 960 1910 1069 1989; x_wconf 86' lang='lat' dir='ltr'>liguris</span> 
     </span>
     <span class='ocr_line' id='line_1_20' title="bbox 348 1998 1086 2081; baseline -0.003 -21"><span class='ocrx_word' id='word_1_122' title='bbox 348 2000 519 2060; x_wconf 87' lang='lat' dir='ltr'>Nutrissent</span> <span class='ocrx_word' id='word_1_123' title='bbox 541 2017 660 2059; x_wconf 90' lang='lat' dir='ltr'>carmen</span> <span class='ocrx_word' id='word_1_124' title='bbox 683 1998 853 2078; x_wconf 87' lang='lat' dir='ltr'>proeliaque</span> <span class='ocrx_word' id='word_1_125' title='bbox 876 2000 940 2077; x_wconf 92' lang='lat' dir='ltr'>ipsa</span> <span class='ocrx_word' id='word_1_126' title='bbox 962 2016 1086 2081; x_wconf 84' lang='lat' dir='ltr'>meum,</span> 
     </span>
     <span class='ocr_line' id='line_1_21' title="bbox 303 2086 1105 2170; baseline -0.001 -21"><span class='ocrx_word' id='word_1_127' title='bbox 303 2088 341 2149; x_wconf 86' lang='lat' dir='ltr'>Et</span> <span class='ocrx_word' id='word_1_128' title='bbox 364 2105 468 2166; x_wconf 88' lang='lat' dir='ltr'>regum</span> <span class='ocrx_word' id='word_1_129' title='bbox 491 2086 612 2168; x_wconf 78' lang='lat' dir='ltr'>vultus,</span> <span class='ocrx_word' id='word_1_130' title='bbox 636 2088 800 2147; x_wconf 89' lang='lat' dir='ltr'>certissima</span> <span class='ocrx_word' id='word_1_131' title='bbox 823 2088 946 2164; x_wconf 91' lang='lat' dir='ltr'>pignora</span> <span class='ocrx_word' id='word_1_132' title='bbox 969 2090 1105 2170; x_wconf 83' lang='lat' dir='ltr'>mentis,</span> 
     </span>
     <span class='ocr_line' id='line_1_22' title="bbox 347 2173 970 2254; baseline -0.003 -19"><span class='ocrx_word' id='word_1_133' title='bbox 347 2174 494 2236; x_wconf 75' lang='lat' dir='ltr'>lusissent</span> <span class='ocrx_word' id='word_1_134' title='bbox 517 2175 613 2254; x_wconf 90' lang='lat' dir='ltr'>aliqua</span> <span class='ocrx_word' id='word_1_135' title='bbox 637 2174 760 2234; x_wconf 85' lang='lat' dir='ltr'>forsitan</span> <span class='ocrx_word' id='word_1_136' title='bbox 782 2173 854 2234; x_wconf 94' lang='lat' dir='ltr'>illud</span> <span class='ocrx_word' id='word_1_137' title='bbox 878 2190 970 2252; x_wconf 89' lang='lat' dir='ltr'>opus.</span> 
     </span>
     <span class='ocr_line' id='line_1_23' title="bbox 302 2261 1014 2342; baseline -0.003 -19"><span class='ocrx_word' id='word_1_138' title='bbox 302 2262 458 2323; x_wconf 86' lang='lat' dir='ltr'>Plausibus</span> <span class='ocrx_word' id='word_1_139' title='bbox 481 2281 517 2323; x_wconf 82' lang='lat' dir='ltr'>ex</span> <span class='ocrx_word' id='word_1_140' title='bbox 539 2265 612 2342; x_wconf 89' lang='lat' dir='ltr'>ipsis</span> <span class='ocrx_word' id='word_1_141' title='bbox 636 2261 737 2341; x_wconf 90' lang='lat' dir='ltr'>populi</span> <span class='ocrx_word' id='word_1_142' title='bbox 759 2261 894 2340; x_wconf 90' lang='lat' dir='ltr'>laetoque</span> <span class='ocrx_word' id='word_1_143' title='bbox 916 2262 1014 2321; x_wconf 88' lang='lat' dir='ltr'>favore</span> 
     </span>
     <span class='ocr_line' id='line_1_24' title="bbox 257 2349 967 2429; baseline -0.003 -16"><span class='ocrx_word' id='word_1_144' title='bbox 257 2363 290 2413; x_wconf 81' lang='lat' dir='ltr'>ao</span> <span class='ocrx_word' id='word_1_145' title='bbox 349 2350 503 2429; x_wconf 82' lang='lat' dir='ltr'>Ingenium</span> <span class='ocrx_word' id='word_1_146' title='bbox 527 2349 650 2429; x_wconf 88' lang='lat' dir='ltr'>quodvis</span> <span class='ocrx_word' id='word_1_147' title='bbox 673 2350 830 2411; x_wconf 90' lang='lat' dir='ltr'>incaluisse</span> <span class='ocrx_word' id='word_1_148' title='bbox 853 2357 967 2429; x_wconf 89' lang='lat' dir='ltr'>potest.</span> 
     </span>
     <span class='ocr_line' id='line_1_25' title="bbox 304 2436 1152 2524; baseline 0.006 -27"><span class='ocrx_word' id='word_1_149' title='bbox 304 2436 435 2515; x_wconf 85' lang='lat' dir='ltr'>Tamque</span> <span class='ocrx_word' id='word_1_150' title='bbox 463 2455 518 2515; x_wconf 90' lang='lat' dir='ltr'>ego</span> <span class='ocrx_word' id='word_1_151' title='bbox 546 2438 740 2514; x_wconf 87' lang='lat' dir='ltr'>sumpsissem</span> <span class='ocrx_word' id='word_1_152' title='bbox 766 2437 817 2498; x_wconf 91' lang='lat' dir='ltr'>tali</span> <span class='ocrx_word' id='word_1_153' title='bbox 840 2437 966 2498; x_wconf 92' lang='lat' dir='ltr'>clamore</span> <span class='ocrx_word' id='word_1_154' title='bbox 990 2438 1152 2524; x_wconf 85' lang='lat' dir='ltr'>vigorem,</span> 
     </span>
     <span class='ocr_line' id='line_1_26' title="bbox 349 2523 1054 2596; baseline -0.001 -10"><span class='ocrx_word' id='word_1_155' title='bbox 349 2525 443 2596; x_wconf 83' lang='lat' dir='ltr'>Quam</span> <span class='ocrx_word' id='word_1_156' title='bbox 466 2525 549 2587; x_wconf 90' lang='lat' dir='ltr'>rudis</span> <span class='ocrx_word' id='word_1_157' title='bbox 573 2525 672 2586; x_wconf 88' lang='lat' dir='ltr'>audita</span> <span class='ocrx_word' id='word_1_158' title='bbox 696 2525 779 2586; x_wconf 90' lang='lat' dir='ltr'>miles</span> <span class='ocrx_word' id='word_1_159' title='bbox 802 2525 838 2585; x_wconf 90' lang='lat' dir='ltr'>ad</span> <span class='ocrx_word' id='word_1_160' title='bbox 862 2543 942 2586; x_wconf 89' lang='lat' dir='ltr'>arma</span> <span class='ocrx_word' id='word_1_161' title='bbox 965 2523 1054 2585; x_wconf 90' lang='lat' dir='ltr'>tuba.</span> 
     </span>
     <span class='ocr_line' id='line_1_27' title="bbox 303 2612 1058 2693; baseline 0.001 -20"><span class='ocrx_word' id='word_1_162' title='bbox 303 2613 427 2675; x_wconf 87' lang='lat' dir='ltr'>Pectora</span> <span class='ocrx_word' id='word_1_163' title='bbox 450 2616 510 2674; x_wconf 90' lang='lat' dir='ltr'>sint</span> <span class='ocrx_word' id='word_1_164' title='bbox 533 2612 618 2673; x_wconf 89' lang='lat' dir='ltr'>nobis</span> <span class='ocrx_word' id='word_1_165' title='bbox 642 2612 759 2674; x_wconf 93' lang='lat' dir='ltr'>nivibus</span> <span class='ocrx_word' id='word_1_166' title='bbox 781 2612 933 2693; x_wconf 86' lang='lat' dir='ltr'>glacieque</span> <span class='ocrx_word' id='word_1_167' title='bbox 956 2612 1058 2674; x_wconf 86' lang='lat' dir='ltr'>licebit</span> 
     </span>
     <span class='ocr_line' id='line_1_28' title="bbox 295 2699 1083 2782; baseline 0.003 -20"><span class='ocrx_word' id='word_1_168' title='bbox 295 2727 297 2732; x_wconf 96' lang='lat'>·</span> <span class='ocrx_word' id='word_1_169' title='bbox 348 2702 444 2780; x_wconf 80' lang='lat' dir='ltr'>Atque</span> <span class='ocrx_word' id='word_1_170' title='bbox 466 2700 545 2782; x_wconf 82' lang='lat' dir='ltr'>hoo,</span> <span class='ocrx_word' id='word_1_171' title='bbox 569 2719 657 2780; x_wconf 90' lang='lat' dir='ltr'>quem</span> <span class='ocrx_word' id='word_1_172' title='bbox 680 2703 797 2781; x_wconf 90' lang='lat' dir='ltr'>patior,</span> <span class='ocrx_word' id='word_1_173' title='bbox 822 2701 973 2779; x_wconf 81' lang='lat' dir='ltr'>frigidiora</span> <span class='ocrx_word' id='word_1_174' title='bbox 994 2699 1083 2764; x_wconf 86' lang='lat' dir='ltr'>loco:</span> 
     </span>
     <span class='ocr_line' id='line_1_29' title="bbox 252 2787 1006 2850; baseline -0.001 0"><span class='ocrx_word' id='word_1_175' title='bbox 252 2801 285 2850; x_wconf 78' lang='lat' dir='ltr'>aa</span> <span class='ocrx_word' id='word_1_176' title='bbox 300 2787 350 2848; x_wconf 93' lang='grc'><strong>1113</strong></span> <span class='ocrx_word' id='word_1_177' title='bbox 374 2788 457 2849; x_wconf 91' lang='lat' dir='ltr'>ducis</span> <span class='ocrx_word' id='word_1_178' title='bbox 481 2790 571 2849; x_wconf 90' lang='lat' dir='ltr'>facies</span> <span class='ocrx_word' id='word_1_179' title='bbox 594 2791 625 2849; x_wconf 90' lang='lat' dir='ltr'>in</span> <span class='ocrx_word' id='word_1_180' title='bbox 649 2807 740 2849; x_wconf 89' lang='lat' dir='ltr'>curru</span> <span class='ocrx_word' id='word_1_181' title='bbox 766 2791 870 2849; x_wconf 88' lang='lat' dir='ltr'>stantis</span> <span class='ocrx_word' id='word_1_182' title='bbox 894 2788 1006 2849; x_wconf 91' lang='lat' dir='ltr'>eburno</span> 
     </span>
     <span class='ocr_line' id='line_1_30' title="bbox 348 2875 1011 2954; baseline 0 -18"><span class='ocrx_word' id='word_1_183' title='bbox 348 2876 510 2937; x_wconf 80' lang='lat' dir='ltr'>Excuterct</span> <span class='ocrx_word' id='word_1_184' title='bbox 533 2877 627 2954; x_wconf 88' lang='lat' dir='ltr'>frigus</span> <span class='ocrx_word' id='word_1_185' title='bbox 651 2875 787 2936; x_wconf 89' lang='lat' dir='ltr'>sensibus</span> <span class='ocrx_word' id='word_1_186' title='bbox 811 2894 897 2937; x_wconf 91' lang='lat' dir='ltr'>omne</span> <span class='ocrx_word' id='word_1_187' title='bbox 921 2878 1011 2936; x_wconf 85' lang='lat' dir='ltr'>meis.</span> 
     </span>
     <span class='ocr_line' id='line_1_31' title="bbox 305 2962 1110 3048; baseline 0.004 -24"><span class='ocrx_word' id='word_1_188' title='bbox 305 2963 357 3024; x_wconf 90' lang='lat' dir='ltr'>His</span> <span class='ocrx_word' id='word_1_189' title='bbox 381 2982 434 3044; x_wconf 90' lang='lat' dir='ltr'>ego</span> <span class='ocrx_word' id='word_1_190' title='bbox 450 2962 615 3046; x_wconf 85' lang='lat' dir='ltr'>defectus,</span> <span class='ocrx_word' id='word_1_191' title='bbox 639 2963 795 3043; x_wconf 85' lang='lat' dir='ltr'>dubiisque</span> <span class='ocrx_word' id='word_1_192' title='bbox 819 2963 989 3025; x_wconf 79' lang='lat' dir='ltr'>arrctoribus</span> <span class='ocrx_word' id='word_1_193' title='bbox 1012 2981 1110 3048; x_wconf 76' lang='lat' dir='ltr'>usuS,</span> 
     </span>
     <span class='ocr_line' id='line_1_32' title="bbox 348 3051 960 3131; baseline 0.002 -20"><span class='ocrx_word' id='word_1_194' title='bbox 348 3051 391 3112; x_wconf 83' lang='lat' dir='ltr'>Ad</span> <span class='ocrx_word' id='word_1_195' title='bbox 415 3054 505 3112; x_wconf 89' lang='lat' dir='ltr'>vestri</span> <span class='ocrx_word' id='word_1_196' title='bbox 528 3054 613 3112; x_wconf 88' lang='lat' dir='ltr'>venio</span> <span class='ocrx_word' id='word_1_197' title='bbox 637 3053 702 3112; x_wconf 89' lang='lat' dir='ltr'>iure</span> <span class='ocrx_word' id='word_1_198' title='bbox 726 3052 834 3112; x_wconf 87' lang='lat' dir='ltr'>favoris</span> <span class='ocrx_word' id='word_1_199' title='bbox 857 3070 960 3131; x_wconf 86' lang='lat' dir='ltr'>opem.</span> 
     </span>
     <span class='ocr_line' id='line_1_33' title="bbox 305 3139 1214 3219; baseline 0.003 -19"><span class='ocrx_word' id='word_1_200' title='bbox 305 3139 365 3200; x_wconf 89' lang='lat' dir='ltr'>Nec</span> <span class='ocrx_word' id='word_1_201' title='bbox 389 3139 460 3199; x_wconf 93' lang='lat' dir='ltr'>mihi</span> <span class='ocrx_word' id='word_1_202' title='bbox 483 3148 551 3200; x_wconf 89' lang='lat' dir='ltr'>nota</span> <span class='ocrx_word' id='word_1_203' title='bbox 575 3139 685 3200; x_wconf 92' lang='lat' dir='ltr'>ducum</span> <span class='ocrx_word' id='word_1_204' title='bbox 698 3187 707 3219; x_wconf 89' lang='lat'><em>,</em></span> <span class='ocrx_word' id='word_1_205' title='bbox 730 3158 786 3200; x_wconf 89' lang='lat' dir='ltr'>nec</span> <span class='ocrx_word' id='word_1_206' title='bbox 810 3149 880 3200; x_wconf 88' lang='lat' dir='ltr'>sunt</span> <span class='ocrx_word' id='word_1_207' title='bbox 902 3139 973 3200; x_wconf 93' lang='lat' dir='ltr'>mibi</span> <span class='ocrx_word' id='word_1_208' title='bbox 996 3148 1065 3201; x_wconf 90' lang='lat' dir='ltr'>nota</span> <span class='ocrx_word' id='word_1_209' title='bbox 1091 3141 1214 3205; x_wconf 81' lang='lat' dir='ltr'>locorum</span> 
     </span>
     <span class='ocr_line' id='line_1_34' title="bbox 257 3227 1070 3289; baseline 0.001 -2"><span class='ocrx_word' id='word_1_210' title='bbox 257 3239 291 3288; x_wconf 83' lang='lat'>40</span> <span class='ocrx_word' id='word_1_211' title='bbox 349 3227 494 3288; x_wconf 89' lang='lat' dir='ltr'>Nomina.</span> <span class='ocrx_word' id='word_1_212' title='bbox 537 3229 690 3288; x_wconf 84' lang='lat' dir='ltr'>materiam</span> <span class='ocrx_word' id='word_1_213' title='bbox 713 3246 771 3287; x_wconf 94' lang='lat' dir='ltr'>non</span> <span class='ocrx_word' id='word_1_214' title='bbox 795 3227 925 3288; x_wconf 91' lang='lat' dir='ltr'>habuere</span> <span class='ocrx_word' id='word_1_215' title='bbox 949 3245 1070 3289; x_wconf 86' lang='lat' dir='ltr'>manus.</span> 
     </span>
     <span class='ocr_line' id='line_1_35' title="bbox 306 3314 1172 3401; baseline 0.007 -26"><span class='ocrx_word' id='word_1_216' title='bbox 306 3315 377 3376; x_wconf 89' lang='lat' dir='ltr'>Pars</span> <span class='ocrx_word' id='word_1_217' title='bbox 402 3325 490 3395; x_wconf 88' lang='lat' dir='ltr'>quota</span> <span class='ocrx_word' id='word_1_218' title='bbox 514 3315 550 3376; x_wconf 88' lang='lat' dir='ltr'>de</span> <span class='ocrx_word' id='word_1_219' title='bbox 574 3317 665 3376; x_wconf 90' lang='lat' dir='ltr'>tantis</span> <span class='ocrx_word' id='word_1_220' title='bbox 687 3314 778 3376; x_wconf 88' lang='lat' dir='ltr'>rebus</span> <span class='ocrx_word' id='word_1_221' title='bbox 791 3362 799 3395; x_wconf 90' lang='lat'><strong><em>,</em></strong></span> <span class='ocrx_word' id='word_1_222' title='bbox 824 3334 911 3394; x_wconf 86' lang='lat' dir='ltr'>quam</span> <span class='ocrx_word' id='word_1_223' title='bbox 934 3316 1009 3376; x_wconf 87' lang='lat' dir='ltr'>fama</span> <span class='ocrx_word' id='word_1_224' title='bbox 1033 3317 1172 3401; x_wconf 87' lang='lat' dir='ltr'>referre,</span> 
     </span>
     <span class='ocr_line' id='line_1_36' title="bbox 350 3401 1060 3485; baseline 0.003 -22"><span class='ocrx_word' id='word_1_225' title='bbox 350 3403 408 3463; x_wconf 78' lang='lat' dir='ltr'>Aut</span> <span class='ocrx_word' id='word_1_226' title='bbox 431 3404 537 3481; x_wconf 91' lang='lat' dir='ltr'>aliquis</span> <span class='ocrx_word' id='word_1_227' title='bbox 560 3403 645 3463; x_wconf 93' lang='lat' dir='ltr'>nobis</span> <span class='ocrx_word' id='word_1_228' title='bbox 669 3403 800 3464; x_wconf 89' lang='lat' dir='ltr'>scribere</span> <span class='ocrx_word' id='word_1_229' title='bbox 824 3412 946 3485; x_wconf 83' lang='lat' dir='ltr'>posset,</span> <span class='ocrx_word' id='word_1_230' title='bbox 969 3401 1060 3465; x_wconf 82' lang='lat' dir='ltr'>erat?</span> 
     </span>
     <span class='ocr_line' id='line_1_37' title="bbox 307 3488 1132 3573; baseline 0.01 -25"><span class='ocrx_word' id='word_1_231' title='bbox 307 3488 371 3558; x_wconf 88' lang='lat' dir='ltr'>Quo</span> <span class='ocrx_word' id='word_1_232' title='bbox 395 3493 508 3568; x_wconf 84' lang='lat' dir='ltr'>magis,</span> <span class='ocrx_word' id='word_1_233' title='bbox 532 3508 549 3548; x_wconf 94' lang='lat' dir='ltr'>o</span> <span class='ocrx_word' id='word_1_234' title='bbox 572 3490 667 3550; x_wconf 90' lang='lat' dir='ltr'>lector</span> <span class='ocrx_word' id='word_1_235' title='bbox 680 3537 689 3570; x_wconf 89' lang='lat'>‚</span> <span class='ocrx_word' id='word_1_236' title='bbox 713 3490 803 3550; x_wconf 90' lang='lat' dir='ltr'>debes</span> <span class='ocrx_word' id='word_1_237' title='bbox 826 3494 1002 3573; x_wconf 86' lang='lat' dir='ltr'>ignoscere,</span> <span class='ocrx_word' id='word_1_238' title='bbox 1026 3494 1132 3571; x_wconf 87' lang='lat' dir='ltr'>siquid</span> 
     </span>
     <span class='ocr_line' id='line_1_38' title="bbox 349 3574 1002 3656; baseline 0.012 -24"><span class='ocrx_word' id='word_1_239' title='bbox 349 3574 487 3634; x_wconf 87' lang='lat' dir='ltr'>Erratum</span> <span class='ocrx_word' id='word_1_240' title='bbox 511 3576 639 3637; x_wconf 84' lang='lat' dir='ltr'>estillic</span> <span class='ocrx_word' id='word_1_241' title='bbox 662 3580 890 3656; x_wconf 84' lang='lat' dir='ltr'>praeteritumve</span> <span class='ocrx_word' id='word_1_242' title='bbox 914 3578 1002 3640; x_wconf 90' lang='lat' dir='ltr'>mibi.</span> 
     </span>
    </p>
   </div>
   <div class='ocr_carea' id='block_1_3' title="bbox 0 0 1238 4042">
    <p class='ocr_par' dir='ltr' id='par_1_3' title="bbox 0 0 1238 4042">
     <span class='ocr_line' id='line_1_39' title="bbox 0 0 1238 4042; baseline 0 0"><span class='ocrx_word' id='word_1_243' title='bbox 0 0 1238 4042; x_wconf 95' lang='lat' dir='ltr'> </span> 
     </span>
    </p>
   </div>
  </div>
 </body>
</html>
