2467 4042
401 239 484 310 XIV,
503 244 661 296 oto-641.
765 259 868 296 rouosa
969 238 1035 305 299

89 402 204 466 Unxit
216 452 226 487 ,
249 411 280 467 et
301 403 448 466 ambrosia
471 422 540 467 oum
561 405 642 467 dulei
664 415 784 468 nectare
807 409 898 468 mixta

92 492 245 573 Contigit
267 510 302 554 os
313 539 323 573 ‚
346 493 475 574 fecitque
498 493 609 556 detrm.
638 512 728 574 quem
749 494 838 556 turba
860 496 978 568 Quirini

91 580 273 662 Nuncupat
294 580 480 663 indigetem,
503 582 674 662 temploque
696 585 815 663 arisque
838 587 967 665 recepit.

156 669 231 732 lude
253 667 310 732 sub
333 669 451 732 Ascanii
473 670 590 732 dicione
613 670 772 733 binominis
795 671 867 733 Alba

11 769 74 820 ιο
92 757 233 839 Resque
255 756 359 820 Latina
382 759 459 821 fuit.
488 760 621 821 succedit
644 759 752 822 Silvius
774 760 835 823 illi:
933 762 935 765 ’

95 847 178 919 Quo
203 854 285 909 satus
309 849 430 926 antiquo
454 850 550 909 tenuit
573 851 699 928 repetita
721 847 844 910 Latinus

95 936 238 998 Nomina
260 953 329 997 oum
352 943 494 1016 sceptro.
522 935 621 997 clarus
643 935 724 999 subit
746 955 816 999 eece
839 936 977 1000 Latinum

95 1023 227 1105 Epytus
240 1027 286 1086 'er
309 1023 382 1085 illo.
410 1024 580 1105 posthunc
604 1024 794 1106 Capetusque
817 1025 989 1108 Capysque,

98 1112 172 1175 Sed
195 1111 290 1194 Capys
312 1120 380 1174 ante
403 1114 481 1175 iuit.
508 1131 635 1194 regnum
657 1113 816 1177 Tiberinus
839 1115 875 1176 ab
898 1116 956 1175 illis

10 1212 80 1263 015
102 1201 221 1284 Cepit,
244 1209 276 1264 et
297 1203 329 1263 iu
351 1201 443 1263 Tusoi
465 1201 620 1264 demersus
642 1201 773 1264 iluminis
796 1204 884 1264 undis

99 1289 236 1351 Nomina
258 1291 329 1351 iecit
351 1307 466 1369 aquae.
494 1290 531 1351 de
554 1307 612 1370 quo
636 1289 839 1371 Remulusque
862 1292 1005 1372 sororque

101 1380 220 1439 Acrota
242 1385 313 1439 sunt
334 1379 447 1457 geniti.
475 1377 618 1440 Remulus
641 1381 785 1441 maturior
808 1381 893 1441 annis

101 1466 266 1527 Fulmineo
288 1468 379 1546 periit
390 1513 400 1547 ‚
421 1468 553 1529 imitator
574 1467 729 1550 fulminis,
750 1468 829 1529 iotu.

102 1554 215 1615 Fratre
238 1572 292 1616 suo
316 1562 469 1633 sceptrum
490 1556 671 1617 moderatior
694 1556 802 1618 Acrota
824 1556 895 1618 lorti

16 1655 85 1705 eso
103 1641 215 1703 Tradit
236 1642 403 1703 Aventino.
433 1645 505 1724 qui,
528 1661 587 1722 quo
610 1653 771 1726 regnarat,
795 1643 915 1705 eodem·

102 1731 211 1792 Monte
233 1733 311 1792 iaoot
332 1731 470 1813 positus,
494 1730 658 1811 tribuitque
681 1731 823 1794 voeabula
846 1735 957 1794 monti.

104 1819 231 1898 lamque
252 1817 401 1880 Palatinae
424 1835 569 1880 summam
590 1817 686 1881 Proca
707 1822 805 1900 gentis
827 1819 974 1884 habebat.

104 1907 192 1986 Rege
214 1906 270 1968 sub
293 1906 350 1968 hoo
372 1905 503 1968 Pomona
526 1909 604 1988 init,
628 1926 686 1987 qua
709 1908 788 1970 nulla
811 1908 929 1970 Latinas

104 1996 193 2056 luter
214 1995 424 2075 hamadryadas
447 1994 539 2057 coluit
561 1996 711 2059 sollertius
733 1997 854 2078 hortos,

24 2094 89 2146 ⁶25
105 2082 173 2144 Neo
196 2083 253 2145 iuit
275 2083 391 2146 arborei
414 2084 575 2146 studiosior
599 2083 690 2146 altera
712 2086 810 2149 letus:

105 2169 196 2233 Unde
218 2179 301 2233 tenet
321 2189 452 2233 nomeu.
479 2190 540 2234 non
563 2173 651 2235 silvas
673 2173 722 2235 illa
745 2192 800 2235 neo
824 2191 926 2235 amnes
933 2221 944 2257 ,

106 2259 174 2321 llus
196 2268 274 2321 amat
295 2268 327 2321 ot
347 2276 446 2322 remos
468 2251 565 2322 ioli'oia
586 2280 674 2342 poma
697 2262 845 2324 serentes.

105 2347 172 2410 Neo
195 2348 289 2410 iaculo
312 2350 409 2428 gravis
432 2356 500 2431 est,
523 2347 575 2411 sed
599 2350 713 2411 adunca
736 2351 858 2412 dextera
881 2350 973 2432 iales,

31 2448 90 2500 oze
107 2436 175 2508 Qua
198 2436 285 2497 modo
307 2436 456 2498 luxuriem
477 2439 587 2517 premit
609 2446 641 2499 et
663 2441 819 2519 spatiantia
843 2446 946 2499 eontra

42 2558 90 2570 -—
106 2524 252 2586 Bracohia
274 2527 437 2605 compesuit
448 2572 458 2606 ,
481 2526 551 2586 lisso
574 2525 662 2587 modo
686 2530 797 2588 cortine
816 2527 930 2606 lignum

107 2613 239 2694 luserit,
263 2622 293 2675 et
315 2630 413 2676 stocos¹
426 2613 522 2675 alieno
544 2621 677 2694 praestat
699 2614 834 2677 alumno.

106 2701 172 2762 Neo
194 2703 305 2763 sentire
328 2703 409 2763 sitim
430 2704 543 2782 patitur
555 2749 565 2784 ‚
587 2701 764 2782 bibulaeque
787 2711 925 2766 retunsae

107 2788 228 2850 Radiois
250 2788 340 2850 libras
363 2788 531 2852 labentibus
553 2792 659 2871 irrigat
681 2791 786 2854 undis.

106 2877 164 2938 llic
186 2895 291 2960 amor,
313 2877 371 2939 hoo
392 2877 546 2940 studium.
573 2878 697 2940 Veneris
720 2898 838 2962 quoque
861 2881 942 2942 nulla

835 2970 943 3049 cupido
966 2977 1026 3034 est.

36 3067 91 3119 oso
106 3054 173 3116 Vim
195 3062 295 3117 nmen
317 3062 468 3135 agrestum
490 3062 627 3118 metuens
649 3060 780 3136 pomaria
803 3057 913 3120 claudit

105 3144 192 3205 lutus
204 3189 215 3225 ,
237 3152 269 3204 et
291 3161 429 3205 aooessus
451 3143 591 3224 probibet
613 3146 782 3224 refugitque
804 3145 921 3207 smiles.

106 3232 186 3305 Quid
209 3248 269 3293 non
292 3240 324 3294 et
347 3231 465 3315 Satyri,
488 3232 642 3294 saltatibus
666 3242 732 3313 apta
754 3236 911 3315 iuventus,

104 3320 218 3382 Fecere
242 3328 273 3382 et
294 3322 368 3402 pinu
390 3323 555 3401 praecineti
577 3339 690 3386 ooruua
712 3321 825 3402 Panes,

106 3408 326 3490 Silvanusque,
348 3411 412 3471 suis
435 3427 554 3490 semper
575 3410 734 3472 iuvenilior
757 3411 858 3491 anuis,

36 3510 92 3563 tto
106 3498 225 3578 Quique
245 3497 319 3560 deus
341 3498 425 3560 iures
446 3498 493 3560 vel
516 3499 591 3560 ialoe
602 3546 612 3581 ,
636 3498 683 3560 vel
704 3499 826 3577 inguine
849 3505 961 3582 terret,

104 3585 143 3648 ln
165 3593 343 3668 poterentur
366 3581 431 3649 eei
453 3586 506 3649 sed
529 3589 609 3649 enim
633 3585 792 3670 superabat
814 3587 937 3648 amando
