2467 4042
430 259 503 320 12
1245 255 1653 317 AMORUM

507 421 577 473 50
681 410 762 471 Ut
792 409 957 469 celer
984 408 1274 469 admissis
1306 408 1528 469 labitur
1557 409 1754 469 amnis
1794 411 1994 485 aquis.

591 497 760 554 Aera
786 492 978 565 nitent
1003 509 1140 552 usu.
1191 494 1386 553 vestis
1414 493 1583 553 bona
1614 492 1849 570 quaerit
1877 492 2112 554 haberi.

679 578 1022 638 Canescunt
1050 576 1210 653 turpi
1239 583 1400 636 tecta
1424 576 1637 636 relicta
1666 576 1805 636 situ.

589 663 839 736 Forma,
886 660 1004 719 nisi
1036 660 1349 736 admittaS‚
1395 661 1561 720 nullo
1594 669 1921 723 exercente
1954 661 2251 724 senescit.

672 746 801 806 Nec
833 745 983 805 satis
1016 744 1275 806 effectus
1304 761 1463 804 unus
1495 751 1556 804 et
1582 748 1736 805 alter
1763 744 2007 808 habent.

503 841 569 893 55
597 830 832 890 Certior
857 845 894 889 e
925 827 1161 902 multis,
1206 845 1323 889 nec
1346 829 1466 888 iam
1494 829 1805 889 invidiosa
1832 831 2051 906 rapina
2080 837 2191 890 est.

669 913 860 974 Plena
885 913 1054 973 venit
1081 914 1256 973 canis
1287 913 1365 973 de
1394 928 1581 988 grege
1612 913 1846 990 praeda
1872 915 2056 990 lupiS.

588 999 781 1070 Ecce,
832 997 981 1072 quid
1012 996 1130 1056 iste
1159 1005 1302 1058 tuus
1332 1003 1578 1072 praeter
1606 1013 1771 1057 nova
1802 1000 2073 1059 carmina
2103 1005 2288 1057 vates

672 1081 918 1143 Donat?
971 1082 1285 1142 Amatoris
1316 1081 1482 1140 milia
1511 1082 1696 1142 multa
1723 1082 1914 1157 leges.

588 1167 733 1243 'ipse
764 1166 919 1226 deus
948 1170 1155 1226 vatum
1193 1166 1357 1241 palla
1387 1165 1742 1240 spectabilis
1779 1183 1966 1226 aurea

505 1260 575 1314 60
677 1250 918 1310 Tractat
948 1250 1263 1309 inauratae
1296 1265 1574 1310 consona
1606 1249 1712 1310 fila
1739 1251 1939 1327 lyrae..

594 1334 704 1410 Qui
736 1333 933 1408 dabit,
978 1335 1078 1393 ille
1102 1333 1209 1395 tibi
1235 1349 1463 1409 magno
1496 1332 1577 1394 sit
1603 1333 1800 1394 maior
1827 1323 2120 1394 Homero.

678 1419 872 1479 Crede
899 1418 1075 1492 mihi,
1119 1434 1223 1478 res
1255 1425 1351 1478 est
1375 1417 1700 1515 ingeniosa
1729 1419 1898 1479 dare.

589 1504 715 1563 Nec
745 1509 839 1577 tu,
885 1503 1081 1578 siquis
1114 1493 1228 1563 erit
1242 1494 1477 1578 capitis
1491 1494 1795 1562 merc'ede
1823 1502 2214 1577 redemptuS‚

671 1587 960 1662 Despice.
1020 1587 1272 1664 'gypsati
1303 1587 1528 1646 crimen
1561 1586 1743 1645 inane
1776 1587 1974 1663 pedis.

507 1682 573 1736 65
596 1673 722 1732 Nec
752 1679 811 1730 te
841 1670 1149 1747 decipiant
1179 1677 1420 1732 veteres
1460 1670 1850 1762 quinquatria
1884 1685 2082 1730 cerae.

673 1756 841 1815 Tolle
871 1763 1011 1817 tuos
1044 1764 1276 1829 tecum,
1324 1770 1562 1831 pauper
1496 1744 1851 1830 amator,
1899 1761 2087 1817 avos!

533 1840 705 1915 Qui
746 1840 891 1914 quia
921 1839 1175 1917 pulcher
1205 1839 1348 1914 erit,
1400 1845 1618 1914 poscet
1646 1841 1780 1899 sine
1810 1854 2062 1898 munere
2094 1846 2373 1909 noctem,

679 1925 855 1999 Quod
883 1925 1011 1998 det,
1046 1931 1381 1984 amatorem
1411 1922 1645 1997 flagitet
1674 1931 1815 1983 ante
1848 1940 2044 1982 suum.

591 2009 840 2069 Parcius
872 2009 1098 2084 exigito
1132 2007 1420 2083 pretium,
1468 2007 1612 2067 dum
1641 2009 1794 2068 retia
1822 2006 2055 2082 tendiS,

510 2102 580 2158 70
684 2093 774 2151 Ne
806 2092 1055 2167 fugiant.
1115 2098 1331 2167 captos
1365 2091 1605 2166 legibus
1636 2108 1745 2151 ure
1778 2091 1917 2152 tuis.

588 2178 712 2236 Nec
742 2177 950 2236 nocuit
980 2177 1300 2237 simulatus
1331 2191 1521 2236 amor.
1581 2176 1745 2249 sine,
1781 2175 1996 2257 credat
2024 2176 2248 2234 amari.

671 2261 756 2320 At
783 2275 968 2335 cave,
1007 2275 1086 2320 ne
1115 2259 1304 2336 gratis
1324 2258 1426 2320 hic
1458 2259 1564 2320 tibi
1595 2266 1835 2321 constet
1864 2254 2053 2319 amor.

596 2345 801 2421 Saepe
828 2361 990 2420 nega
1018 2353 1256 2405 noctes.
1318 2343 1536 2421 capitis
1570 2327 1783 2405 mod*
1791 2345 1956 2418 finge
1988 2343 2303 2417 dolorem,

674 2429 751 2488 Et
777 2429 963 2489 modo
997 2445 1156 2504 quae
1186 2445 1409 2489 causas
1441 2429 1762 2504 praebeat,
1808 2428 1926 2488 Isis
1959 2427 2089 2487 erit.

506 2523 575 2579 75
596 2513 744 2573 Mox
771 2513 1011 2588 recipe,
1055 2520 1122 2574 ut
1149 2514 1378 2573 nullum
1413 2512 1680 2588 patiendi
1714 2512 1962 2587 colligat
1991 2528 2203 2587 usum,

671 2599 841 2658 Neve
877 2599 1245 2658 relentescat
1273 2613 1463 2672 saepe
1492 2599 1779 2672 repulsus
1811 2612 2002 2656 amor.

594 2681 796 2742 Surda
826 2683 906 2742 sit
934 2683 1129 2742 oranti
1161 2689 1263 2742 tua
1293 2681 1505 2755 ianua,
1548 2683 1693 2742 laxa
1723 2681 1959 2740 ferenti.

673 2766 907 2826 Audiat
935 2766 1173 2826 exclusi
1202 2765 1396 2826 verba
1424 2771 1714 2841 receptus
1747 2780 1983 2825 amans.

589 2850 690 2922 Et,
739 2850 917 2926 quasi
947 2851 1120 2910 laesa
1150 2849 1348 2926 prim,
1387 2865 1847 2924 nonnumquam
1877 2849 2151 2908 irascere
2182 2849 2384 2908 laeso·

506 2943 577 2998 80
682 2935 995 2995 vanescet
1024 2937 1207 3011 culpa
1235 2934 1417 3008 culpa
1446 2949 1713 3009 repensa
1746 2939 1864 2992 tua.

594 3018 721 3079 Sed
749 3035 1080 3094 numquam
1112 3018 1360 3078 dederis
1391 3019 1736 3093 spatiosum
1766 3023 2006 3092 tempus
2036 3016 2098 3075 in
2132 3017 2304 3075 iram.

681 3102 884 3177 Saepe
923 3104 1262 3163 simultates
1293 3101 1384 3162 ira
1411 3117 1547 3161 moi
1550 3108 1650 3160 ata
1681 3101 1841 3161 facit.

595 3188 748 3262 Quin
778 3187 960 3248 etiam
990 3187 1231 3247 discant
1263 3186 1421 3246 oculi
1452 3186 1773 3246 lacrimare
1803 3183 2031 3246 coacti.

678 3271 756 3331 Et
784 3270 1012 3332 faciant
1039 3272 1195 3331 udas
1227 3271 1329 3329 ille
1358 3271 1458 3330 vel
1487 3270 1589 3329 ille
1617 3285 1831 3344 genas,

512 3363 579 3418 85
600 3356 758 3428 Nec,
806 3354 1048 3431 siquem
1091 3356 1299 3428 falleS,
1345 3360 1409 3413 tu
1438 3353 1754 3429 periurare
1783 3353 2023 3413 timetoe

681 3437 1040 3499 Commodat
1069 3440 1130 3499 in
1161 3441 1336 3499 lusus
1368 3438 1617 3497 numina
1645 3438 1836 3498 surda
1854 3437 2091 3495 Venus.

605 3521 834 3582 Servus
865 3524 1037 3591 etad
1069 3530 1277 3599 partes
1309 3523 1530 3583 sollers
1565 3522 1781 3581 ancilla
1815 3524 2131 3596 parentur,
