2467 4042
270 360 273 366 .
368 300 680 377 tnta-ale.

6 432 8 497 l
125 452 305 527 Purpureus
323 455 428 515 Lunae
443 456 592 530 sanguine
609 456 709 515 vultus
730 463 803 516 erat.

6 568 8 573 ·
91 536 170 595 lianc
185 552 244 612 ego
260 548 432 600 nocturnos
449 555 571 599 versam
586 541 714 600 volitare
730 557 786 616 per
800 542 922 604 umbras

6 602 8 659 i
131 619 297 698 Suspicor,
322 630 352 684 et
366 625 471 699 pluma
486 606 600 700 oo'fpus
616 624 696 684 anile
712 626 782 701 tegi.

61 710 88 765 ll
97 703 254 781 Suspicor,
280 714 312 767 et
326 708 408 767 lama
422 710 505 819 est(
517 707 621 768 Oculis
644 725 769 785 quoque
785 711 900 786 pupula
916 713 1027 792 duplex

131 787 296 865 Fulminat,
319 798 350 853 et
366 793 488 866 gemino
505 793 606 852 lumen
624 792 663 853 ab
680 793 754 853 orbe
769 796 882 938 veuit.)

96 872 203 933 Evocat
216 876 353 951 antiquis
371 893 507 951 proavos
523 884 697 951 atavosque
712 879 900 955 sepulchr's,

9 1022 10 1041 χ
133 957 168 1017 Et
181 958 313 1021 solidam
326 961 423 1036 longo
437 961 572 1021 carmine
585 961 674 1021 lindit
688 961 822 1022 humum.

10 1060 11 1063 ¹
97 1041 173 1100 Haec
186 1044 245 1104 sibi
260 1047 428 1122 proposuit
442 1045 592 1106 thalamos
608 1051 760 1134 temerare
772 1047 915 1124 pudicos.

47 1132 94 1211 ‚to
137 1124 195 1186 Nec
209 1134 309 1189 tamen
325 1131 450 1205 eloquio
465 1131 570 1205 lingua
584 1137 715 1190 nocente
730 1139 822 1191 caret.
881 1156 890 1210 p

11 1248 12 1261 r
99 1209 170 1270 Fors
183 1229 231 1273 me
246 1215 382 1274 sermoni
399 1222 507 1275 testem
523 1216 616 1275 dedit.
645 1215 697 1274 ilia
712 1215 857 1275 monebat

13 1300 14 1307 ’
134 1294 242 1358 Talia...
259 1315 308 1359 me
322 1300 463 1375 duplices
480 1301 644 1361 occuluere
659 1300 774 1359 iores...

102 1377 174 1439 ‘Seis
189 1381 320 1456 berete,
344 1399 412 1444 mea
429 1386 497 1459 lun,
516 1383 622 1446 iuveni
638 1384 794 1459 placuisse
811 1384 922 1471 beato?

137 1464 253 1542 Haesit,
275 1474 304 1527 et
318 1467 349 1528 iu
373 1469 458 1529 voltu
473 1469 607 1529 constitit
622 1484 724 1544 usque
737 1474 800 1529 luo.

15 1530 19 1619 ἶ
70 1546 136 1607 nit
148 1535 270 1612 cu'ffnon
284 1553 433 1628 placeas?
460 1536 599 1614 nulli'br'a
616 1553 715 1613 lorum
729 1554 869 1614 secunda
884 1562 941 1618 est

15 1684 16 1693 ,
138 1633 183 1693 lde
196 1636 353 1711 miseram,
379 1638 491 1712 dignus
513 1653 645 1712 corpore
660 1639 759 1698 cultus
778 1638 881 1698 abest!

16 1716 20 1747 '-
102 1715 165 1777 Tau
177 1719 247 1781 ielix
266 1736 371 1794 esses,
396 1740 489 1797 quam
503 1722 746 1797 formosissima,
767 1722 892 1782 vellem:

15 1868 16 1881 χ
138 1802 199 1865 Non
213 1821 284 1880 ego,
309 1813 339 1865 te
355 1806 436 1867 lacta
452 1806 560 1881 divite,
582 1821 704 1883 pauper
719 1822 783 1867 ero.

16 1884 19 1945 i
105 1884 184 1947 Stella
200 1889 248 1950 tibi
264 1890 402 1966 oppositi
416 1892 522 1952 nocuit
537 1892 691 1951 conuaria
704 1890 820 1951 Martis.

72 1973 99 2027 tt
139 1971 215 2033 Mars
229 1974 309 2035 abiit.
337 1975 426 2051 signo
442 1992 523 2036 nuric
538 1978 646 2037 Venus
663 1982 735 2053 apta
749 1992 818 2036 suo.

105 2053 190 2116 Prosit
208 2065 238 2119 ul
250 2059 437 2136 adveniens,
461 2076 499 2121 eu
515 2060 637 2136 aspice,
662 2047 750 2121 dites
766 2066 912 2181 amator]

17 2166 21 2249 p
138 2143 175 2200 le
189 2144 287 2220 cupiit.
318 2160 426 2220 curae,
449 2145 524 2220 quid
540 2144 592 2206 tibi
608 2144 704 2221 desit,
726 2144 828 2205 habet.

16 2252 20 2299 2,
105 2222 151 2285 Est
162 2228 244 2288 etiam
260 2228 373 2303 iacles,
397 2246 478 2304 quae
494 2244 530 2290 se
544 2229 597 2290 tibi
613 2235 775 2305 conparet,
797 2229 859 2289 illi=

17 2308 22 2393 ',
140 2309 208 2372 Sile
224 2329 286 2373 non
302 2321 434 2390 emptam
449 2315 556 2387 vellet,
578 2315 727 2375 emendus
746 2314 834 2373 erat!

17 2396 22 2523 ,
74 2392 225 2457 librabuit.
252 2399 363 2459 ‘Decet
378 2399 448 2459 alba
463 2399 589 2474 quidem
604 2398 709 2475 pudor
723 2414 786 2460 oro.
818 2398 875 2457 sed
891 2397 966 2473 iste,

18 2530 22 2547 .
140 2479 167 2540 Si
179 2481 318 2554 simules,
342 2483 478 2558 prodest.
511 2499 602 2543 verus
620 2483 734 2557 obesse
749 2483 838 2543 solet.

17 2562 23 2625 i
107 2560 166 2622 Cum
179 2565 252 2627 bene
269 2567 397 2628 deiectis
409 2569 558 2643 gremium
573 2569 725 2644 spectaris
743 2566 865 2641 ocellis,

17 2640 24 2737 ξ
141 2648 428 2749 Quartino-grimmo
443 2653 535 2728 ierat,
558 2652 775 2728 respiciendus
792 2652 857 2711 erit.

17 2742 24 2765 ¹
104 2729 223 2795 Forsitan
237 2737 418 2811 inmundae,
437 2736 523 2797 Tatio
538 2745 702 2813 regnante,
725 2736 859 2796 Sabinae

18 2780 23 2873 !
74 2817 100 2870 ib
139 2816 285 2880 Noluerint
298 2820 418 2881 habiles
434 2820 574 2897 pluribus
588 2837 661 2882 esse
676 2820 761 2882 viris.

18 2900 23 2987 j
105 2897 174 2961 llunc
186 2900 265 2965 biars
283 2906 419 2966 externis
435 2905 555 2966 animos
571 2913 695 2966 exercet
714 2907 743 2965 in
761 2905 870 2965 armis:

19 3014 24 3075 ι
137 2986 170 3045 rit
180 2989 283 3050 Venus
299 2992 427 3051 Aeneae
440 2997 549 3065 regnat
563 2990 594 3050 iu
610 2991 684 3051 urbe
700 2990 757 3051 sui.

19 3100 24 3127 .
106 3066 386 3135 luduutlomrosae.
419 3081 582 3147 castaest‚
608 3088 805 3150 quemnemo
820 3074 954 3148 rogavits

19 3166 24 3203 t
135 3157 202 3230 Aut,
225 3158 252 3219 si
266 3159 422 3220 rusticitas
437 3176 501 3220 non
516 3166 613 3236 vetat,
636 3160 707 3237 ipsa
721 3166 819 3234 rogat.

76 3234 155 3299 tollas
169 3257 305 3318 quoque,
325 3260 402 3319 quas
418 3244 527 3305 ironiis
542 3260 637 3320 rugas
652 3245 683 3303 in
699 3245 816 3305 vertice
831 3250 953 3318 portas,

134 3322 250 3387 litarde
278 3328 318 3388 de
332 3328 418 3405 rugis
435 3327 562 3389 crimina
576 3330 670 3389 multa
685 3330 806 3389 cadent.

21 3468 26 3477 ,
103 3402 237 3486 Penelope
252 3410 398 3474 iuvenum
413 3412 496 3474 vires
513 3413 679 3490 temptabat
693 3414 724 3474 in
740 3429 829 3475 arcus

21 3488 27 3501 '
135 3490 183 3565 Qui
199 3495 276 3558 latus
292 3503 449 3573 argueret,
475 3510 607 3560 comeus
625 3514 716 3560 arcus
732 3505 806 3559 emt.

104 3571 208 3639 Labitur
222 3582 357 3655 occulte,
381 3582 519 3661 fallitque
535 3582 677 3643 volubilis
699 3590 800 3659 aetas,
