2467 4042
423 278 471 328 111.
491 288 526 327 vr
538 278 671 328 45-vm
686 278 726 325 11.
1015 272 1079 339 183

203 440 248 501 lu
270 439 347 501 mala
369 441 426 500 iam
449 439 565 518 pridem
588 456 648 500 non
671 456 775 499 surmus
798 437 857 499 ulla
880 438 990 499 rudes.

160 528 300 589 Venimus
322 531 354 588 in
378 527 497 588 Geticos
519 529 616 588 lines.
658 529 820 587 moriamur
842 529 874 587 in
896 525 972 588 illisi

113 629 146 678 20
203 617 355 695 Parcaque
379 616 415 677 ad
438 624 605 677 extremum
629 633 686 694 qua
709 633 774 676 mea
798 617 914 695 coepit,
938 622 1002 676 eat.

161 704 251 783 Spem
272 706 353 766 iuvat
371 704 529 785 amplecti,
549 721 624 783 quae
647 721 707 764 non
729 705 811 763 iuret
832 705 922 764 inrita
946 721 1079 783 semper:

202 792 242 853 Et
263 794 329 853 lieri
352 795 454 871 cupias
478 795 563 871 siqua
586 793 686 853 lutura
708 801 814 870 putes.

158 880 315 941 Proximus
338 880 408 942 huic
430 880 540 960 gradus
563 889 609 941 est
631 879 708 940 bene
731 878 890 959 desperare
914 880 1056 961 salutem,

204 968 302 1047 Seque
326 969 418 1031 semel
440 987 510 1029 vera
533 971 610 1030 seire
633 969 747 1047 perisse
770 966 848 1029 lide.

112 1069 145 1117 25
160 1056 296 1118 Curando
320 1058 386 1118 lieri
409 1057 552 1137 quaedam
576 1058 687 1117 maiora
709 1055 844 1117 videmus

203 1144 352 1227 Vulnera,
376 1164 452 1225 quae
475 1145 581 1206 melius
604 1163 666 1206 non
689 1147 822 1223 tetigisse
845 1144 919 1206 luit.

158 1233 258 1295 Mittus
280 1233 330 1295 iile
352 1236 453 1314 perit,
478 1233 575 1295 subita
599 1235 651 1311 qui
674 1235 819 1311 mergitur
842 1233 938 1312 unda,

203 1321 298 1392 Quam
321 1339 374 1382 sua
397 1324 449 1401 qui
472 1322 593 1383 tumidis
617 1320 737 1381 brachia
759 1320 849 1382 lassat
872 1323 973 1400 aquis.

159 1407 219 1469 Cur
242 1427 297 1486 ego
321 1412 446 1488 concepi
470 1409 615 1488 Scythicis
638 1426 686 1469 me
708 1427 797 1487 posse
821 1426 923 1470 carere

110 1509 145 1558 30
203 1495 350 1576 Finibus,
373 1505 404 1557 et
427 1507 507 1557 terra
529 1499 720 1576 prosperiore
743 1493 829 1557 frui?

159 1583 219 1645 Cur
242 1583 352 1662 aliquid
376 1583 413 1644 de
436 1602 483 1644 me
508 1585 624 1663 speravi
646 1583 742 1644 lenius
765 1580 933 1662 umquam?

202 1670 246 1731 An
271 1672 389 1734 fortuna
412 1672 485 1732 mihi
508 1675 551 1732 sie
574 1689 639 1732 mea
662 1680 732 1732 nota
754 1668 838 1732 suit?

158 1759 314 1839 Torqueor
337 1778 375 1820 en
394 1762 529 1839 gravius.
560 1761 745 1839 repetitaque
764 1759 859 1820 iorma
877 1758 1010 1820 locorum
1022 1772 1079 1823 (101)

195 1846 330 1927 ,Exilium
352 1857 476 1909 renovat
498 1849 606 1928 triste,
628 1865 795 1926 recensque
818 1848 905 1908 iacit.

109 1948 145 1997 35
160 1934 214 1996 Est
236 1943 336 1996 tamen
358 1936 482 2015 utilius,
507 1936 640 1997 studium
663 1952 795 1997 cessasse
819 1954 973 2015 meorum,

204 2023 299 2095 Quam
311 2071 320 2105 ,
344 2043 417 2104 quas
441 2024 589 2086 admorint
601 2070 610 2104 ,
633 2042 694 2084 non
716 2024 843 2086 valuisse
866 2042 989 2103 preces.

157 2111 262 2189 Magna
285 2113 405 2191 quidem
427 2131 477 2174 res
501 2121 547 2173 est
558 2159 567 2192 ,
592 2130 679 2191 quam
703 2130 763 2172 non
787 2112 924 2194 audetis,
947 2114 1051 2194 amici,

203 2199 262 2260 Sed
286 2202 380 2280 siquis
403 2208 541 2282 peteret,
564 2204 616 2280 qui
639 2200 710 2260 dare
734 2200 843 2281 vellet,
867 2209 947 2261 erat.

158 2287 324 2350 Dummodo
347 2307 407 2351 non
430 2289 516 2350 nobis
539 2289 596 2350 hoe
620 2288 753 2350 Caesaris
777 2291 821 2350 ira
844 2290 976 2369 negarit,

107 2388 145 2438 40
204 2375 335 2439 Fortiter
358 2377 482 2439 Euxinis
504 2379 700 2439 inmoriemur
723 2378 825 2456 aquis,

524 2570 622 2644 VIII.

157 2728 240 2800 Quae
263 2727 318 2791 tibi
330 2777 339 2810 ,
363 2729 563 2809 quaerebam,
587 2747 750 2793 memorem
774 2732 910 2793 testantia
933 2748 1036 2792 curam

200 2817 283 2879 Dona
306 2817 479 2880 Tomitanus
502 2822 620 2880 mittere
643 2827 746 2899 posset
768 2836 856 2899 ager.

157 2905 270 2986 Dignus
294 2924 326 2967 es
349 2916 494 2987 argento,
516 2907 596 2969 iulvo
621 2926 740 2988 quoque
764 2909 879 2987 dignior
903 2925 993 2972 auro:

202 2994 260 3055 Sed
284 3004 336 3074 te,
359 3013 428 3057 cum
451 2995 564 3077 donas,
586 2999 644 3058 ista
666 2999 768 3058 iuvare
791 2996 904 3058 solent.

124 3081 218 3143 nNec
241 3092 340 3142 tamen
363 3083 436 3143 haee
458 3083 522 3145 loca
545 3093 616 3146 sunt
640 3083 698 3147 ullo
722 3086 852 3164 pretiosa
875 3081 1010 3145 metallo:

202 3168 303 3229 Hostis
326 3169 363 3229 ab
386 3170 514 3249 agricola
536 3174 583 3232 vix
608 3173 679 3232 sinit
701 3171 750 3233 iila
773 3171 851 3232 lodi.

157 3257 294 3335 Purpura
317 3274 405 3336 saepe
428 3265 496 3318 tuos
519 3259 636 3336 fulgens
659 3261 805 3337 praetexit
828 3259 971 3320 amictus.
1000 3289 1004 3296 x

202 3343 260 3405 Sed
284 3363 345 3406 non
369 3345 531 3406 Sarmatico
555 3347 679 3424 tingitur
702 3347 752 3409 iila
774 3348 866 3407 mari.

157 3432 271 3493 Vellera
294 3433 369 3494 dura
391 3434 492 3495 lerunt
514 3434 668 3515 pecudes,
692 3444 722 3496 et
744 3433 869 3497 Palladis
893 3436 936 3494 uti

105 3534 140 3582 10
200 3523 271 3583 Arte
294 3521 465 3583 Tomitanae
489 3541 549 3583 non
573 3522 703 3584 didicere
727 3541 839 3585 nurus·

157 3609 277 3671 Femina
300 3628 355 3690 pro
379 3611 444 3672 iana
468 3609 590 3672 Cerialia
614 3629 739 3674 munera
761 3612 887 3691 trangit,
