2467 4042
344 241 655 319 uaso-am.

127 399 327 475 pudorum,
350 403 422 472 apte
439 395 511 471 quid
528 396 581 457 tibi
597 396 700 472 possit
714 397 790 456 emir

89 484 121 542 Et
133 474 188 544 sibi
202 497 295 559 pauca
308 490 428 556 rogent.
456 480 570 541 Multos
585 480 613 540 si
627 496 729 555 pauca
742 479 909 557 rogabunt,

57 575 85 629 to
129 566 286 628 Postmodo
302 566 342 625 de
357 565 472 641 stipula
491 564 618 639 grandis
633 579 763 626 acervus
779 564 844 626 erit.

88 651 121 711 tlt
133 667 230 726 soror,
251 658 279 711 et
291 656 401 724 mater,
422 649 525 710 nutrix
540 664 666 725 qnoque
682 655 789 724 carpat
803 658 968 712 amantem

123 735 166 795 on
180 736 237 797 cito
251 750 304 810 per
315 734 430 795 multas
445 732 562 809 praeda
578 734 672 805 petita
685 750 805 793 manus.

92 820 155 880 turn
167 825 196 879 te
210 818 348 879 deficient
362 817 515 893 poscendi
530 833 660 877 munera
675 832 804 883 causae,

125 903 251 964 Natalem
265 903 325 963 libo
340 901 508 962 testificare
521 908 615 961 tuum.

58 986 131 1047 tolle
142 1003 262 1049 securus
278 993 358 1047 amet
373 987 456 1046 nullo
470 986 584 1059 rivale,
602 993 726 1046 caueto:

125 1071 186 1132 Non
198 1072 289 1147 bene,
312 1071 340 1131 si
354 1070 446 1131 tollas
462 1069 597 1146 proelia,
622 1072 712 1130 durat
727 1086 823 1130 amor.

90 1155 137 1215 llle
148 1155 202 1216 uiri
212 1155 311 1215 videat
325 1160 390 1216 toto
406 1154 540 1229 vestigia
556 1154 651 1227 lecto,

125 1238 266 1316 Factaque
280 1239 407 1301 lascivis
420 1238 516 1300 livida
533 1239 613 1298 colla
628 1240 719 1299 notis.

90 1321 201 1383 Munera
213 1323 379 1399 praecipue
396 1324 515 1396 videat,
539 1339 621 1398 quae
635 1323 753 1384 miserit
767 1325 852 1385 ulter.

47 1412 84 1464 lto
128 1405 156 1467 Si
170 1407 283 1468 dederit
295 1424 405 1479 nemo,
423 1407 741 1495 Sacrarpgandovia
754 1417 811 1470 est.

92 1490 152 1550 cum
164 1495 253 1553 multa
267 1491 445 1567 abstuleris,
461 1492 573 1552 utnon
588 1499 689 1552 tamen
707 1494 809 1553 onmia
821 1493 932 1566 donet,

129 1574 205 1649 Quod
218 1592 384 1652 numquam
399 1576 531 1649 reddas,
554 1577 743 1651 commodet,
766 1578 837 1653 ipsa
850 1593 936 1651 roga.

92 1655 188 1734 Lingua
201 1661 296 1735 iuvet,
319 1670 516 1737 mentemque
530 1666 622 1735 tegat.
651 1661 809 1736 blandire,
832 1677 987 1738 nonoque:

125 1741 211 1818 Impia
225 1743 281 1805 sub
298 1743 382 1805 dulci
396 1745 486 1804 melle
501 1760 624 1804 venena
638 1747 741 1806 latent.

49 1823 159 1887 rcflaec
172 1829 197 1887 si
210 1829 399 1905 praestiteris
416 1845 478 1889 usu
492 1828 565 1888 mihi
581 1830 704 1904 cognita
716 1832 827 1906 longo,

124 1909 178 1971 llcc
189 1913 308 1973 tulerint
323 1928 419 1974 voces
435 1920 545 1973 ventus
561 1920 592 1973 et
605 1929 682 1974 aura
695 1931 799 1989 meas,

96 1991 177 2071 Saepe
189 1997 260 2059 mihi
275 1997 362 2058 dices
377 1994 468 2058 vivae
484 1996 582 2071 bene,
603 2014 700 2074 saepe
714 1998 856 2074 rogabis,

125 2078 159 2140 Ut
168 2097 233 2143 mea
248 2081 410 2143 delunctae
422 2082 555 2142 molliter
568 2097 644 2143 ossa
664 2082 799 2143 cubent?
816 2084 820 2091 '

93 2159 150 2223 Vox
161 2174 219 2227 erat
230 2166 262 2226 in
280 2182 389 2239 cursu,
413 2182 481 2226 cum
495 2181 545 2225 me
560 2182 629 2227 mea
643 2167 782 2244 prodidit
794 2167 913 2229 umbra.

51 2247 86 2301 111
124 2248 158 2306 nt
169 2258 290 2312 nostrae
303 2250 359 2310 vix
374 2266 409 2311 se
424 2250 603 2312 continuere
617 2268 744 2327 manus,

97 2327 156 2401 Quin
169 2334 263 2395 albam
276 2350 441 2409 raramque
457 2350 577 2395 comam
592 2336 822 2411 lacrimosaque
839 2336 909 2398 vino

125 2413 239 2479 Lumina
251 2435 384 2495 rugosas
400 2418 667 2495 distraherentque
681 2436 788 2496 genas.

94 2494 122 2554 oi
132 2500 178 2561 tibi
189 2502 259 2563 dent
272 2503 439 2579 nullosque
452 2505 534 2564 lares
551 2503 739 2580 inopemque
755 2511 924 2578 senectam,

128 2581 159 2642 Et
169 2585 271 2663 longas
286 2587 405 2648 hiemes
421 2594 664 2664 perpetuamque
681 2589 777 2649 sitim!

57 2707 75 2799 ὓ
96 2710 189 2816 Minui
201 2759 299 2819 omnis
315 2775 437 2831 amans,
462 2766 491 2819 et
505 2760 598 2819 habet
613 2775 671 2819 sua
686 2766 787 2819 castra
803 2758 935 2834 Cupido:

126 2840 225 2920 Attice,
247 2845 445 2921 credamini,
466 2846 572 2907 militat
586 2847 685 2907 omnis
701 2862 818 2907 amans.

97 2915 163 2989 Quae
176 2926 252 2992 bello
268 2937 316 2991 est
330 2929 456 3005 habilis,
471 2931 586 2991 Veneri
603 2947 731 3006 quoquc
747 2929 889 2992 convenit
903 2937 988 2990 aetas

127 3005 212 3086 liupo
225 3031 325 3076 senex
338 3015 441 3087 miles,
464 3022 554 3090 turpe
573 3016 681 3076 senilis
699 3031 794 3076 emor.

77 3082 163 3158 5011118
177 3100 285 3170 petiere
300 3099 397 3160 duces
414 3116 512 3160 annos
527 3099 558 3159 in
576 3100 669 3160 milite
686 3100 771 3172 lorti,

128 3170 182 3238 Hos
194 3183 265 3256 petit
278 3185 310 3244 in
328 3183 415 3244 socio
429 3183 512 3244 bella
526 3185 629 3259 puella
644 3193 721 3245 toro.

97 3247 252 3336 Pervigilant
266 3267 366 3329 ambo.
393 3276 474 3329 terra
487 3268 655 3344 requiescit
668 3278 812 3342 uterque:

121 3338 174 3439 ¹Ille
187 3348 264 3412 loros
280 3352 425 3413 dominae
439 3359 557 3427 servat,
579 3360 611 3413 at
626 3354 677 3412 illc
692 3354 789 3414 ducis.

97 3415 178 3488 Mlltlts
191 3434 322 3497 cilicium
337 3438 429 3513 longa
444 3445 492 3497 cst
504 3437 563 3497 via.
595 3436 681 3498 Mitte
696 3440 845 3513 puellam,

71 3503 95 3555 ¹⁰
133 3506 262 3581 Strenuus
278 3528 422 3597 exempto
438 3522 499 3582 dne
514 3529 660 3597 sequetur
674 3538 798 3582 amans:
