2467 4042
420 204 528 264 124
1177 202 1676 264 HEROIDES.

660 356 1077 432 Securumque
1108 359 1288 432 quies
1316 357 1436 419 alta
1464 373 1576 433 per
1603 359 1811 434 Argos
1841 367 1997 421 erat=

488 452 548 504 35
580 444 632 500 [li
648 460 704 500 re
716 458 809 502 um
840 457 937 501 me
965 442 1224 516 gemitus
1253 440 1617 502 morientum
1649 444 1868 504 audire
1881 434 2215 506 videbar...

656 528 728 584 Et
755 532 956 586 tamen
993 526 1337 601 audieram,
1384 526 1677 602 quodque
1715 527 2001 601 verebar,
2047 538 2198 592 erat.

572 611 834 684 Sanguis
865 609 1015 685 abit,
1060 616 1450 686 mentemque
1479 610 1649 670 calor
1678 626 2033 689 corpusque
2062 614 2382 691 relinquit,

656 696 844 769 inque
872 709 1037 754 novo
1069 695 1226 754 iacui
1260 693 1480 768 frigida
1510 694 1671 755 facta
1702 703 1855 757 toro.

576 780 644 840 Lt
676 779 793 838 leni
823 777 1099 855 zephyro
1131 778 1392 853 graciles
1424 778 1740 841 vibrantur
1769 781 2014 855 aristae,
2064 808 2069 816 ·

500 884 528 920 ι
540 884 552 920 ι
660 862 902 938 Frigida
935 864 1239 938 populeas
1267 869 1336 922 ut
1364 863 1559 938 quatit
1586 879 1735 924 aura
1764 878 1993 941 comaS,

572 952 688 1008 ant
720 947 836 1022 sic,
882 953 985 1007 aut
1015 947 1195 1007 etiam
1224 947 1442 1007 tremui
1471 948 1686 1024 magis.
1753 950 1899 1025 Ipse
1922 950 2201 1027 iacebam,

660 1032 944 1105 Quaeque
974 1031 1082 1090 tibi
1112 1031 1406 1091 dederam
1436 1033 1610 1107 vina,
1647 1034 1896 1109 soporis
1927 1042 2113 1096 erant.

576 1120 915 1176 Excussere
945 1123 1168 1176 metum
1198 1116 1449 1176 violenti
1478 1116 1650 1177 iussa
1683 1118 1988 1193 parentis:
2071 1138 2075 1143 ·

656 1200 897 1274 Erigor,
947 1205 1007 1260 et
1036 1201 1217 1275 capio
1254 1200 1375 1260 tela
1408 1207 1706 1262 tremente
1735 1217 1934 1262 manu.

488 1299 548 1344 45
580 1288 704 1344 Heu
740 1298 851 1358 ego
885 1284 1041 1344 falsa
1079 1285 1317 1359 loquar.
1361 1290 1455 1346 tcr
1483 1291 1725 1345 acutum
1757 1288 2000 1347 sustulit
2027 1302 2272 1362 ensem,

656 1368 769 1428 Ter
798 1368 956 1427 male
986 1368 1225 1428 sublato
1259 1369 1512 1430 reccidit
1541 1384 1694 1430 ense
1725 1385 1966 1433 manus.

579 1462 620 1512 ,ἐι
632 1451 846 1512 dmovi·
863 1451 1137 1528 iugulo...
1177 1453 1311 1513 sine
1339 1468 1439 1513 me
1466 1453 1574 1514 tibi
1605 1469 1754 1515 vera
1784 1455 2019 1516 fateri...

656 1536 923 1596 Admovi
955 1537 1159 1612 iugulo
1192 1537 1312 1598 tela
1340 1543 1597 1613 paterna
1623 1543 1759 1600 tuo=

572 1624 696 1680 {fied
728 1620 905 1680 timor
934 1627 993 1681 et
1023 1622 1222 1697 pietas
1252 1622 1607 1683 crudelibus
1639 1621 2085 1697 obstitivausis,

488 1720 556 1764 5u
664 1708 965 1780 Castaque
996 1707 1347 1767 mandatum
1383 1706 1600 1767 dextra
1626 1707 1851 1782 refugit
1882 1724 2058 1783 opus.

572 1792 916 1864 Purpureos
946 1791 1169 1851 laniata
1198 1791 1404 1864 sinuS‚
1417 1792 1680 1853 ‘laniata
1711 1792 1970 1867 capillos

656 1875 891 1949 Exiguo
922 1874 1049 1935 dixi
1078 1874 1225 1936 talia
1255 1837 1444 1936 verb’a
1474 1891 1632 1938 sono

572 1960 867 2033 51evus,
912 1959 1425 2058 Hypermnestra,
1470 1967 1643 2036 pater
1672 1958 1921 2021 esttibi.
1975 1962 2144 2022 iussa
2181 1966 2464 2038 parentis

660 2043 864 2104 Effice.
907 2045 1215 2119 germanis
1249 2043 1329 2104 sit
1356 2058 1566 2104 comcs
1595 2045 1710 2105 iste
1740 2044 1920 2106 suis.

487 2140 552 2188 55
580 2128 823 2188 Femina
853 2144 989 2188 sum
1020 2135 1096 2188 et
1111 2130 1320 2204 virgo,
1359 2135 1581 2189 natura
1611 2128 1772 2189 mitis
1801 2136 1866 2190 et
1894 2130 2100 2190 annis·

652 2212 781 2272 Nun
815 2213 1045 2272 faciunt
1063 2214 1296 2274 molles
1325 2212 1405 2272 ad
1435 2214 1565 2273 fera
1595 2214 1715 2273 tela
1743 2228 1980 2274 manus.

572 2300 720 2370 Quin
754 2312 900 2372 age,
943 2296 1214 2373 dumque
1242 2298 1429 2370 iacet,
1476 2297 1650 2358 fortis
1684 2298 2244 2360 imitare‘sororesa

656 2380 955 2441 Credibile
984 2388 1082 2442 est
1110 2394 1333 2443 caesos
1362 2381 1648 2443 omnibus
1675 2382 2039 2444 esse‘viros.

572 2468 632 2524 Εἰ
668 2481 882 2526 manus
912 2465 1067 2526 haec
1098 2466 1367 2541 aliquam
1396 2473 1616 2542 posset
1643 2468 2018 2528 committere
2045 2469 2335 2546 caedem,

484 2560 548 2610 fin
660 2552 852 2610 Morte
881 2551 1037 2610 foret
1065 2551 1352 2612 dominae
1383 2551 1854 2626 sanguinulenta
1883 2567 2053 2613 suae.

576 2640 692 2692 Aut
724 2649 1000 2715 meruere
1030 2650 1244 2696 necem
1276 2635 1572 2711 patruelia
1601 2651 1793 2711 regna
1821 2636 2088 2698 tenendo
2204 2658 2210 2671 ·

656 2720 815 2788 [mae
842 2725 1038 2780 tamen
1066 2724 1334 2782 externis
1361 2720 1571 2781 danda
1592 2721 1802 2794 forent
1821 2719 2105 2796 genem?

564 2804 759 2876 Finge
788 2803 957 2865 viros
988 2805 1288 2867 meruisse
1317 2805 1490 2864 mori.
1538 2804 1686 2880 quid
1719 2805 1974 2865 fecimus
2003 2807 2231 2882 ipsae?

655 2888 781 2960 Quo
812 2887 956 2947 mihi
988 2889 1320 2950 commisso
1351 2904 1474 2949 non
1507 2889 1649 2948 licet
1677 2903 1821 2949 esse
1851 2890 2035 2965 piae?

480 2984 544 3032 55
576 2972 728 3044 Quid
757 2971 900 3032 mihi
937 2988 1076 3032 cum
1105 2972 1314 3034 ferro?
1357 2973 1499 3048 quid
1532 2973 1753 3034 bellica
1780 2974 1904 3033 tela
1933 2976 2271 3050 puellae?

648 3055 867 3132 Aptior
893 3064 989 3117 cst
1017 3055 1220 3131 digitis
1257 3057 1398 3118 lana
1428 3058 1728 3133 colusque
1757 3059 1928 3118 meis.
1934 3062 1957 3095 ³
1991 3066 2018 3099 ¹
2137 3060 2435 3136 [quuntur

568 3140 728 3200 Ilaec
786 3156 922 3215 ego.
993 3141 1263 3217 dumque
1308 3157 1563 3238 queror,
1621 3141 1936 3203 lacrimae·
1955 3159 2074 3203 sua
2119 3145 2314 3204 verba
2356 3159 2440 3205 se-

652 3228 862 3300 neque
890 3223 1045 3285 meis
1079 3226 1277 3287 oculis
1306 3226 1368 3285 in
1399 3232 1502 3286 tua
1528 3225 1804 3286 membra
1834 3227 2075 3288 cadunt.
2136 3224 2141 3235 ’

568 3312 712 3368 [mm
744 3308 903 3384 petis
932 3311 1255 3386 amplexus
1285 3311 1612 3386 sopitaque
1640 3309 1927 3372 bracchia
1958 3311 2168 3386 iactas,

484 3400 548 3452 Τιι
656 3392 851 3454 Paene
883 3410 1101 3455 manus
1129 3397 1254 3455 telo
1284 3394 1496 3456 saucia
1525 3395 1688 3455 facta
1720 3401 1823 3455 tua
1853 3403 1967 3456 est.

572 3480 813 3552 tamque
844 3485 1077 3553 patrem
1113 3479 1505 3554 famulosque
1536 3477 1725 3552 patris
1756 3481 2080 3555 lucemque
2107 3480 2395 3541 timebam
