2467 4042
487 273 518 325 V.
539 275 687 325 tvl-244.

219 434 339 498 Dulcior
362 435 411 497 hic
433 437 497 496 risu
520 442 592 495 tunc
614 434 688 495 mibi
710 433 799 495 fletus
822 436 896 496 erit.

173 523 267 585 Natus
290 542 323 585 es
345 523 469 603 infelix,
488 525 581 584 -ita
604 523 635 583 di
658 522 779 583 voluere
798 554 831 565 —-
850 540 906 584 nec
928 522 988 584 ulla

109 622 160 672 212
219 611 380 673 Commoda
402 613 537 673 nascenti
560 610 645 671 stella
667 610 776 671 levisve
799 611 872 672 fuit.

175 699 241 761 Non
264 699 363 761 Venus
387 698 519 781 affulsit,
542 717 602 760 nou
625 697 675 759 illa
696 696 830 777 luppiter
852 698 942 778 bora,

115 853 118 862 ¹
218 787 362 867 Lunaque
388 805 448 848 non
472 796 539 866 apto
563 786 667 865 solque
690 786 774 848 fuere
797 785 883 866 loco,

174 876 236 937 Nec
260 878 332 937 satis
354 875 469 937 utiliter
491 877 605 955 positos
628 874 682 936 tibi
704 873 842 954 praebuit
864 877 948 953 ignes

219 964 314 1035 Quem
337 966 454 1044 peperit
477 981 582 1042 magno
606 962 704 1024 lucida
726 961 801 1023 11212
822 961 901 1024 lovi.

108 1062 160 1112 212
174 1052 217 1113 Te
239 1054 303 1113 fera
325 1069 381 1113 nec
404 1054 563 1131 quicquam
586 1051 734 1131 placidum
758 1050 934 1129 spondentia
956 1048 1059 1113 blartis

220 1139 324 1202 Sidera
346 1148 524 1219 presserunt
546 1139 731 1218 falciferique
755 1141 853 1200 senis.

173 1227 238 1290 Lux
261 1246 380 1307 quoque
403 1228 531 1308 natalis,
554 1245 591 1288 22
615 1227 686 1306 quid
709 1228 766 1288 2121
789 1229 876 1289 triste
899 1227 1032 1310 videres,

218 1317 327 1395 Turpis
350 1324 382 1377 et
403 1316 534 1377 inductis
556 1315 687 1377 nubibus
710 1325 774 1377 atra
796 1316 870 1377 fuit.

174 1403 254 1465 llaec
277 1411 346 1486 est,
368 1406 400 1465 in
423 1405 507 1466 fastis
531 1406 580 1465 cui
603 1404 653 1465 dat
675 1406 771 1484 gravis
794 1403 868 1465 Allia
890 1422 1017 1487 nomen,

108 1501 161 1551 222
219 1492 361 1572 Quaeque
384 1492 448 1553 dies
470 1492 558 1573 lbin,
580 1492 699 1572 publica
721 1492 849 1573 damna,
871 1492 956 1554 tulit.

163 1579 232 1650 'Qui
255 1580 343 1641 simul
364 1582 499 1661 impurae
522 1583 626 1642 matris
648 1580 805 1660 prolapsus
828 1579 864 1641 ab
888 1580 951 1640 alvo
1051 1593 1094 1646 (11)

219 1668 392 1748 Cinyphiam
415 1668 501 1730 foedo
525 1687 651 1749 corpore
673 1670 784 1749 pressit
806 1668 947 1750 humum,

175 1755 258 1818 Sedit
280 1759 312 1817 in
335 1756 458 1818 adverso
481 1766 648 1819 nocturnus
671 1756 800 1818 culmine
822 1756 921 1838 bubo,

218 1844 416 1925 Funereoque
439 1864 543 1925 graves
566 1845 660 1907 edidit
682 1863 734 1907 ore
758 1863 862 1907 sonos.

108 1941 160 1992 222
173 1933 315 1995 Protinus
337 1932 519 1995 Eumenides
541 1934 639 1995 lavere
662 1932 845 2014 palustribus
867 1933 974 2015 undis,

218 2020 282 2091 Qua
305 2041 374 2084 cava
397 2022 434 2083 de
458 2021 567 2102 Stygiis
589 2022 717 2083 fluxerat
738 2021 817 2083 unda
840 2021 940 2097 vadis,

173 2109 356 2191 Pectoraque
379 2120 532 2172 unxerunt
552 2109 685 2172 Erebeae
708 2109 775 2171 felle
800 2109 956 2191 colubrae,

115 2230 121 2240 ·
218 2198 336 2278 Terque
359 2207 528 2261 cruentatas
550 2202 728 2278 increpuere
751 2216 874 2260 manus.

174 2286 360 2366 Gutturaque
383 2286 552 2348 imbuerant
572 2287 696 2349 infantia
718 2287 794 2348 lacte
818 2288 941 2347 canino:

107 2383 160 2433 232
220 2372 275 2434 1112
297 2377 413 2454 primus
436 2378 522 2454 pueri
545 2378 679 2436 venitin
702 2393 755 2436 ora
778 2374 880 2437 cibus:

173 2460 307 2522 Perbibit
329 2463 397 2523 inde
422 2481 493 2523 suae
515 2461 628 2524 rabiem
652 2465 778 2524 nutricis
801 2463 955 2544 alumnus,

219 2548 320 2611 Latrat
343 2553 425 2612 2112
449 2558 512 2611 1212
534 2551 625 2611 verba
648 2553 752 2624 canina
775 2551 857 2613 foro.

173 2635 363 2718 Membraque
386 2640 545 2700 vinxerunt
567 2640 670 2700 tinctis
693 2638 843 2719 ferrugine
867 2641 990 2719 pannis,

216 2726 242 2786 fi
264 2726 340 2787 male
363 2727 482 2788 deserto
506 2745 581 2806 quos
603 2746 731 2807 rapuere
753 2747 844 2807 rogo:

106 2813 272 2875 23511122
294 2833 355 2876 222
378 2815 486 2877 fultum
508 2815 717 2878 nudatellure
740 2818 867 2897 iaceret,

216 2901 303 2964 llolle
326 2922 417 2984 super
439 2903 539 2965 silices
561 2907 722 2983 inposuere
746 2914 852 2985 caput.

171 2989 291 3070 lamque
314 3010 488 3055 recessurae
511 2993 600 3054 viridi
622 2994 659 3055 de
674 2995 783 3072 stipite
807 2994 898 3056 factas
985 3021 988 3025 ·

215 3078 380 3142 Admorunt
403 3082 505 3143 oculos
529 3099 624 3159 usque
648 3081 704 3143 sub
727 3100 779 3143 ora
802 3082 900 3144 faces.

170 3164 295 3248 Flebat,
317 3176 353 3231 ut
375 3178 421 3231 est
443 3170 540 3230 infans
563 3170 653 3232 fumis
676 3178 831 3232 contactus
854 3170 977 3248 amaris,

103 3265 157 3314 242
215 3255 257 3316 lle
281 3256 377 3318 tribus
400 3267 446 3319 est
468 3276 537 3319 curn
560 3260 603 3319 sic
626 3276 686 3319 una
709 3257 807 3319 locuta
830 3275 934 3319 soror:

170 3337 312 3424 ‘Tempus
335 3347 366 3406 in
389 3348 558 3407 inmensum
580 3346 717 3408 lacrimas
741 3344 796 3407 tibi
818 3347 963 3406 movimus
986 3347 1075 3427 istas,

214 3429 295 3501 Quae
319 3451 437 3513 semper
460 3452 548 3495 causa
571 3434 740 3495 sufficiente
764 3429 890 3495 cadent?

135 3527 138 3533 '
168 3517 311 3582 Dixerat.
348 3529 378 3582 at
401 3522 505 3584 Clotho
529 3523 617 3584 iussit
639 3524 785 3603 promissa
808 3521 923 3604 valere,
1045 3534 1087 3586 22)

212 3606 299 3670 Nevit
321 3618 352 3671 et
374 3610 480 3672 infesta
503 3613 629 3673 stamina
651 3609 732 3691 pulla
753 3627 861 3693 manu3
