2467 4042
164 211 228 279 164
571 214 621 263 EX
637 212 759 265 PONTO

295 376 412 458 Scripta
434 383 534 437 tamen
556 376 678 455 profugi
699 379 774 437 ratis
796 375 931 437 habenda
952 384 1065 457 putas.

252 464 372 528 Scilicet
393 466 520 544 ingeniis
542 463 641 543 aliqua
664 474 711 526 est
733 465 893 526 concordia
914 467 1046 546 iunctis,
1137 479 1181 530 (⁵⁶)

202 567 238 618 to
295 553 334 615 Et
356 561 455 615 servat
477 551 568 614 studii
591 551 712 613 foedera
734 554 863 633 quisque
885 554 951 615 sui:

250 642 393 705 Rusticus
415 639 595 721 agricolam,
618 640 704 701 miles
727 640 791 702 iera
812 640 889 702 bella
911 649 1088 722 gerentem,

260 745 262 754 ⁴
296 731 455 793 Rectorem
478 727 585 790 dubiae
608 730 706 790 nonita
727 731 837 810 puppis
860 738 955 792 amat.

252 819 297 882 Tu
321 835 439 899 quoqne
462 817 616 879 Pieridum
639 817 761 898 studio,
784 818 940 900 studiose,
961 819 1096 902 teneris,

296 906 477 987 ingenioque
501 906 602 986 iares,
625 907 802 987 ingeniose,
823 923 908 967 meo.

203 1006 238 1058 tt
251 994 346 1058 Distat
369 1012 445 1074 opus
468 1001 605 1055 nostrum
617 1041 628 1075 ,
650 994 702 1055 sed
726 994 860 1056 lontibus
883 996 944 1055 exit
965 994 1002 1055 ab
1023 994 1145 1059 isdem:

296 1085 376 1145 Artis
399 1092 430 1144 et
451 1085 598 1160 ingenuae
621 1081 719 1143 cultor
741 1091 869 1163 uterque
892 1100 1013 1144 sumus.

254 1171 401 1253 [Thyrsus
423 1173 503 1233 enim
525 1168 633 1250 vobis,
654 1178 769 1248 gestata
792 1178 839 1232 est
860 1171 962 1232 laurea
984 1169 1091 1236 nobis:

298 1260 356 1323 Sed
378 1269 477 1322 tamsn
501 1257 645 1320 ambobus
667 1257 758 1320 debet
779 1262 879 1321 inesse
901 1259 982 1320 calor
991 1258 1012 1337 .]

252 1347 350 1429 thue
373 1350 448 1410 meis
470 1348 604 1409 numeris
626 1355 678 1408 tua
700 1347 751 1409 dat
773 1348 910 1410 iucundis
932 1364 1061 1428 nervos,

205 1450 239 1500 to
298 1437 348 1499 Sic
371 1437 452 1498 venit
474 1454 491 1497 a
513 1433 600 1497 nobis
622 1437 654 1497 in
677 1445 728 1496 tua
751 1435 841 1497 verba
864 1438 960 1498 nitor.

253 1524 321 1588 lure
344 1527 436 1605 igitur
458 1524 557 1586 studio
581 1525 708 1585 conlinia
732 1527 862 1585 carmina
884 1531 984 1585 vestro

297 1613 335 1676 Et
357 1612 521 1675 commilitii
544 1629 629 1673 sacra
652 1611 762 1673 tuenda
784 1622 889 1692 putas.

253 1702 312 1764 Pro
335 1701 445 1781 qulbus
468 1710 501 1763 ut
524 1708 662 1781 moneat,
686 1699 723 1761 de
747 1718 806 1780 quo
829 1702 984 1780 censeris,
1007 1701 1149 1781 amicus,

298 1791 478 1869 Compreeor
500 1790 537 1850 ad
559 1791 636 1850 vitae
659 1795 794 1869 tempora
817 1806 931 1850 summa
953 1795 1041 1870 tuae,

205 1890 239 1941 tn
255 1878 459 1959 succedatque
482 1880 543 1940 tuis
565 1877 648 1937 orbis
670 1877 840 1940 moderator
862 1877 1004 1939 habenis:

299 1967 384 2041 Quod
407 1984 524 2030 mecum
547 1964 650 2046 populi
673 1973 741 2027 vota
762 1972 923 2046 precantur
945 1964 1042 2026 idem.

643 2157 703 2234 Vl.

254 2320 390 2382 Carmine
413 2318 613 2398 Graecinum,
637 2319 690 2396 qui
711 2334 854 2396 praeseus
876 2333 949 2378 voce
972 2311 1109 2398 solebat,

300 2407 407 2470 Tristis
429 2408 466 2469 ab
488 2406 613 2468 Euxinis
636 2405 714 2466 Naso
737 2405 846 2467 salutat
868 2406 970 2484 aquis.

255 2496 357 2558 Exulis
379 2496 452 2558 haec
475 2514 532 2557 vox
555 2503 623 2557 est.
663 2491 788 2573 praebet
809 2492 884 2555 mihi
905 2493 1004 2554 littera
1026 2489 1187 2576 linguam,

300 2584 338 2646 Et
361 2588 468 2662 sinon
492 2584 580 2646 liceat
601 2581 757 2662 scribere,
781 2589 882 2643 mutus
905 2599 975 2642 ero.

225 2673 410 2754 oGorripis,
432 2679 466 2734 ut
488 2670 602 2752 debes,
626 2670 709 2732 stulti
731 2677 853 2750 peccata
876 2668 1002 2748 sodalis,

300 2760 339 2822 Et
361 2762 435 2823 mala
459 2779 506 2822 me
529 2761 644 2821 meritis
667 2759 747 2820 ferre
769 2760 884 2820 minora
906 2758 1015 2819 doces.

256 2849 331 2910 Vera
354 2850 448 2931 lacis,
470 2848 522 2910 sed
546 2866 635 2929 sera,
658 2865 740 2908 meae
764 2849 896 2908 convicia
918 2844 1038 2925 culpae.
1140 2860 1187 2913 (κ)

301 2938 412 3018 Aspera
436 2937 571 2999 confesso
594 2934 685 2997 verba
707 2936 826 2997 remitte
848 2952 920 2996 reo.

257 3028 331 3089 Cum
353 3035 487 3107 poteram
510 3032 593 3086 recto
616 3026 743 3085 transire
767 3022 912 3084 Ceraunia
934 3020 1017 3101 velo,

212 3127 245 3178 10
303 3115 342 3178 Ut
364 3117 427 3177 iera
450 3117 573 3175 vitarem
597 3130 666 3174 saxa
678 3160 688 3192 ,
711 3110 877 3173 monendus
900 3127 998 3171 eram.

257 3205 343 3266 Nunc
366 3203 439 3265 mibi
461 3203 613 3281 naufragio
638 3200 708 3280 quid
730 3200 854 3280 prodest
876 3198 992 3260 discere
1014 3196 1118 3280 iacto,

302 3291 367 3363 Qua
390 3309 454 3353 mea
477 3290 615 3353 debuerit
637 3306 760 3351 currere
784 3287 890 3350 cumba
912 3281 985 3347 viai

258 3380 384 3443 liracbio
406 3380 543 3442 delesse
566 3380 666 3458 potius
688 3376 861 3457 prendenda
883 3375 1013 3436 natanti:

303 3469 364 3530 Nec
385 3471 485 3548 pigeat
506 3475 607 3528 mento
631 3467 823 3545 supposuisse
847 3480 983 3527 monum.

212 3566 245 3615 15
259 3554 352 3633 ldque
378 3556 474 3635 iacis,
496 3556 646 3633 faciasque
671 3570 800 3633 precor.
841 3554 885 3613 sic
911 3556 1063 3613 meteret
1090 3570 1191 3634 uxor,
