2467 4042
404 228 487 298 XIV,
505 227 663 295 iio-XV,
681 233 716 283 6.
796 245 920 283 mnarum
1000 225 1066 293 305

136 393 271 457 Pulchra
293 393 374 456 subit
396 394 487 455 iacies
511 401 541 455 et
561 391 766 474 pulvinaribus
790 391 857 454 altis

137 482 286 564 Dignior,
310 490 355 544 est
378 481 473 561 quails
496 481 622 543 trabeati
644 483 738 542 forma
761 480 896 553 Quirini.

184 570 290 632 Flebat
312 579 346 632 ut
367 574 509 632 amissum
527 573 679 632 coniunx:
702 587 771 630 eum
793 572 874 648 regia
897 569 971 631 Iuno

60 673 120 725 881)
137 659 203 721 Irin
226 658 262 720 ad
284 658 443 720 Hersiliam
465 659 647 720 descendere
670 657 762 719 limite
786 675 876 720 curvo

138 748 294 828 Imperat,
317 755 348 808 et
369 747 475 808 viduae
497 765 552 809 sua
575 748 618 808 sie
641 747 778 808 mandata
800 748 933 808 referre:

138 832 178 897 Ὃ
203 834 292 897 etde
316 833 424 917 Latio,
447 853 465 895 o
489 834 577 896 etde
600 842 689 915 gente
713 834 821 896 Sabina

137 923 362 1006 Praecipuum,
384 931 540 1005 matrona,
564 922 678 1005 decus,
701 923 871 1003 dignissima
893 925 968 985 tanti

137 1013 218 1074 Ante
241 1012 333 1074 fuisse
356 1014 413 1073 viri
425 1060 434 1093 ,
457 1014 587 1073 coniunx
608 1029 691 1073 nunc
713 1029 779 1074 esse
802 1011 937 1094 Quirini,

60 1113 122 1165 885
143 1101 225 1162 Siste
247 1108 316 1162 tuos
338 1100 428 1161 Uetus
440 1147 450 1182 ,
473 1108 504 1161 et
526 1102 553 1161 si
575 1099 631 1162 tibi
654 1117 725 1162 cura
746 1100 867 1162 videndi

139 1189 282 1268 Coniugis
306 1195 373 1271 est,
396 1187 473 1249 duce
495 1205 543 1249 me
565 1188 667 1250 lucum
689 1196 780 1269 pete,
804 1188 878 1250 colle
902 1187 1020 1263 Quirini

140 1277 202 1350 Qui
224 1277 322 1358 viret,
346 1284 376 1337 et
398 1275 543 1357 templum
565 1276 690 1338 Romani
713 1279 792 1356 regis
816 1272 1002 1338 obumbrat?

139 1364 267 1446 [Paret,
290 1372 321 1425 ct
342 1365 374 1425 In
396 1371 508 1425 terram
530 1365 626 1445 pictos
648 1364 767 1444 delapsa
789 1383 845 1444 per
867 1382 973 1446 arcus,

140 1452 299 1515 Hersiliam
321 1454 411 1514 iussis
434 1451 591 1533 eompeUat
612 1452 735 1514 vocibus
758 1451 846 1531 Iris]

61 1541 195 1606 8401118
213 1539 382 1602 verecundo
405 1542 454 1601 vix
476 1540 583 1601 tollens
606 1540 718 1602 lumina
741 1540 824 1602 vultu

141 1625 179 1690 Ὅ
203 1627 280 1711 dea,
302 1657 346 1672 -
368 1645 497 1708 namque
520 1627 592 1689 mihi
614 1645 671 1689 nec
683 1675 694 1710 ,
710 1640 792 1708 ‘quae
814 1632 878 1711 sis,
901 1628 1001 1692 direre

806 1725 990 1797 promptum
1002 1727 1065 1800 est,

141 1806 181 1868 Et
202 1806 296 1886 liquet
319 1823 386 1867 esse
409 1806 494 1868 deam
517 1836 559 1850 -
583 1804 642 1867 duc
654 1852 664 1887 ,
686 1824 705 1865 o
728 1801 797 1866 duc'
816 1808 914 1886 inquit
932 1802 975 1867 ‘et
992 1808 1065 1869 oiier

142 1894 283 1974 Coniugis
306 1912 358 1955 ora
381 1893 475 1956 mihi.
503 1911 579 1973 quae
601 1892 735 1954 simodo
756 1910 844 1974 posse
866 1894 968 1957 videre

141 1982 215 2044 Fata
236 1981 329 2044 semel
351 1981 510 2064 dederint,
533 1981 648 2043 caelum
671 1984 821 2063 accepIsse
844 1981 960 2044 fatebor
969 1978 989 2044 .'

66 2082 127 2135 845
141 2070 204 2132 Nee
227 2088 309 2133 mora
321 2117 332 2153 ,
354 2070 515 2132 Romuleos
538 2088 606 2133 cum
629 2071 744 2149 virgine
766 2070 969 2132 Thaumantea

142 2159 313 2239 Ingreditur
336 2158 449 2220 ches.
478 2157 534 2236 [ibi
556 2157 640 2220 sIdus
663 2157 700 2218 ab
723 2157 844 2220 aethere
866 2158 980 2239 lapsum

142 2247 260 2309 Decidit
281 2249 313 2308 in
336 2255 455 2329 terras,
477 2264 495 2308 a
517 2247 604 2308 cuius
628 2246 739 2309 lumine
761 2246 888 2326 flagrans

141 2335 288 2397 Hersiliae
310 2337 403 2397 crinis
425 2353 494 2396 eum
517 2334 615 2397 sidere
634 2336 725 2396 cessit
746 2336 778 2395 in
801 2353 905 2397 auras.
966 2349 987 2389 ¹.
1001 2348 1064 2391 cdv.

142 2422 501 2501 Η8118118111188118118]
525 2423 676 2485 Romanae
700 2423 836 2485 conditor
857 2423 942 2485 urbis

69 2525 128 2577 8110
142 2512 283 2595 Excipit,
307 2520 338 2573 et
359 2514 492 2591 priscum
514 2515 627 2593 parIter
650 2529 719 2573 cum
742 2529 868 2593 corpore
891 2529 999 2574 nomen

141 2599 260 2682 1111111,
281 2599 450 2680 Horamque
474 2608 580 2682 vocat,
604 2617 681 2681 quae
704 2614 785 2661 nunc
808 2599 861 2661 dea
885 2603 987 2663 iuncta

853 2687 978 2761 Quirino
1002 2700 1064 2752 est,

453 2827 665 2838 —-----

246 2982 385 3066 LIBER
411 2978 616 3068 QUINTUS
644 2980 868 3068 DECIMUS.

143 3129 306 3202 Quaeritur
328 3133 442 3193 interea
464 3132 517 3211 qui
538 3138 637 3192 tantae
660 3129 791 3210 pondera
813 3129 900 3191 molis

143 3218 319 3301 Sustineat,
342 3227 484 3300 tantoque
507 3226 596 3299 queat
618 3217 780 3280 succedere
802 3221 883 3298 regi.

141 3305 278 3369 Destinat
298 3309 424 3387 imperio
447 3308 560 3370 clarum
582 3308 759 3388 praenuntia
781 3309 844 3368 veri

143 3390 232 3457 Fama
253 3394 402 3458 Numam.
430 3414 490 3459 non
512 3395 562 3457 ille
585 3397 657 3457 satis
681 3411 824 3476 cognosse
843 3393 968 3458 Sabinae

110 3483 247 3545 edentis
270 3482 360 3548 hahet
381 3486 480 3547 ritnsc
503 3487 600 3546 animo
624 3485 736 3545 maiora
758 3485 859 3564 capaci

143 3571 302 3653 Concipit,
324 3582 376 3653 81,
399 3591 475 3653 quae
498 3575 538 3634 sit
559 3591 662 3635 rerum
683 3579 790 3634 natura
801 3620 812 3656 ,
836 3573 979 3653 requirit.

104 3680 246 3725 ormn.
818 3679 853 3729 ao
