2467 4042
459 258 484 312 V
498 299 505 327 ‚
524 264 683 313 eae-429.
817 276 901 313 masa
1032 256 1076 321 99

134 424 288 506 Dumque
311 424 439 506 puellari
461 423 559 486 studio
583 422 772 503 calathosque
795 424 952 504 sinumque

135 513 280 595 Implet,
303 524 334 574 et
352 512 492 592 aequales
514 519 610 575 certat
631 529 774 593 superare
795 511 939 594 legendo,

47 612 117 663 aaa
135 600 251 664 Paene
273 600 362 663 simul
384 603 447 663 risa
469 609 516 663 est
538 599 704 680 dilectaque
722 607 866 682 raptaque
887 598 965 663 Diti:

136 688 253 770 Usque
275 689 350 751 adeo
372 696 421 751 est
440 697 618 769 properatus
641 706 745 751 emor.
772 688 827 750 (lea
844 689 950 776 territa
962 694 1075 751 maesto

138 776 190 840 Et
211 785 339 840 matrem
362 786 393 841 et
414 778 561 858 comites,
583 776 638 840 sed
659 785 786 840 matrem
807 777 948 858 saepius,
971 792 1024 838 ore

141 864 287 947 Clamat3
310 874 341 926 et
363 873 399 928 ut
419 882 534 928 summa
556 873 669 928 vestem
691 864 816 929 laniarat
836 861 873 928 ab
896 882 966 946 ora,

144 953 277 1016 Collecti
299 953 390 1015 liores
408 955 517 1015 tunicis
541 952 677 1015 cecidere
698 954 849 1017 remissis.

54 1055 126 1104 400
144 1043 307 1121 Tantaque
330 1041 503 1123 simplicitas
525 1040 691 1122 puerilibus
714 1042 797 1103 alitrit
818 1042 921 1120 annia,
1045 1114 1048 1115 ⁷

146 1130 233 1192 llaec
256 1148 377 1210 quoque
399 1132 565 1210 rugineum
587 1131 679 1191 movit
700 1131 815 1192 iactura
837 1128 987 1190 dolorem.

148 1220 266 1298 Raptor
289 1220 349 1297 agit
371 1235 502 1300 currus,
524 1227 555 1279 et
576 1220 697 1281 nomine
721 1234 868 1297 quemque
891 1225 1009 1279 vocatos

148 1306 337 1369 Exhortatur
359 1324 480 1386 equos,
502 1324 632 1385 quorum
653 1324 708 1385 per
731 1305 805 1367 colla
825 1304 970 1385 iubasque

148 1394 276 1457 Excutit
296 1393 424 1456 obscura
446 1396 555 1456 tinctas
576 1394 730 1473 ferrugine
752 1393 899 1474 habenas3

66 1495 135 1545 405
153 1484 277 1562 Perque
300 1482 383 1543 lacus
405 1500 504 1543 sacros
528 1492 559 1543 et
580 1481 689 1545 olentia
711 1481 835 1563 sulpure
857 1482 953 1543 iertur

150 1571 264 1650 Stagna
285 1570 475 1653 Palicorum,
497 1579 585 1649 rupta
607 1570 751 1632 ferventia
773 1578 872 1651 terra,

148 1659 192 1720 Et
215 1675 274 1738 qua
296 1657 498 1740 Bacchiadae,
520 1658 627 1720 bimari
645 1677 718 1738 gens
740 1666 806 1720 orta
829 1656 988 1739 Corintho,

148 1748 235 1809 inter
257 1746 427 1825 inaequales
449 1755 616 1827 posuerunt
638 1748 754 1809 moenia
776 1754 899 1826 portus.

198 1833 254 1896 list
275 1833 407 1896 medium
429 1833 543 1914 Cyanes
566 1844 596 1895 et
613 1834 735 1897 Pisaeae
757 1833 940 1915 Arethusae,

73 1937 133 1987 410
149 1923 241 1994 Quod
263 1924 325 1984 coit
347 1925 479 2001 angustis
501 1921 651 1986 inclusum
673 1921 814 1995 cornibus
837 1940 966 2002 aeqmr.

147 2011 209 2073 Hic
230 2011 310 2092 luit,
332 2029 350 2071 a
368 2014 453 2072 euius
467 2019 604 2090 stagnum
618 2028 738 2092 quoque
752 2012 871 2075 nomine
886 2010 999 2075 buum
1013 2007 1076 2093 est',

149 2100 236 2162 luter
259 2097 402 2160 Sicelidas
426 2098 522 2177 cyane
545 2097 739 2161 celeberrima
761 2098 922 2180 nymphas.

150 2188 277 2267 Gurgite
301 2204 377 2266 quae
399 2186 497 2248 medio
521 2195 746 2250 summatenus
769 2189 867 2250 extitit
889 2187 971 2269 uro,

149 2277 339 2356 Agnovitque
361 2275 469 2337 (leam.
500 2270 591 2339 “‘nec
614 2274 733 2356 lougius
754 2274 835 2339 ibitis
848 2269 869 2339 i'
891 2277 989 2355 inquit

79 2376 135 2428 41⁶
152 2360 232 2426 ‘Nou
255 2370 342 2444 potes
364 2365 473 2425 invitae
496 2362 614 2426 Cereris
638 2381 730 2444 gener
752 2381 841 2426 esse:
862 2363 1010 2444 roganda,

150 2452 219 2514 Non
242 2450 384 2532 rapienda
406 2452 483 2515 luit.
511 2452 618 2532 quodsi
641 2468 820 2533 componere
843 2455 957 2532 magnis

152 2541 248 2603 Parra
270 2539 344 2602 mihi
361 2540 406 2602 ias
428 2548 497 2622 est,
519 2548 550 2603 et
571 2558 620 2602 me
643 2539 746 2604 dilexit
767 2540 894 2622 Anaplsq

151 2629 282 2691 Exorata
305 2637 426 2708 umen,
448 2645 527 2709 uec,
549 2637 584 2692 ut
604 2628 701 2712 haec,
724 2630 866 2691 exterrita
887 2630 976 2708 nupsi
987 2622 1031 2689 .”’

152 2716 255 2800 Dixit,
277 2726 308 2778 et
329 2718 361 2778 in
383 2724 485 2796 partes
507 2715 639 2780 diversas
657 2716 795 2780 bracchia
817 2716 943 2778 tendens

83 2818 139 2869 sao
153 2805 299 2868 Obstitit.
321 2804 400 2867 hauri
423 2803 502 2867 ultra
524 2807 621 2867 tenuit
644 2804 803 2869 Saturnius
825 2807 918 2887 iram,

153 2892 376 2974 Terribilesque
399 2893 535 2955 hortatus
558 2911 651 2972 equos
674 2896 705 2955 in
727 2895 854 2974 gurgitis
876 2896 935 2955 ima

153 2982 330 3044 Contortum
352 2980 447 3043 valido
470 2992 623 3061 sceptrum
646 2980 743 3061 regale
766 2982 876 3045 lacerto

152 3068 314 3134 Caribdit.
339 3071 399 3132 icta
420 3071 495 3132 uam
518 3068 606 3130 tellus
628 3071 660 3131 in
683 3068 806 3132 Tartara
828 3070 899 3132 iecit

152 3158 191 3220 Et
212 3175 325 3239 pronos
347 3175 456 3220 currus
473 3156 570 3219 medio
595 3165 710 3220 cratere
733 3161 864 3239 recepit.

85 3260 138 3309 aaa
152 3250 191 3308 At
209 3247 306 3327 Cyane
328 3254 502 3326 raptamque
525 3245 610 3308 deam
633 3254 860 3327 contemptaque
883 3246 974 3307 ioutls

153 3336 223 3398 lura
246 3336 294 3397 sui
315 3352 474 3417 maerens,
496 3333 708 3398 inconsolabile
729 3334 837 3401 vulnus
977 3347 998 3387 ι.
1011 3346 1075 3388 rm.

152 3423 252 3488 Mente
275 3425 353 3503 gerit
375 3424 486 3506 tacita,
508 3422 697 3504 lacrimisque
720 3421 886 3488 munitm
908 3425 1023 3487 omnis:

153 3510 193 3574 Et
215 3528 342 3592 quarum
364 3512 463 3574 iuerat
484 3528 624 3591 magnum
646 3511 734 3575 morlo
757 3529 869 3575 numen
881 3558 891 3594 ,
912 3513 944 3574 in
967 3510 1031 3572 illas

151 3598 339 3666 Extenuatur
361 3618 474 3683 aquas.
501 3600 610 3665 molliri
633 3598 765 3663 membra
787 3599 921 3682 videras,

826 3699 862 3754 7*
