2467 4042
429 239 477 294 HL
497 238 544 293 ιι»
560 243 664 293 ⁷6-V1
679 244 703 293 9.

151 404 190 467 El
212 403 313 465 faciles
335 411 434 464 motus
457 421 540 463 mens
563 419 708 482 generosa
730 403 824 481 capit.

152 494 283 572 Corpora
306 493 491 571 magnanimo
515 492 587 551 satis
609 498 657 551 esi
678 498 843 570 prostrasse
867 489 964 571 leoni,

150 580 253 661 Pugna
276 598 363 641 sanun
386 580 476 640 finem
488 626 497 657 ,
521 596 589 640 cum
611 580 689 638 iacet
711 577 827 658 hostis,
850 578 956 639 habet:

103 681 137 731 aa
152 668 300 748 llsslupus
323 675 353 728 el
377 676 480 745 turpes
502 669 613 727 instant
637 665 831 726 morientibus
854 667 918 727 ursi

151 756 190 818 ln
212 772 417 835 quaecumque
439 757 537 815 minor
559 753 712 815 nobilitate
736 755 815 814 iera.

151 844 247 906 Maius
269 843 347 923 apud
371 843 489 904 Troiam
513 844 584 902 lorti
607 841 678 920 quid
701 841 844 903 habemus
867 838 1006 903 Achille?
1033 831 1042 853 ‘

151 932 290 993 Dardanii
312 932 448 993 lacrimas
471 948 531 991 non
554 929 623 991 tulit
644 928 693 989 ille
718 932 815 989 senis.

152 1019 232 1090 Quae
257 1020 341 1081 ducis
364 1018 493 1079 Emathii
515 1019 606 1079 fauerit
629 1017 802 1098 clementia,
825 1017 921 1078 Porus

102 1121 137 1170 40
150 1108 298 1187 Dareique
321 1106 429 1167 docent
451 1107 566 1167 funeris
589 1107 749 1184 exequiae.

150 1196 230 1258 Neve
252 1197 406 1272 hominum
428 1195 556 1255 referam
579 1193 670 1253 llexas
694 1193 730 1253 ad
752 1194 854 1253 mitius
876 1195 953 1275 iras,

151 1284 273 1345 lunonis
295 1301 387 1363 gener
410 1289 457 1344 est
469 1330 478 1364 ,
501 1283 554 1360 qui
576 1283 660 1361 prius
682 1281 777 1342 hostis
800 1289 879 1341 erat.

152 1372 284 1450 [leuique
308 1389 368 1432 non
390 1387 513 1449 possum
536 1368 645 1430 nullam
669 1387 790 1448 sperare
814 1368 956 1450 salutem,
1044 1445 1048 1454 Ι

152 1459 226 1521 Cum
249 1477 361 1539 poenae
385 1477 445 1519 non
468 1460 508 1518 sit
530 1474 618 1518 causa
643 1465 766 1518 cruenta
790 1475 890 1518 meae.

104 1559 138 1608 45
152 1547 218 1608 Non
240 1547 336 1628 mihi,
360 1547 515 1626 quaerenti
536 1544 730 1626 pessumdare
754 1552 883 1627 cuncta,
905 1547 1032 1623 petitum

152 1635 329 1696 Caesareum
353 1644 441 1714 capnt
464 1640 532 1714 est,
555 1634 635 1713 quod
659 1640 748 1712 caput
770 1632 851 1693 orbis
875 1641 953 1714 eral3

151 1723 217 1784 Non
240 1722 434 1802 aliquidclixi
456 1721 622 1801 violataque
645 1721 746 1800 lingua
768 1719 917 1799 loquendo
941 1729 986 1782 esi

113 1853 115 1866 .
152 1812 305 1891 Lapsaque
327 1819 399 1872 sunl
420 1812 512 1872 nimio
535 1809 625 1870 verba
648 1809 771 1888 prolana
793 1827 894 1869 mero:

153 1900 248 1961 lnscia
272 1899 351 1979 quod
374 1901 488 1960 crimen
510 1898 651 1959 viderunt
673 1897 805 1977 lumina,
829 1897 960 1980 plector,

103 2001 137 2050 50
151 1988 369 2067 Peccatumque
392 1986 495 2048 oculos
518 1995 564 2048 est
587 1985 727 2047 habuisse
750 2003 867 2046 meum.

151 2075 216 2137 Non
239 2074 379 2155 equidem
401 2082 491 2136 lolam
515 2093 637 2154 possum
660 2074 820 2136 defendere
843 2073 977 2153 colpam:

152 2164 210 2225 Sed
232 2170 348 2244 partem
370 2165 466 2225 nostri
488 2165 622 2224 criminis
645 2179 731 2223 error
753 2160 858 2223 habet.

152 2252 227 2331 Spes
250 2254 341 2330 igilru
364 2260 523 2333 superest,
546 2252 717 2333 iacturum,
739 2260 774 2313 ui
796 2249 907 2312 molliat
930 2251 994 2330 ipse

152 2339 258 2401 Mutati
280 2357 405 2419 poenam
428 2339 601 2400 condicione
625 2340 699 2399 loci.

104 2441 138 2490 55
152 2427 213 2489 llos
237 2429 350 2489 utinam
373 2426 460 2488 nitidi
483 2426 560 2488 Solis
583 2428 779 2506 praenuntius
803 2436 887 2487 ortus

152 2517 262 2578 Aderat
285 2516 413 2577 admisso
436 2514 557 2576 Lucifer
580 2514 665 2576 albus
688 2514 781 2595 equol

535 2708 596 2782 VI.

150 2868 267 2931 Foedus
289 2871 435 2931 amicitiae
459 2887 514 2932 nec
537 2871 604 2950 vis,
628 2869 802 2949 carissime,
826 2873 963 2948 nostrae,

149 2956 210 3017 Nec
234 2959 260 3018 si
282 2959 359 3018 forle
382 2956 477 3038 velis,
500 2956 688 3018 dissimulare
711 2963 813 3035 poles.

149 3043 249 3104 Donec
272 3046 350 3104 enim
372 3045 456 3105 licuit
469 3091 478 3124 ,
501 3063 557 3105 nec
579 3051 610 3104 te
634 3043 706 3103 mihi
730 3045 825 3104 carior
848 3043 941 3122 aller,

149 3128 795 3192 mmmmmmfflffl.

118 3218 236 3297 olsque
260 3225 324 3279 erat
347 3218 537 3298 usqueadeo
561 3216 672 3297 populo
696 3224 839 3297 testatus,
862 3225 897 3278 ul
920 3224 998 3276 esset

147 3305 245 3367 Paene
269 3309 362 3387 magis
385 3324 474 3386 quam
495 3314 529 3369 tu
553 3323 700 3384 quamque
723 3323 777 3384 ego
808 3311 919 3384 nolus,
943 3321 1041 3365 amor.

149 3395 281 3475 [Quique
304 3398 403 3457 estin
428 3397 504 3456 caris
527 3397 618 3455 animi
640 3393 696 3455 libi
718 3393 828 3455 candor
851 3394 970 3454 amicis.

147 3484 271 3565 Cognita
293 3493 364 3546 sunt
386 3486 466 3565 ipsi,
489 3502 578 3564 quem
601 3481 696 3565 colis,
720 3485 776 3544 isla
798 3483 861 3542 viro
874 3480 895 3559 .]

147 3572 194 3634 Nil
217 3575 259 3635 ita
282 3572 421 3656 celabas,
444 3582 478 3636 ut
501 3591 561 3635 non
585 3591 640 3652 ego
664 3573 802 3633 conscios
826 3588 938 3650 essem,
