2467 4042
184 218 248 285 198
589 216 775 269 responso

223 397 257 447 το
316 382 414 444 Gloria
436 380 587 443 Pieridum
610 397 724 441 summa
746 380 868 441 iuturus
890 396 973 441 eras.

271 471 330 532 Sed
352 471 423 531 dare
445 472 597 530 materiam
620 467 728 548 nobis,
751 486 839 547 quam
862 470 1015 548 earmina,
1037 472 1157 532 manse

316 558 377 620 Neo
399 566 497 619 tamen
520 575 557 617 ex
579 563 642 618 toto
665 556 805 617 deserere
827 554 877 616 illa
899 565 1001 635 potes.

270 646 344 708 Nam
367 646 453 706 modo
475 644 550 706 bella
574 646 677 726 geris,
698 646 832 706 numeris
855 644 942 705 modo
965 643 1058 706 rerba

817 749 958 812 coerces,
1139 748 1193 798 tus

315 820 460 902 Quodque
483 821 548 882 aliis
571 838 647 901 opus
670 828 737 901 est,
760 820 817 881 hoo
839 819 896 881 tibi
918 820 1003 881 lusus
1023 822 1103 884 erit.

222 922 257 974 ‘it
271 909 369 991 thue
391 928 447 972 neo
469 909 507 970 ad
529 909 694 991 rithmum,
716 927 772 970 neo
794 908 830 969 ad
855 926 955 970 areum
978 912 1082 987 segnis

817 996 920 1075 Apollo
943 1004 1007 1077 est,

316 1086 374 1148 Sed
398 1087 478 1147 venit
499 1085 536 1147 ad
559 1102 659 1146 saunas
681 1102 791 1146 nervus
814 1094 941 1164 uterque
963 1102 1090 1168 manus,

272 1175 322 1237 Sio
344 1174 398 1235 tibi
421 1191 476 1235 neo
498 1173 600 1254 docti,
624 1191 679 1234 neo
702 1173 810 1235 desunt
831 1175 976 1253 principis
998 1183 1099 1256 artes,

315 1262 405 1324 liixta
427 1261 479 1322 sed
503 1270 550 1322 esi
573 1264 670 1323 auimo
693 1279 760 1323 oum
784 1261 852 1322 lore
874 1261 958 1323 ilusa
980 1271 1052 1325 tuo.

270 1350 351 1424 Quae
375 1353 513 1430 quoniam
535 1366 591 1411 nec
614 1368 670 1411 nos
692 1350 771 1412 unda
794 1352 952 1412 summovit
974 1349 1011 1411 ab
1033 1350 1105 1434 illa,

222 1451 257 1502 80
315 1437 428 1518 Ungula
451 1437 600 1518 Gorgonei
622 1456 711 1518 mam
733 1456 802 1499 rava
824 1439 896 1499 lecit
918 1441 1006 1519 equi,

270 1527 390 1607 Prosit,
412 1544 557 1607 opemque
581 1527 657 1588 ierat
679 1529 847 1589 eommunia
869 1544 951 1588 sacra
974 1528 1075 1610 tueri,

314 1617 411 1695 Atque
434 1615 528 1676 isdem
550 1615 658 1676 studiis
680 1618 848 1696 inposuisse
870 1632 1007 1677 manum:

271 1703 370 1764 Litora
393 1703 503 1782 pellitis
526 1704 650 1764 nimium
673 1703 805 1765 subiecta
828 1702 953 1766 Corallis

317 1791 354 1853 Ut
377 1791 495 1852 tandem
518 1808 621 1852 saevos
644 1793 841 1872 effugiamque
865 1791 970 1852 Getas:

222 1892 258 1943 05
272 1878 435 1959 Clausaque
458 1881 484 1940 si
507 1881 615 1941 misero
639 1883 734 1959 patria
756 1889 820 1961 est,
843 1889 877 1941 ui
899 1897 992 1959 ponar
1014 1881 1048 1940 in
1073 1881 1152 1966 illo,

316 1968 374 2039 Oui
395 1969 494 2030 minus
517 1968 646 2029 Ausonia
669 1968 759 2028 distet
782 1967 818 2028 ah
841 1967 943 2049 Urbe,
965 1967 1051 2050 loeo,

272 2054 356 2118 Unde
377 2066 445 2117 tuas
467 2058 579 2135 possim
602 2055 704 2118 laudes
727 2055 877 2118 celebrare
901 2065 1039 2117 recentes

315 2144 477 2224 Magnaque
500 2161 588 2223 quam
611 2146 731 2205 minima
755 2145 830 2206 laeta
853 2145 966 2206 relerre
991 2161 1097 2207 mora.

271 2231 384 2312 'langai
406 2241 440 2293 ui
462 2232 519 2292 hoe
542 2241 644 2293 votum
666 2231 827 2313 caelestia,
849 2250 917 2293 oare
941 2231 1051 2314 Suilli,

219 2332 253 2383 su
312 2320 460 2401 Numina,
482 2338 537 2400 pro
561 2338 665 2382 socom
688 2338 782 2400 paene
804 2338 927 2400 precare
951 2331 1019 2382 tuo.

626 2512 740 2585 VIIII.

272 2670 356 2732 Unde
379 2671 470 2753 licei,
493 2690 552 2733 non
577 2673 656 2734 unde
679 2674 780 2752 iuvat,
804 2671 970 2752 Gramine,
992 2671 1131 2738 salutem

316 2759 407 2821 Mittit
429 2760 465 2822 ab
488 2760 611 2822 Euxinis
635 2761 711 2822 hauc
735 2760 788 2822 tibi
811 2759 889 2821 Naso
912 2760 1011 2822 vadis.

272 2846 441 2929 Missaque,
464 2848 495 2909 di
517 2849 648 2929 iaciant,
671 2866 807 2910 auroram
831 2858 969 2910 ooourrat
991 2847 1026 2909 ad
1052 2849 1165 2934 illam,

316 2935 366 2997 Bis
389 2954 477 2997 senos
500 2938 596 2999 lasues
618 2955 694 3017 quae
717 2937 771 2998 tibi
794 2939 888 3016 prima
911 2935 1011 2998 dahiiz

242 3022 332 3103 sUt,
355 3028 493 3104 quoniam
515 3027 580 3087 sine
604 3044 651 3086 me
674 3035 776 3106 tanges
799 3025 941 3105 Capitolia
963 3025 1069 3086 eonsul
1147 3043 1202 3093 uso

297 3110 355 3173 .Et
377 3114 444 3174 iiam
467 3112 572 3175 turbae
594 3132 664 3193 pars
687 3131 742 3193 ego
765 3113 844 3175 nulla
868 3123 954 3193 tuae,
1038 3174 1052 3199 ⁸

273 3199 306 3261 lu
329 3201 442 3262 domini
464 3201 570 3263 subeat
592 3211 691 3283 partes
715 3211 745 3263 et
767 3211 899 3281 praestet
922 3202 1007 3262 amici

316 3288 454 3351 Officium
476 3294 557 3352 iusto
579 3290 677 3351 littera
700 3299 800 3352 nostra
823 3290 889 3352 die.

273 3376 369 3455 Atque
392 3395 447 3456 ego
470 3381 497 3439 si
519 3380 586 3439 latis
608 3380 727 3457 genitus
750 3378 923 3440 melioribus
945 3394 1041 3439 essem

225 3473 258 3523 10
316 3462 354 3523 Et
376 3481 440 3523 mea
464 3468 582 3527 sincero
605 3477 741 3527 corrueret
763 3485 817 3528 axe
840 3476 922 3547 rota,

272 3549 337 3619 Ouo
357 3568 436 3611 nuno
459 3562 561 3613 nostra
579 3571 685 3614 manus
703 3557 917 3635 perscriptum
938 3554 1072 3633 iungitur
1083 3602 1095 3635 ,
1119 3568 1219 3634 esset,

1218 3665 1219 3754 l

1212 3849 1218 3976 l
