<?xml version="1.0" encoding="UTF-8"?>
<!DOCTYPE html PUBLIC "-//W3C//DTD XHTML 1.0 Transitional//EN"
    "http://www.w3.org/TR/xhtml1/DTD/xhtml1-transitional.dtd">
<html xmlns="http://www.w3.org/1999/xhtml" xml:lang="en" lang="en">
 <head>
  <title>
</title>
<meta http-equiv="Content-Type" content="text/html;charset=utf-8" />
  <meta name='ocr-system' content='tesseract 3.04.00' />
  <meta name='ocr-capabilities' content='ocr_page ocr_carea ocr_par ocr_line ocrx_word'/>
</head>
<body>
  <div class='ocr_page' id='page_1' title='image "./povidiusnaso00ehwagoog_0800.png"; bbox 0 0 2467 4042; ppageno 0'>
   <div class='ocr_carea' id='block_1_1' title="bbox 562 180 735 232">
    <p class='ocr_par' dir='ltr' id='par_1_1' title="bbox 562 180 735 232">
     <span class='ocr_line' id='line_1_1' title="bbox 562 180 735 232; baseline 0 0"><span class='ocrx_word' id='word_1_1' title='bbox 562 180 735 232; x_wconf 81' lang='lat' dir='ltr'>TRISTIUM</span> 
     </span>
    </p>
   </div>
   <div class='ocr_carea' id='block_1_2' title="bbox 183 346 1091 692">
    <p class='ocr_par' dir='ltr' id='par_1_2' title="bbox 233 346 837 425">
     <span class='ocr_line' id='line_1_2' title="bbox 233 346 837 425; baseline -0.005 -17"><span class='ocrx_word' id='word_1_2' title='bbox 233 346 358 408; x_wconf 83' lang='lat' dir='ltr'><strong>Dimidia</strong></span> <span class='ocrx_word' id='word_1_3' title='bbox 381 352 463 407; x_wconf 88' lang='lat' dir='ltr'><strong>certe</strong></span> <span class='ocrx_word' id='word_1_4' title='bbox 482 352 566 424; x_wconf 89' lang='lat' dir='ltr'><strong>parte</strong></span> <span class='ocrx_word' id='word_1_5' title='bbox 590 352 743 425; x_wconf 89' lang='lat' dir='ltr'><strong>superstes</strong></span> <span class='ocrx_word' id='word_1_6' title='bbox 766 362 837 405; x_wconf 81' lang='lat' dir='ltr'><strong>erc,</strong></span> 
     </span>
    </p>

    <p class='ocr_par' dir='ltr' id='par_1_3' title="bbox 183 430 1091 692">
     <span class='ocr_line' id='line_1_3' title="bbox 183 430 1091 514; baseline -0.001 -17"><span class='ocrx_word' id='word_1_7' title='bbox 183 449 217 497; x_wconf 84' lang='lat'><strong>45</strong></span> <span class='ocrx_word' id='word_1_8' title='bbox 233 436 268 496; x_wconf 83' lang='lat' dir='ltr'><strong>Ei</strong></span> <span class='ocrx_word' id='word_1_9' title='bbox 292 435 386 511; x_wconf 89' lang='lat' dir='ltr'><strong>mihi,</strong></span> <span class='ocrx_word' id='word_1_10' title='bbox 410 451 499 514; x_wconf 89' lang='lat' dir='ltr'><strong>quam</strong></span> <span class='ocrx_word' id='word_1_11' title='bbox 522 432 612 494; x_wconf 90' lang='lat' dir='ltr'><strong>celeri</strong></span> <span class='ocrx_word' id='word_1_12' title='bbox 635 435 806 495; x_wconf 89' lang='lat' dir='ltr'><strong>micuerunt</strong></span> <span class='ocrx_word' id='word_1_13' title='bbox 828 430 929 494; x_wconf 88' lang='lat' dir='ltr'><strong>nubila</strong></span> <span class='ocrx_word' id='word_1_14' title='bbox 950 432 1091 496; x_wconf 84' lang='lat' dir='ltr'><strong>tlammal</strong></span> 
     </span>
     <span class='ocr_line' id='line_1_4' title="bbox 232 519 963 601; baseline -0.005 -15"><span class='ocrx_word' id='word_1_15' title='bbox 232 523 367 595; x_wconf 87' lang='lat' dir='ltr'><strong>Quantus</strong></span> <span class='ocrx_word' id='word_1_16' title='bbox 391 522 427 583; x_wconf 91' lang='lat' dir='ltr'><strong>ab</strong></span> <span class='ocrx_word' id='word_1_17' title='bbox 452 521 584 584; x_wconf 88' lang='lat' dir='ltr'><strong>aetherio</strong></span> <span class='ocrx_word' id='word_1_18' title='bbox 606 529 748 601; x_wconf 86' lang='lat' dir='ltr'><strong>personat</strong></span> <span class='ocrx_word' id='word_1_19' title='bbox 770 539 824 582; x_wconf 82' lang='lat' dir='ltr'><strong>are</strong></span> <span class='ocrx_word' id='word_1_20' title='bbox 847 519 963 599; x_wconf 80' lang='lat' dir='ltr'><strong>fragor!</strong></span> 
     </span>
     <span class='ocr_line' id='line_1_5' title="bbox 231 608 1061 692; baseline -0.001 -20"><span class='ocrx_word' id='word_1_21' title='bbox 231 612 292 673; x_wconf 90' lang='lat' dir='ltr'><strong>Nec</strong></span> <span class='ocrx_word' id='word_1_22' title='bbox 315 611 409 672; x_wconf 83' lang='lat' dir='ltr'><strong>levius</strong></span> <span class='ocrx_word' id='word_1_23' title='bbox 433 609 548 671; x_wconf 90' lang='lat' dir='ltr'><strong>tabulae</strong></span> <span class='ocrx_word' id='word_1_24' title='bbox 572 608 700 671; x_wconf 87' lang='lat' dir='ltr'><strong>laterum</strong></span> <span class='ocrx_word' id='word_1_25' title='bbox 723 610 873 671; x_wconf 82' lang='lat' dir='ltr'><strong>feriuntur</strong></span> <span class='ocrx_word' id='word_1_26' title='bbox 896 608 1061 692; x_wconf 81' lang='lat' dir='ltr'><strong>abundis,</strong></span> 
     </span>
    </p>
   </div>
   <div class='ocr_carea' id='block_1_3' title="bbox 177 697 1149 3602">
    <p class='ocr_par' dir='ltr' id='par_1_4' title="bbox 177 697 1149 3602">
     <span class='ocr_line' id='line_1_6' title="bbox 232 697 958 779; baseline -0.001 -18"><span class='ocrx_word' id='word_1_27' title='bbox 232 699 327 770; x_wconf 83' lang='lat' dir='ltr'><strong>Quam</strong></span> <span class='ocrx_word' id='word_1_28' title='bbox 349 716 437 779; x_wconf 86' lang='lat' dir='ltr'><strong>grave</strong></span> <span class='ocrx_word' id='word_1_29' title='bbox 461 697 583 759; x_wconf 77' lang='lat' dir='ltr'><strong>balistae</strong></span> <span class='ocrx_word' id='word_1_30' title='bbox 606 700 722 759; x_wconf 86' lang='lat' dir='ltr'><strong>maenia</strong></span> <span class='ocrx_word' id='word_1_31' title='bbox 745 697 844 777; x_wconf 88' lang='lat' dir='ltr'><strong>pulsat</strong></span> <span class='ocrx_word' id='word_1_32' title='bbox 865 715 958 760; x_wconf 87' lang='lat' dir='ltr'><strong>enus.</strong></span> 
     </span>
     <span class='ocr_line' id='line_1_7' title="bbox 231 785 1129 872; baseline 0.002 -24"><span class='ocrx_word' id='word_1_33' title='bbox 231 787 289 859; x_wconf 86' lang='lat' dir='ltr'><strong>Qui</strong></span> <span class='ocrx_word' id='word_1_34' title='bbox 311 789 393 848; x_wconf 84' lang='lat' dir='ltr'><strong>venit</strong></span> <span class='ocrx_word' id='word_1_35' title='bbox 415 786 464 848; x_wconf 91' lang='lat' dir='ltr'><strong>hic</strong></span> <span class='ocrx_word' id='word_1_36' title='bbox 486 786 618 867; x_wconf 85' lang='lat' dir='ltr'><strong>fluctus,</strong></span> <span class='ocrx_word' id='word_1_37' title='bbox 640 785 751 847; x_wconf 87' lang='lat' dir='ltr'><strong>lluctus</strong></span> <span class='ocrx_word' id='word_1_38' title='bbox 773 787 977 866; x_wconf 74' lang='lat' dir='ltr'><strong>supereminet</strong></span> <span class='ocrx_word' id='word_1_39' title='bbox 999 804 1129 872; x_wconf 81' lang='lat' dir='ltr'><strong>emnes3</strong></span> 
     </span>
     <span class='ocr_line' id='line_1_8' title="bbox 183 869 919 954; baseline -0.004 -16"><span class='ocrx_word' id='word_1_40' title='bbox 183 869 221 939; x_wconf 69' lang='lat'><strong>50&#39;</strong></span> <span class='ocrx_word' id='word_1_41' title='bbox 231 876 384 938; x_wconf 86' lang='lat' dir='ltr'><strong>Posterior</strong></span> <span class='ocrx_word' id='word_1_42' title='bbox 406 893 485 936; x_wconf 89' lang='lat' dir='ltr'><strong>nono</strong></span> <span class='ocrx_word' id='word_1_43' title='bbox 510 882 556 935; x_wconf 91' lang='lat' dir='ltr'><strong>est</strong></span> <span class='ocrx_word' id='word_1_44' title='bbox 579 873 795 954; x_wconf 90' lang='lat' dir='ltr'><strong>undecimoque</strong></span> <span class='ocrx_word' id='word_1_45' title='bbox 818 876 919 952; x_wconf 85' lang='lat' dir='ltr'><strong>prior.</strong></span> 
     </span>
     <span class='ocr_line' id='line_1_9' title="bbox 230 961 1013 1043; baseline -0.001 -17"><span class='ocrx_word' id='word_1_46' title='bbox 230 964 292 1026; x_wconf 89' lang='lat' dir='ltr'><strong>Nec</strong></span> <span class='ocrx_word' id='word_1_47' title='bbox 314 964 408 1026; x_wconf 89' lang='lat' dir='ltr'><strong>letum</strong></span> <span class='ocrx_word' id='word_1_48' title='bbox 429 966 543 1043; x_wconf 88' lang='lat' dir='ltr'><strong>time0;</strong></span> <span class='ocrx_word' id='word_1_49' title='bbox 566 979 661 1042; x_wconf 87' lang='lat' dir='ltr'><strong>genus</strong></span> <span class='ocrx_word' id='word_1_50' title='bbox 684 971 731 1023; x_wconf 91' lang='lat' dir='ltr'><strong>est</strong></span> <span class='ocrx_word' id='word_1_51' title='bbox 753 961 921 1024; x_wconf 79' lang='lat' dir='ltr'><strong>miserabile</strong></span> <span class='ocrx_word' id='word_1_52' title='bbox 944 962 1013 1025; x_wconf 92' lang='lat' dir='ltr'><strong>leti.</strong></span> 
     </span>
     <span class='ocr_line' id='line_1_10' title="bbox 231 1051 1010 1132; baseline 0.003 -19"><span class='ocrx_word' id='word_1_53' title='bbox 231 1053 347 1113; x_wconf 88' lang='lat' dir='ltr'><strong>Demite</strong></span> <span class='ocrx_word' id='word_1_54' title='bbox 370 1051 579 1132; x_wconf 78' lang='lat' dir='ltr'><strong>naufragium,</strong></span> <span class='ocrx_word' id='word_1_55' title='bbox 602 1068 684 1112; x_wconf 88' lang='lat' dir='ltr'><strong>mors</strong></span> <span class='ocrx_word' id='word_1_56' title='bbox 707 1051 780 1112; x_wconf 90' lang='lat' dir='ltr'><strong>mihi</strong></span> <span class='ocrx_word' id='word_1_57' title='bbox 802 1068 912 1112; x_wconf 93' lang='lat' dir='ltr'><strong>munus</strong></span> <span class='ocrx_word' id='word_1_58' title='bbox 935 1053 1010 1115; x_wconf 87' lang='lat' dir='ltr'><strong>erit.</strong></span> 
     </span>
     <span class='ocr_line' id='line_1_11' title="bbox 229 1139 958 1220; baseline -0.003 -18"><span class='ocrx_word' id='word_1_59' title='bbox 229 1140 285 1202; x_wconf 83' lang='lat' dir='ltr'><strong>Est</strong></span> <span class='ocrx_word' id='word_1_60' title='bbox 309 1140 440 1220; x_wconf 87' lang='lat' dir='ltr'><strong>aliquid,</strong></span> <span class='ocrx_word' id='word_1_61' title='bbox 463 1140 561 1200; x_wconf 79' lang='lat' dir='ltr'><strong>latnie</strong></span> <span class='ocrx_word' id='word_1_62' title='bbox 584 1157 639 1200; x_wconf 90' lang='lat' dir='ltr'><strong>suc</strong></span> <span class='ocrx_word' id='word_1_63' title='bbox 662 1139 779 1200; x_wconf 80' lang='lat' dir='ltr'><strong>ferrove</strong></span> <span class='ocrx_word' id='word_1_64' title='bbox 803 1139 958 1200; x_wconf 83' lang='lat' dir='ltr'><strong>cadentem</strong></span> 
     </span>
     <span class='ocr_line' id='line_1_12' title="bbox 231 1228 934 1309; baseline -0.001 -20"><span class='ocrx_word' id='word_1_65' title='bbox 231 1229 265 1290; x_wconf 92' lang='lat' dir='ltr'><strong>ln</strong></span> <span class='ocrx_word' id='word_1_66' title='bbox 289 1228 381 1289; x_wconf 87' lang='lat' dir='ltr'><strong>solida</strong></span> <span class='ocrx_word' id='word_1_67' title='bbox 404 1230 535 1289; x_wconf 88' lang='lat' dir='ltr'><strong>moriens</strong></span> <span class='ocrx_word' id='word_1_68' title='bbox 557 1246 670 1307; x_wconf 88' lang='lat' dir='ltr'><strong>ponere</strong></span> <span class='ocrx_word' id='word_1_69' title='bbox 693 1245 803 1307; x_wconf 88' lang='lat' dir='ltr'><strong>cerpus</strong></span> <span class='ocrx_word' id='word_1_70' title='bbox 825 1228 934 1309; x_wconf 88' lang='lat' dir='ltr'><strong>humo,</strong></span> 
     </span>
     <span class='ocr_line' id='line_1_13' title="bbox 183 1315 1030 1397; baseline -0.001 -19"><span class='ocrx_word' id='word_1_71' title='bbox 183 1330 216 1379; x_wconf 81' lang='lat'><strong>55</strong></span> <span class='ocrx_word' id='word_1_72' title='bbox 231 1316 270 1377; x_wconf 86' lang='lat' dir='ltr'><strong>Et</strong></span> <span class='ocrx_word' id='word_1_73' title='bbox 291 1316 431 1377; x_wconf 91' lang='lat' dir='ltr'><strong>mandare</strong></span> <span class='ocrx_word' id='word_1_74' title='bbox 454 1319 517 1377; x_wconf 90' lang='lat' dir='ltr'><strong>suis</strong></span> <span class='ocrx_word' id='word_1_75' title='bbox 542 1316 640 1395; x_wconf 88' lang='lat' dir='ltr'><strong>aliqua</strong></span> <span class='ocrx_word' id='word_1_76' title='bbox 663 1324 694 1377; x_wconf 90' lang='lat' dir='ltr'><strong>et</strong></span> <span class='ocrx_word' id='word_1_77' title='bbox 716 1334 837 1397; x_wconf 87' lang='lat' dir='ltr'><strong>sperare</strong></span> <span class='ocrx_word' id='word_1_78' title='bbox 860 1315 1030 1396; x_wconf 88' lang='lat' dir='ltr'><strong>sepulcrum</strong></span> 
     </span>
     <span class='ocr_line' id='line_1_14' title="bbox 230 1403 916 1484; baseline 0.003 -19"><span class='ocrx_word' id='word_1_79' title='bbox 230 1404 269 1466; x_wconf 87' lang='lat' dir='ltr'><strong>Et</strong></span> <span class='ocrx_word' id='word_1_80' title='bbox 292 1422 352 1465; x_wconf 87' lang='lat' dir='ltr'><strong>nen</strong></span> <span class='ocrx_word' id='word_1_81' title='bbox 374 1406 531 1484; x_wconf 87' lang='lat' dir='ltr'><strong>aequoreis</strong></span> <span class='ocrx_word' id='word_1_82' title='bbox 553 1403 688 1483; x_wconf 88' lang='lat' dir='ltr'><strong>piscibus</strong></span> <span class='ocrx_word' id='word_1_83' title='bbox 711 1422 776 1465; x_wconf 90' lang='lat' dir='ltr'><strong>esse</strong></span> <span class='ocrx_word' id='word_1_84' title='bbox 800 1403 916 1467; x_wconf 91' lang='lat' dir='ltr'><strong>cibum.</strong></span> 
     </span>
     <span class='ocr_line' id='line_1_15' title="bbox 230 1492 1022 1573; baseline -0.001 -19"><span class='ocrx_word' id='word_1_85' title='bbox 230 1493 347 1573; x_wconf 82' lang='lat' dir='ltr'><strong>Fingite</strong></span> <span class='ocrx_word' id='word_1_86' title='bbox 370 1512 417 1554; x_wconf 92' lang='lat' dir='ltr'><strong>me</strong></span> <span class='ocrx_word' id='word_1_87' title='bbox 441 1492 562 1572; x_wconf 87' lang='lat' dir='ltr'><strong>dignum</strong></span> <span class='ocrx_word' id='word_1_88' title='bbox 585 1492 638 1553; x_wconf 89' lang='lat' dir='ltr'><strong>tali</strong></span> <span class='ocrx_word' id='word_1_89' title='bbox 660 1511 757 1573; x_wconf 87' lang='lat' dir='ltr'><strong>nece,</strong></span> <span class='ocrx_word' id='word_1_90' title='bbox 779 1511 839 1554; x_wconf 91' lang='lat' dir='ltr'><strong>non</strong></span> <span class='ocrx_word' id='word_1_91' title='bbox 863 1511 917 1573; x_wconf 91' lang='lat' dir='ltr'><strong>ego</strong></span> <span class='ocrx_word' id='word_1_92' title='bbox 941 1493 1022 1554; x_wconf 88' lang='lat' dir='ltr'><strong>solus</strong></span> 
     </span>
     <span class='ocr_line' id='line_1_16' title="bbox 229 1577 1031 1661; baseline 0 -19"><span class='ocrx_word' id='word_1_93' title='bbox 229 1581 284 1642; x_wconf 89' lang='lat' dir='ltr'><strong>llic</strong></span> <span class='ocrx_word' id='word_1_94' title='bbox 307 1581 421 1643; x_wconf 84' lang='lat' dir='ltr'><strong>vehor.</strong></span> <span class='ocrx_word' id='word_1_95' title='bbox 452 1583 607 1642; x_wconf 90' lang='lat' dir='ltr'><strong>inmeritos</strong></span> <span class='ocrx_word' id='word_1_96' title='bbox 632 1599 686 1642; x_wconf 91' lang='lat' dir='ltr'><strong>cur</strong></span> <span class='ocrx_word' id='word_1_97' title='bbox 709 1599 774 1642; x_wconf 95' lang='lat' dir='ltr'><strong>mea</strong></span> <span class='ocrx_word' id='word_1_98' title='bbox 796 1598 892 1661; x_wconf 89' lang='lat' dir='ltr'><strong>poena</strong></span> <span class='ocrx_word' id='word_1_99' title='bbox 914 1577 1031 1643; x_wconf 84' lang='lat' dir='ltr'><strong>trahit?</strong></span> 
     </span>
     <span class='ocr_line' id='line_1_17' title="bbox 229 1668 1121 1754; baseline 0.002 -24"><span class='ocrx_word' id='word_1_100' title='bbox 229 1670 287 1731; x_wconf 88' lang='lat' dir='ltr'><strong>Pro</strong></span> <span class='ocrx_word' id='word_1_101' title='bbox 311 1672 414 1751; x_wconf 87' lang='lat' dir='ltr'><strong>superi</strong></span> <span class='ocrx_word' id='word_1_102' title='bbox 436 1669 606 1748; x_wconf 88' lang='lat' dir='ltr'><strong>viridesque</strong></span> <span class='ocrx_word' id='word_1_103' title='bbox 630 1668 700 1749; x_wconf 87' lang='lat' dir='ltr'><strong>dei,</strong></span> <span class='ocrx_word' id='word_1_104' title='bbox 724 1669 833 1748; x_wconf 89' lang='lat' dir='ltr'><strong>quibus</strong></span> <span class='ocrx_word' id='word_1_105' title='bbox 856 1687 985 1748; x_wconf 84' lang='lat' dir='ltr'><strong>aequora</strong></span> <span class='ocrx_word' id='word_1_106' title='bbox 1009 1686 1121 1754; x_wconf 87' lang='lat' dir='ltr'><strong>curae,</strong></span> 
     </span>
     <span class='ocr_line' id='line_1_18' title="bbox 180 1757 944 1837; baseline -0.001 -18"><span class='ocrx_word' id='word_1_107' title='bbox 180 1771 214 1819; x_wconf 83' lang='lat' dir='ltr'><strong>eo</strong></span> <span class='ocrx_word' id='word_1_108' title='bbox 228 1758 362 1837; x_wconf 89' lang='lat' dir='ltr'><strong>Utraque</strong></span> <span class='ocrx_word' id='word_1_109' title='bbox 384 1761 443 1819; x_wconf 90' lang='lat' dir='ltr'><strong>iam</strong></span> <span class='ocrx_word' id='word_1_110' title='bbox 466 1766 579 1819; x_wconf 87' lang='lat' dir='ltr'><strong>vestras</strong></span> <span class='ocrx_word' id='word_1_111' title='bbox 602 1760 699 1818; x_wconf 87' lang='lat' dir='ltr'><strong>sistite</strong></span> <span class='ocrx_word' id='word_1_112' title='bbox 723 1757 810 1819; x_wconf 90' lang='lat' dir='ltr'><strong>turba</strong></span> <span class='ocrx_word' id='word_1_113' title='bbox 833 1761 944 1818; x_wconf 86' lang='lat' dir='ltr'><strong>minas:</strong></span> 
     </span>
     <span class='ocr_line' id='line_1_19' title="bbox 229 1845 1021 1929; baseline -0.001 -21"><span class='ocrx_word' id='word_1_114' title='bbox 229 1846 383 1925; x_wconf 86' lang='lat' dir='ltr'><strong>Quamque</strong></span> <span class='ocrx_word' id='word_1_115' title='bbox 407 1845 489 1907; x_wconf 91' lang='lat' dir='ltr'><strong>dedit</strong></span> <span class='ocrx_word' id='word_1_116' title='bbox 511 1848 600 1907; x_wconf 88' lang='lat' dir='ltr'><strong>vitam</strong></span> <span class='ocrx_word' id='word_1_117' title='bbox 624 1847 778 1907; x_wconf 90' lang='lat' dir='ltr'><strong>mitissima</strong></span> <span class='ocrx_word' id='word_1_118' title='bbox 802 1845 936 1907; x_wconf 87' lang='lat' dir='ltr'><strong>Caesaris</strong></span> <span class='ocrx_word' id='word_1_119' title='bbox 959 1847 1021 1929; x_wconf 86' lang='lat' dir='ltr'><strong>ira,</strong></span> 
     </span>
     <span class='ocr_line' id='line_1_20' title="bbox 227 1932 925 1996; baseline 0 0"><span class='ocrx_word' id='word_1_120' title='bbox 227 1934 310 1996; x_wconf 88' lang='lat' dir='ltr'><strong>llanc</strong></span> <span class='ocrx_word' id='word_1_121' title='bbox 334 1937 422 1995; x_wconf 90' lang='lat' dir='ltr'><strong>sinite</strong></span> <span class='ocrx_word' id='word_1_122' title='bbox 445 1934 548 1996; x_wconf 77' lang='lat' dir='ltr'><strong>infelix</strong></span> <span class='ocrx_word' id='word_1_123' title='bbox 569 1936 601 1995; x_wconf 91' lang='lat' dir='ltr'><strong>in</strong></span> <span class='ocrx_word' id='word_1_124' title='bbox 624 1932 689 1994; x_wconf 88' lang='lat' dir='ltr'><strong>loca</strong></span> <span class='ocrx_word' id='word_1_125' title='bbox 712 1936 793 1995; x_wconf 88' lang='lat' dir='ltr'><strong>iussa</strong></span> <span class='ocrx_word' id='word_1_126' title='bbox 815 1933 925 1996; x_wconf 87' lang='lat' dir='ltr'><strong>feram.</strong></span> 
     </span>
     <span class='ocr_line' id='line_1_21' title="bbox 229 2022 1060 2104; baseline 0.001 -20"><span class='ocrx_word' id='word_1_127' title='bbox 229 2022 283 2102; x_wconf 88' lang='lat' dir='ltr'><strong>Si,</strong></span> <span class='ocrx_word' id='word_1_128' title='bbox 307 2030 446 2102; x_wconf 87' lang='lat' dir='ltr'><strong>quantam</strong></span> <span class='ocrx_word' id='word_1_129' title='bbox 470 2023 589 2102; x_wconf 81' lang='lat' dir='ltr'><strong>merui,</strong></span> <span class='ocrx_word' id='word_1_130' title='bbox 612 2039 708 2100; x_wconf 86' lang='lat' dir='ltr'><strong>poena</strong></span> <span class='ocrx_word' id='word_1_131' title='bbox 732 2040 779 2082; x_wconf 94' lang='lat' dir='ltr'><strong>me</strong></span> <span class='ocrx_word' id='word_1_132' title='bbox 802 2022 929 2102; x_wconf 88' lang='lat' dir='ltr'><strong>perdere</strong></span> <span class='ocrx_word' id='word_1_133' title='bbox 952 2023 1060 2104; x_wconf 82' lang='lat' dir='ltr'><strong>vultis,</strong></span> 
     </span>
     <span class='ocr_line' id='line_1_22' title="bbox 228 2109 939 2191; baseline -0.001 -19"><span class='ocrx_word' id='word_1_134' title='bbox 228 2110 320 2191; x_wconf 80' lang='lat' dir='ltr'><strong>Culpa</strong></span> <span class='ocrx_word' id='word_1_135' title='bbox 339 2128 404 2172; x_wconf 90' lang='lat' dir='ltr'><strong>mea</strong></span> <span class='ocrx_word' id='word_1_136' title='bbox 428 2120 474 2172; x_wconf 95' lang='lat' dir='ltr'><strong>est</strong></span> <span class='ocrx_word' id='word_1_137' title='bbox 495 2113 560 2191; x_wconf 88' lang='lat' dir='ltr'><strong>ipso</strong></span> <span class='ocrx_word' id='word_1_138' title='bbox 583 2109 682 2170; x_wconf 88' lang='lat' dir='ltr'><strong>iudice</strong></span> <span class='ocrx_word' id='word_1_139' title='bbox 706 2116 801 2170; x_wconf 86' lang='lat' dir='ltr'><strong>morte</strong></span> <span class='ocrx_word' id='word_1_140' title='bbox 824 2113 939 2171; x_wconf 88' lang='lat' dir='ltr'><strong>minor.</strong></span> 
     </span>
     <span class='ocr_line' id='line_1_23' title="bbox 179 2198 1029 2278; baseline -0.002 -17"><span class='ocrx_word' id='word_1_141' title='bbox 179 2211 213 2261; x_wconf 80' lang='lat'><strong>65</strong></span> <span class='ocrx_word' id='word_1_142' title='bbox 227 2199 345 2268; x_wconf 83' lang='lat' dir='ltr'><strong>Mittere</strong></span> <span class='ocrx_word' id='word_1_143' title='bbox 368 2217 416 2259; x_wconf 93' lang='lat' dir='ltr'><strong>me</strong></span> <span class='ocrx_word' id='word_1_144' title='bbox 440 2198 555 2278; x_wconf 81' lang='lat' dir='ltr'><strong>Stygias</strong></span> <span class='ocrx_word' id='word_1_145' title='bbox 579 2201 605 2258; x_wconf 94' lang='lat' dir='ltr'><strong>si</strong></span> <span class='ocrx_word' id='word_1_146' title='bbox 628 2200 686 2258; x_wconf 90' lang='lat' dir='ltr'><strong>iam</strong></span> <span class='ocrx_word' id='word_1_147' title='bbox 709 2198 852 2259; x_wconf 86' lang='lat' dir='ltr'><strong>voluisset</strong></span> <span class='ocrx_word' id='word_1_148' title='bbox 874 2198 910 2259; x_wconf 90' lang='lat' dir='ltr'><strong>ad</strong></span> <span class='ocrx_word' id='word_1_149' title='bbox 934 2199 1029 2261; x_wconf 89' lang='lat' dir='ltr'><strong>undas</strong></span> 
     </span>
     <span class='ocr_line' id='line_1_24' title="bbox 227 2287 947 2367; baseline 0.003 -19"><span class='ocrx_word' id='word_1_150' title='bbox 227 2287 357 2367; x_wconf 86' lang='lat' dir='ltr'><strong>Caesar,</strong></span> <span class='ocrx_word' id='word_1_151' title='bbox 379 2290 411 2348; x_wconf 91' lang='lat' dir='ltr'><strong>in</strong></span> <span class='ocrx_word' id='word_1_152' title='bbox 434 2287 491 2353; x_wconf 85' lang='lat' dir='ltr'><strong>hnc</strong></span> <span class='ocrx_word' id='word_1_153' title='bbox 514 2294 613 2347; x_wconf 83' lang='lat' dir='ltr'><strong>vestra</strong></span> <span class='ocrx_word' id='word_1_154' title='bbox 635 2304 695 2346; x_wconf 88' lang='lat' dir='ltr'><strong>nnn</strong></span> <span class='ocrx_word' id='word_1_155' title='bbox 719 2288 851 2366; x_wconf 81' lang='lat' dir='ltr'><strong>eguisset</strong></span> <span class='ocrx_word' id='word_1_156' title='bbox 873 2305 947 2367; x_wconf 85' lang='lat' dir='ltr'><strong>cpe.</strong></span> 
     </span>
     <span class='ocr_line' id='line_1_25' title="bbox 226 2374 853 2437; baseline 0.002 -2"><span class='ocrx_word' id='word_1_157' title='bbox 226 2374 281 2436; x_wconf 87' lang='lat' dir='ltr'><strong>Est</strong></span> <span class='ocrx_word' id='word_1_158' title='bbox 303 2374 346 2437; x_wconf 91' lang='lat' dir='ltr'><strong>illi</strong></span> <span class='ocrx_word' id='word_1_159' title='bbox 368 2378 464 2436; x_wconf 90' lang='lat' dir='ltr'><strong>nostri</strong></span> <span class='ocrx_word' id='word_1_160' title='bbox 487 2393 547 2436; x_wconf 89' lang='lat' dir='ltr'><strong>non</strong></span> <span class='ocrx_word' id='word_1_161' title='bbox 570 2374 714 2435; x_wconf 89' lang='lat' dir='ltr'><strong>invidiosa</strong></span> <span class='ocrx_word' id='word_1_162' title='bbox 737 2377 853 2436; x_wconf 89' lang='lat' dir='ltr'><strong>cruoris</strong></span> 
     </span>
     <span class='ocr_line' id='line_1_26' title="bbox 227 2462 1060 2545; baseline 0.001 -20"><span class='ocrx_word' id='word_1_163' title='bbox 227 2463 338 2543; x_wconf 86' lang='lat' dir='ltr'><strong>Cepia.</strong></span> <span class='ocrx_word' id='word_1_164' title='bbox 371 2464 509 2543; x_wconf 86' lang='lat' dir='ltr'><strong>quodque</strong></span> <span class='ocrx_word' id='word_1_165' title='bbox 534 2462 638 2545; x_wconf 83' lang='lat' dir='ltr'><strong>dedit,</strong></span> <span class='ocrx_word' id='word_1_166' title='bbox 661 2481 730 2524; x_wconf 91' lang='lat' dir='ltr'><strong>cum</strong></span> <span class='ocrx_word' id='word_1_167' title='bbox 752 2463 853 2545; x_wconf 83' lang='lat' dir='ltr'><strong>volet,</strong></span> <span class='ocrx_word' id='word_1_168' title='bbox 878 2466 943 2544; x_wconf 89' lang='lat' dir='ltr'><strong>ipse</strong></span> <span class='ocrx_word' id='word_1_169' title='bbox 966 2465 1060 2526; x_wconf 88' lang='lat' dir='ltr'><strong>leret.</strong></span> 
     </span>
     <span class='ocr_line' id='line_1_27' title="bbox 226 2550 1131 2637; baseline 0.004 -26"><span class='ocrx_word' id='word_1_170' title='bbox 226 2550 285 2612; x_wconf 85' lang='lat' dir='ltr'><strong>Vos</strong></span> <span class='ocrx_word' id='word_1_171' title='bbox 308 2552 417 2625; x_wconf 86' lang='lat' dir='ltr'><strong>mode,</strong></span> <span class='ocrx_word' id='word_1_172' title='bbox 442 2569 517 2631; x_wconf 87' lang='lat' dir='ltr'><strong>ques</strong></span> <span class='ocrx_word' id='word_1_173' title='bbox 540 2559 623 2611; x_wconf 89' lang='lat' dir='ltr'><strong>certe</strong></span> <span class='ocrx_word' id='word_1_174' title='bbox 646 2550 750 2634; x_wconf 81' lang='lat' dir='ltr'><strong>nullo,</strong></span> <span class='ocrx_word' id='word_1_175' title='bbox 773 2560 869 2633; x_wconf 88' lang='lat' dir='ltr'><strong>puto,</strong></span> <span class='ocrx_word' id='word_1_176' title='bbox 892 2554 1016 2614; x_wconf 91' lang='lat' dir='ltr'><strong>crimine</strong></span> <span class='ocrx_word' id='word_1_177' title='bbox 1039 2553 1131 2637; x_wconf 86' lang='lat' dir='ltr'><strong>laesi,</strong></span> 
     </span>
     <span class='ocr_line' id='line_1_28' title="bbox 179 2639 971 2722; baseline 0.001 -21"><span class='ocrx_word' id='word_1_178' title='bbox 179 2639 367 2714; x_wconf 66' lang='lat' dir='ltr'><strong>to‘dcntenti</strong></span> <span class='ocrx_word' id='word_1_179' title='bbox 390 2642 501 2701; x_wconf 88' lang='lat' dir='ltr'><strong>nestris</strong></span> <span class='ocrx_word' id='word_1_180' title='bbox 523 2642 604 2718; x_wconf 84' lang='lat' dir='ltr'><strong>iam,</strong></span> <span class='ocrx_word' id='word_1_181' title='bbox 627 2657 758 2722; x_wconf 86' lang='lat' dir='ltr'><strong>precor,</strong></span> <span class='ocrx_word' id='word_1_182' title='bbox 782 2647 845 2701; x_wconf 92' lang='lat' dir='ltr'><strong>este</strong></span> <span class='ocrx_word' id='word_1_183' title='bbox 869 2640 971 2702; x_wconf 87' lang='lat' dir='ltr'><strong>malisl</strong></span> 
     </span>
     <span class='ocr_line' id='line_1_29' title="bbox 226 2726 1059 2809; baseline 0.005 -21"><span class='ocrx_word' id='word_1_184' title='bbox 226 2726 288 2788; x_wconf 90' lang='lat' dir='ltr'><strong>Nec</strong></span> <span class='ocrx_word' id='word_1_185' title='bbox 311 2737 432 2809; x_wconf 87' lang='lat' dir='ltr'><strong>tamen,</strong></span> <span class='ocrx_word' id='word_1_186' title='bbox 455 2735 490 2789; x_wconf 91' lang='lat' dir='ltr'><strong>ut</strong></span> <span class='ocrx_word' id='word_1_187' title='bbox 512 2730 613 2789; x_wconf 90' lang='lat' dir='ltr'><strong>cuncti</strong></span> <span class='ocrx_word' id='word_1_188' title='bbox 635 2730 779 2789; x_wconf 87' lang='lat' dir='ltr'><strong>miserum</strong></span> <span class='ocrx_word' id='word_1_189' title='bbox 803 2746 921 2790; x_wconf 87' lang='lat' dir='ltr'><strong>servare</strong></span> <span class='ocrx_word' id='word_1_190' title='bbox 944 2730 1059 2807; x_wconf 88' lang='lat' dir='ltr'><strong>velitis,</strong></span> 
     </span>
     <span class='ocr_line' id='line_1_30' title="bbox 226 2815 1005 2896; baseline 0.003 -18"><span class='ocrx_word' id='word_1_191' title='bbox 226 2815 312 2887; x_wconf 86' lang='lat' dir='ltr'><strong>Quod</strong></span> <span class='ocrx_word' id='word_1_192' title='bbox 334 2818 446 2896; x_wconf 83' lang='lat' dir='ltr'><strong>periit,</strong></span> <span class='ocrx_word' id='word_1_193' title='bbox 470 2815 582 2877; x_wconf 87' lang='lat' dir='ltr'><strong>salvum</strong></span> <span class='ocrx_word' id='word_1_194' title='bbox 604 2818 663 2876; x_wconf 89' lang='lat' dir='ltr'><strong>iam</strong></span> <span class='ocrx_word' id='word_1_195' title='bbox 687 2824 776 2896; x_wconf 89' lang='lat' dir='ltr'><strong>caput</strong></span> <span class='ocrx_word' id='word_1_196' title='bbox 799 2834 865 2877; x_wconf 91' lang='lat' dir='ltr'><strong>esse</strong></span> <span class='ocrx_word' id='word_1_197' title='bbox 888 2825 1005 2896; x_wconf 89' lang='lat' dir='ltr'><strong>potest.</strong></span> 
     </span>
     <span class='ocr_line' id='line_1_31' title="bbox 226 2904 1002 2987; baseline 0.005 -23"><span class='ocrx_word' id='word_1_198' title='bbox 226 2904 265 2966; x_wconf 91' lang='lat' dir='ltr'><strong>Ut</strong></span> <span class='ocrx_word' id='word_1_199' title='bbox 287 2921 368 2964; x_wconf 91' lang='lat' dir='ltr'><strong>mare</strong></span> <span class='ocrx_word' id='word_1_200' title='bbox 392 2905 526 2968; x_wconf 88' lang='lat' dir='ltr'><strong>considat</strong></span> <span class='ocrx_word' id='word_1_201' title='bbox 548 2907 704 2984; x_wconf 88' lang='lat' dir='ltr'><strong>ventisque</strong></span> <span class='ocrx_word' id='word_1_202' title='bbox 728 2904 893 2967; x_wconf 84' lang='lat' dir='ltr'><strong>ferentibus</strong></span> <span class='ocrx_word' id='word_1_203' title='bbox 917 2914 1002 2987; x_wconf 88' lang='lat' dir='ltr'><strong>utar,</strong></span> 
     </span>
     <span class='ocr_line' id='line_1_32' title="bbox 225 2992 922 3075; baseline 0.003 -22"><span class='ocrx_word' id='word_1_204' title='bbox 225 2992 265 3053; x_wconf 89' lang='lat' dir='ltr'><strong>Ut</strong></span> <span class='ocrx_word' id='word_1_205' title='bbox 286 2993 359 3054; x_wconf 92' lang='lat' dir='ltr'><strong>mihi</strong></span> <span class='ocrx_word' id='word_1_206' title='bbox 381 2995 532 3075; x_wconf 88' lang='lat' dir='ltr'><strong>parcatis,</strong></span> <span class='ocrx_word' id='word_1_207' title='bbox 555 3012 615 3056; x_wconf 89' lang='lat' dir='ltr'><strong>nen</strong></span> <span class='ocrx_word' id='word_1_208' title='bbox 638 2995 737 3055; x_wconf 91' lang='lat' dir='ltr'><strong>minus</strong></span> <span class='ocrx_word' id='word_1_209' title='bbox 761 2993 829 3054; x_wconf 83' lang='lat' dir='ltr'><strong>exul</strong></span> <span class='ocrx_word' id='word_1_210' title='bbox 852 2992 922 3055; x_wconf 88' lang='lat' dir='ltr'><strong>erol</strong></span> 
     </span>
     <span class='ocr_line' id='line_1_33' title="bbox 177 3080 1066 3162; baseline 0 -19"><span class='ocrx_word' id='word_1_211' title='bbox 177 3093 210 3143; x_wconf 77' lang='lat' dir='ltr'><strong>ts</strong></span> <span class='ocrx_word' id='word_1_212' title='bbox 225 3081 290 3143; x_wconf 88' lang='lat' dir='ltr'><strong>Non</strong></span> <span class='ocrx_word' id='word_1_213' title='bbox 315 3099 371 3162; x_wconf 87' lang='lat' dir='ltr'><strong>ega</strong></span> <span class='ocrx_word' id='word_1_214' title='bbox 395 3080 511 3143; x_wconf 88' lang='lat' dir='ltr'><strong>divitias</strong></span> <span class='ocrx_word' id='word_1_215' title='bbox 534 3081 638 3143; x_wconf 86' lang='lat' dir='ltr'><strong>avidus</strong></span> <span class='ocrx_word' id='word_1_216' title='bbox 662 3083 726 3142; x_wconf 92' lang='lat' dir='ltr'><strong>sine</strong></span> <span class='ocrx_word' id='word_1_217' title='bbox 749 3082 808 3143; x_wconf 87' lang='lat' dir='ltr'><strong>fine</strong></span> <span class='ocrx_word' id='word_1_218' title='bbox 831 3082 954 3161; x_wconf 88' lang='lat' dir='ltr'><strong>parandi</strong></span> <span class='ocrx_word' id='word_1_219' title='bbox 1061 3089 1066 3098; x_wconf 89' lang='grc'><strong>“</strong></span> 
     </span>
     <span class='ocr_line' id='line_1_34' title="bbox 225 3169 905 3250; baseline 0.004 -20"><span class='ocrx_word' id='word_1_220' title='bbox 225 3169 332 3232; x_wconf 90' lang='lat' dir='ltr'><strong>Latum</strong></span> <span class='ocrx_word' id='word_1_221' title='bbox 354 3170 504 3232; x_wconf 89' lang='lat' dir='ltr'><strong>mutandis</strong></span> <span class='ocrx_word' id='word_1_222' title='bbox 526 3169 678 3231; x_wconf 85' lang='lat' dir='ltr'><strong>mercibus</strong></span> <span class='ocrx_word' id='word_1_223' title='bbox 702 3187 813 3250; x_wconf 89' lang='lat' dir='ltr'><strong>aequor</strong></span> <span class='ocrx_word' id='word_1_224' title='bbox 836 3188 905 3233; x_wconf 86' lang='lat' dir='ltr'><strong>arc:</strong></span> 
     </span>
     <span class='ocr_line' id='line_1_35' title="bbox 178 3256 989 3321; baseline 0.002 -3"><span class='ocrx_word' id='word_1_225' title='bbox 178 3270 211 3319; x_wconf 80' lang='lat' dir='ltr'><strong>te</strong></span> <span class='ocrx_word' id='word_1_226' title='bbox 225 3256 291 3319; x_wconf 86' lang='lat' dir='ltr'><strong>Non</strong></span> <span class='ocrx_word' id='word_1_227' title='bbox 314 3266 352 3321; x_wconf 87' lang='lat' dir='ltr'><strong>ut.</strong></span> <span class='ocrx_word' id='word_1_228' title='bbox 371 3258 530 3320; x_wconf 80' lang='lat' dir='ltr'><strong>Alexandri</strong></span> <span class='ocrx_word' id='word_1_229' title='bbox 552 3258 661 3319; x_wconf 88' lang='lat' dir='ltr'><strong>claram</strong></span> <span class='ocrx_word' id='word_1_230' title='bbox 685 3256 800 3319; x_wconf 87' lang='lat' dir='ltr'><strong>delatus</strong></span> <span class='ocrx_word' id='word_1_231' title='bbox 823 3260 859 3320; x_wconf 90' lang='lat' dir='ltr'><strong>ad</strong></span> <span class='ocrx_word' id='word_1_232' title='bbox 883 3257 989 3320; x_wconf 91' lang='lat' dir='ltr'><strong>urbem</strong></span> 
     </span>
     <span class='ocr_line' id='line_1_36' title="bbox 179 3344 854 3429; baseline 0.001 -22"><span class='ocrx_word' id='word_1_233' title='bbox 179 3358 213 3407; x_wconf 86' lang='lat'><strong>80</strong></span> <span class='ocrx_word' id='word_1_234' title='bbox 227 3344 354 3408; x_wconf 85' lang='lat' dir='ltr'><strong>Delicias</strong></span> <span class='ocrx_word' id='word_1_235' title='bbox 377 3347 513 3427; x_wconf 86' lang='lat' dir='ltr'><strong>videam,</strong></span> <span class='ocrx_word' id='word_1_236' title='bbox 535 3346 601 3407; x_wconf 92' lang='lat' dir='ltr'><strong>Nile</strong></span> <span class='ocrx_word' id='word_1_237' title='bbox 625 3348 747 3429; x_wconf 83' lang='lat' dir='ltr'><strong>iocose,</strong></span> <span class='ocrx_word' id='word_1_238' title='bbox 770 3354 854 3428; x_wconf 90' lang='lat' dir='ltr'><strong>tuas;</strong></span> 
     </span>
     <span class='ocr_line' id='line_1_37' title="bbox 177 3433 1149 3520; baseline 0.004 -25"><span class='ocrx_word' id='word_1_239' title='bbox 177 3447 210 3495; x_wconf 80' lang='lat' dir='ltr'><strong>tt</strong></span> <span class='ocrx_word' id='word_1_240' title='bbox 226 3433 287 3495; x_wconf 90' lang='lat' dir='ltr'><strong>Nec</strong></span> <span class='ocrx_word' id='word_1_241' title='bbox 313 3443 406 3514; x_wconf 86' lang='lat' dir='ltr'><strong>pete,</strong></span> <span class='ocrx_word' id='word_1_242' title='bbox 430 3453 503 3514; x_wconf 88' lang='lat' dir='ltr'><strong>quas</strong></span> <span class='ocrx_word' id='word_1_243' title='bbox 531 3433 679 3513; x_wconf 85' lang='lat' dir='ltr'><strong>quondam</strong></span> <span class='ocrx_word' id='word_1_244' title='bbox 707 3437 780 3513; x_wconf 87' lang='lat' dir='ltr'><strong>petii</strong></span> <span class='ocrx_word' id='word_1_245' title='bbox 803 3435 978 3513; x_wconf 86' lang='lat' dir='ltr'><strong>studiosus,</strong></span> <span class='ocrx_word' id='word_1_246' title='bbox 1001 3436 1149 3520; x_wconf 80' lang='lat' dir='ltr'><strong>Athenas,</strong></span> 
     </span>
     <span class='ocr_line' id='line_1_38' title="bbox 177 3520 934 3602; baseline 0.004 -21"><span class='ocrx_word' id='word_1_247' title='bbox 177 3533 210 3581; x_wconf 80' lang='lat' dir='ltr'><strong>te</strong></span> <span class='ocrx_word' id='word_1_248' title='bbox 225 3520 339 3601; x_wconf 87' lang='lat' dir='ltr'><strong>Oppida</strong></span> <span class='ocrx_word' id='word_1_249' title='bbox 361 3539 420 3582; x_wconf 89' lang='lat' dir='ltr'><strong>non</strong></span> <span class='ocrx_word' id='word_1_250' title='bbox 444 3523 555 3602; x_wconf 78' lang='lat' dir='ltr'><strong>Asiae,</strong></span> <span class='ocrx_word' id='word_1_251' title='bbox 577 3538 637 3581; x_wconf 91' lang='lat' dir='ltr'><strong>non</strong></span> <span class='ocrx_word' id='word_1_252' title='bbox 660 3521 725 3581; x_wconf 89' lang='lat' dir='ltr'><strong>loca</strong></span> <span class='ocrx_word' id='word_1_253' title='bbox 749 3523 809 3583; x_wconf 88' lang='lat' dir='ltr'><strong>risa</strong></span> <span class='ocrx_word' id='word_1_254' title='bbox 832 3525 934 3602; x_wconf 87' lang='lat' dir='ltr'><strong>prius.</strong></span> 
     </span>
    </p>
   </div>
   <div class='ocr_carea' id='block_1_4' title="bbox 0 0 1238 4042">
    <p class='ocr_par' dir='ltr' id='par_1_5' title="bbox 0 0 1238 4042">
     <span class='ocr_line' id='line_1_39' title="bbox 0 0 1238 4042; baseline 0 1"><span class='ocrx_word' id='word_1_255' title='bbox 0 0 1238 4042; x_wconf 95' lang='lat' dir='ltr'><strong> </strong></span> 
     </span>
    </p>
   </div>
  </div>
 </body>
</html>
