2467 4042
229 217 296 284 234
562 251 565 258 -
640 216 834 270 rnaronuu

287 382 385 463 oipsc
407 400 463 463 ego
486 399 539 443 voa
561 379 651 444 hebui
675 379 777 442 facties
798 381 830 442 in
853 398 953 443 amore
976 384 1161 467 ministros,

362 471 435 532 Cum
459 469 531 533 lusit
554 470 686 531 nunnris
709 471 804 548 prima
825 470 946 531 iuventa
966 473 1053 532 suis.

318 558 399 622 idem
422 576 504 620 sacra
528 575 602 621 cano
626 560 799 637 signataque
821 564 955 637 tempora
976 559 1087 621 mis:

361 646 472 727 Ecquis
495 645 530 708 ad
555 645 628 708 haec
650 643 732 708 illinc
754 644 892 707 crederet
912 663 980 707 usse
1003 645 1118 710 viem?

318 734 396 797 ilaec
424 752 488 796 mea
516 732 620 795 militia
647 742 714 795 est.
754 734 879 795 ierimus
907 751 981 813 quae
1009 753 1191 817 possumus,

729 843 732 849 ·
864 839 963 903 mma,

271 924 304 974 10
363 910 531 990 Dextraqoe
554 927 614 971 uon
637 909 718 971 omni
740 926 864 971 munere
887 918 990 972 nostra
1013 919 1125 975 rscat.

318 998 350 1062 Si
374 998 447 1061 mihi
470 1015 529 1060 uon
552 996 647 1060 valido
670 1005 849 1077 torquentur
870 998 929 1077 pila
951 997 1090 1080 incerto,

361 1086 422 1149 Nec
445 1085 596 1148 bellatoris
619 1094 702 1165 terga
723 1095 901 1165 premuntur
923 1087 1013 1166 equi,

317 1174 377 1238 Neo
401 1174 482 1254 qaiea
505 1175 657 1253 tegimur,
679 1191 736 1236 nco
756 1182 846 1237 acuto
869 1176 1020 1252 cingimur
1042 1193 1142 1258 ense,
1158 1209 1188 1221 -

361 1262 415 1326 His
438 1262 543 1325 habilis
566 1261 634 1323 telis
658 1259 783 1341 quilibet
804 1279 870 1322 esse
892 1270 992 1340 potest
1010 1294 1050 1307 -

271 1364 303 1413 15
318 1352 355 1414 tt
377 1359 428 1412 tua
450 1352 661 1431 prosequimur
683 1350 816 1411 stutfroso
829 1357 981 1429 pectore,
1006 1348 1143 1434 Caesar,

361 1438 507 1520 Nomina,
529 1457 585 1519 per
607 1437 710 1500 titurius
732 1437 976 1517 ingredimurque
997 1446 1093 1502 tuos.

317 1526 396 1606 Ergo
420 1526 489 1589 ades
512 1537 545 1589 et
565 1525 681 1607 piaeim
704 1525 824 1605 paulum
848 1543 913 1588 mea
934 1542 1063 1590 munera
1088 1527 1173 1591 voitu

362 1616 510 1697 Respice,
532 1614 665 1694 pacando
688 1614 786 1693 siquid
809 1612 846 1676 ab
869 1615 953 1676 hoste
976 1631 1087 1679 rama.

316 1702 433 1765 Februa
455 1703 580 1764 Romani
603 1702 705 1764 dixere
727 1704 855 1781 piamina
876 1710 993 1782 patres:

269 1805 303 1854 20
363 1791 448 1855 Nunc
471 1808 590 1871 quoque
614 1790 686 1852 dant
707 1788 797 1852 verbo
820 1790 946 1870 plurima
967 1791 1055 1869 signa
1081 1793 1188 1856 fidem.

316 1879 477 1941 Pontifices
500 1878 536 1941 ab
560 1896 631 1958 rcqe
653 1885 761 1958 petunt
782 1887 813 1940 et
834 1878 951 1940 flamina
974 1878 1081 1960 lanas,

361 1967 435 2040 Quis
458 1974 592 2029 veterum
613 1967 714 2046 lingua
737 1965 840 2028 februa
863 1983 972 2030 nomen
994 1974 1082 2028 erat.

317 2055 457 2135 Quaeque
481 2057 560 2135 capit
580 2054 670 2116 lictor
690 2053 828 2117 domibus
850 2056 1025 2135 purgamina
1048 2062 1179 2140 wrnrrs,

360 2143 485 2206 Torridt
509 2160 577 2205 cum
601 2145 677 2204 mica
699 2142 778 2204 farra
790 2187 800 2224 ,
823 2152 965 2205 vocantur
985 2142 1091 2207 idem.

250 2245 284 2294 uo
299 2231 412 2294 Nomen
435 2231 514 2293 idem
537 2248 620 2293 rutro
632 2276 642 2312 ,
665 2232 718 2309 qui
738 2247 844 2294 cassas
865 2229 906 2292 so
927 2228 1034 2292 amore
1056 2249 1143 2311 pura

361 2319 447 2383 Casta
470 2318 659 2382 sacerdotum
680 2327 813 2398 tempora
835 2315 940 2380 troade
963 2320 1059 2396 tegit.

317 2408 384 2490 lpse
408 2426 462 2488 ego
485 2407 661 2469 flamininum
684 2415 856 2486 poscentem
878 2405 983 2470 &brun
1005 2406 1092 2489 ridi,

360 2495 477 2559 Februa
500 2498 635 2577 poscenti
656 2495 744 2574 pinea
766 2497 847 2573 virga
869 2493 937 2556 dato
958 2500 1023 2556 est.

316 2585 449 2665 Denique
473 2583 682 2664 quodcumque
710 2591 757 2644 est
769 2629 778 2662 ,
805 2600 864 2663 quo
892 2599 1017 2662 corpora
1046 2596 1159 2648 nostra

861 2671 998 2750 piantur,

266 2773 301 2824 so
359 2760 422 2823 Hoc
445 2759 523 2840 apud
545 2761 680 2822 intonsos
702 2775 809 2820 nomen
832 2757 959 2820 habebat
979 2775 1073 2820 aros.

315 2849 425 2910 Mensis
448 2848 485 2910 ab
507 2848 554 2909 his
577 2848 697 2927 dietus,
721 2855 800 2909 secta
824 2847 893 2925 quia
915 2845 991 2925 pelle
1015 2845 1143 2927 luperci

360 2936 455 2998 Omne
478 2934 573 2997 solum
597 2934 746 3016 lustrant,
768 2933 858 3014 idque
881 2936 996 3014 piamen
1021 2933 1163 3002 habent:

317 3026 376 3087 Aut
399 3027 467 3104 quia
489 3022 612 3104 placatis
636 3030 706 3085 suut
729 3030 861 3101 tempora
884 3039 959 3102 pura
982 3022 1180 3107 sepulchris,

359 3112 443 3174 Tunc
467 3128 534 3173 curm
556 3109 664 3172 ferales
685 3111 867 3190 praeteriere
890 3108 970 3171 dies.

266 3213 301 3264 so
316 3200 410 3263 Ounno
433 3200 516 3261 nefas
539 3216 716 3278 omnemque
740 3197 808 3258 mali
830 3199 1001 3277 purgamIna
1026 3216 1159 3264 oausam

360 3287 526 3352 Credebant
548 3289 644 3348 nocui
667 3284 770 3348 toliere
792 3304 881 3364 posse
904 3303 1008 3350 senes.

315 3377 437 3439 Graecia
458 3376 639 3456 principium
664 3375 754 3436 moris
776 3375 856 3438 tuit.
892 3373 942 3436 iila
964 3379 1113 3441 uocenus

358 3464 450 3543 Impia
471 3463 612 3525 instratos
635 3480 747 3541 ponere
770 3463 846 3524 facta
869 3469 971 3542 putat.

315 3549 474 3611 Actoriden
494 3549 626 3629 Peleus,
649 3551 747 3629 ipsum
770 3567 890 3629 quoque
912 3548 999 3614 Peion
1021 3549 1129 3617 Phoci
