2467 4042
454 238 652 305 aur-372.
1005 241 1069 308 toll

45 404 105 460 aad
115 396 258 457 Barbara
273 408 418 453 sermone
432 398 500 452 esti
520 393 569 453 iao
583 398 682 453 tecum
699 393 791 454 multa
805 394 957 468 loquatur.

165 479 233 541 llon
250 476 357 537 didicit
371 476 506 536 chordas
519 482 665 551 tangeret
688 490 784 552 posce
800 477 909 556 lyram.

118 562 235 624 Durius
250 561 387 621 incedito
407 560 456 620 iac
470 559 645 621 inambulet
683 559 779 621 Omne
794 561 926 636 papillae

164 646 275 706 Pectus
290 643 406 704 hubent
420 644 575 704 tumidae?
595 645 693 704 iascia
707 645 790 704 nulla
802 652 894 719 tegat
970 659 974 665 ·

119 728 155 791 Si
171 730 252 788 male
266 727 391 788 denota
406 734 469 802 est,
491 744 594 801 narra,
618 729 703 803 quod
716 728 830 803 rideat,
851 729 903 789 illi.

51 823 107 879 alo
161 812 309 872 Mollibus
323 819 372 872 est
386 813 507 872 oculis?
528 811 611 887 quod
627 810 701 871 fleat
714 811 779 880 illa,
798 812 889 872 reier.

111 896 260 959 Proderit
275 903 307 956 et
320 895 438 970 subito,
462 911 531 955 cum
545 912 581 955 sc
595 911 659 955 non
674 896 794 956 finxerit
808 896 871 970 ulli,

161 981 212 1041 Ad
228 980 384 1044 dominam
401 979 518 1039 celeres
532 994 621 1039 mane
634 979 744 1040 tulisse
757 980 883 1055 gradus.

117 1064 298 1125 Auferimur
312 1066 405 1124 cultu.
426 1064 554 1139 gemmis
570 1079 708 1139 auroque
723 1069 864 1138 teguntur

163 1148 282 1209 Omnia.
306 1164 378 1224 pars
393 1147 518 1206 minimo
531 1157 579 1208 est
592 1148 663 1223 ipsa
679 1148 780 1222 puella
794 1147 853 1207 sui.

51 1242 106 1311 aaa
118 1232 223 1309 Saepe
237 1231 292 1292 ubi
307 1230 360 1305 sit,
384 1231 470 1307 quod
485 1246 585 1305 ames,
607 1232 760 1291 intertum
774 1232 867 1291 multu
880 1229 1029 1306 requiras.

162 1317 285 1392 Decipit
298 1316 359 1375 hac
374 1316 483 1376 oculos
497 1315 606 1391 aegide
622 1315 711 1375 dives
725 1316 830 1374 Amor.

117 1402 313 1478 improvisus
329 1401 421 1474 ades,
445 1400 620 1475 deprendes
635 1406 717 1460 tutus
732 1399 892 1459 inermemz

160 1485 271 1545 Inlelix
286 1482 368 1543 vitiis
384 1483 506 1544 excidet
520 1484 571 1543 illa
585 1484 661 1543 suis.

116 1569 185 1630 Non
203 1576 304 1628 tamen
318 1568 390 1628 huic
404 1567 529 1627 nimium
543 1574 709 1643 praecepto
726 1567 853 1628 credere
866 1573 961 1627 tutum
977 1574 1037 1627 esta

54 1664 107 1717 ooo
158 1652 249 1713 Fallit
262 1651 344 1711 enim
359 1652 470 1711 multas
485 1652 583 1711 forma
597 1652 666 1711 sine
680 1656 744 1711 arte
759 1651 884 1712 decens.

116 1739 194 1798 Tum
210 1751 352 1812 quoque,
376 1750 446 1796 cum
461 1734 570 1810 positis
585 1752 643 1794 sua
657 1737 780 1796 collinet
795 1752 849 1796 ora
863 1734 1001 1807 venenis,

158 1821 211 1880 Ad
227 1821 372 1879 dominae
386 1820 521 1879 vultus...
537 1835 594 1880 neo
610 1821 712 1894 pudor
727 1819 860 1880 obstet...
877 1835 940 1879 eas.

116 1904 256 1983 Pyxidas
272 1904 411 1963 invenies
427 1909 458 1964 et
471 1917 572 1962 rerum
585 1905 667 1963 mille
684 1904 815 1977 colores,

158 1988 198 2048 ut
212 1987 310 2048 fluere
325 1987 355 2046 in
371 1988 493 2064 tepidos
510 2004 627 2065 oesypa
644 1989 733 2063 lapsa
748 1986 845 2048 sinus.

56 2073 169 2137 mollio
184 2079 255 2132 tuas
272 2070 428 2144 redolent,
451 2071 581 2145 Phineu,
602 2072 804 2132 medicamina
818 2088 956 2131 mensas:

158 2157 226 2217 Non
242 2157 339 2216 semel
355 2156 427 2215 hinc
442 2155 601 2216 stomacho
617 2171 734 2216 nausea
749 2156 829 2217 iacta
842 2172 922 2216 meo.

115 2240 203 2301 iluna
216 2239 270 2300 tibi
288 2254 369 2316 quae
383 2239 485 2300 medio
502 2240 622 2300 veneris
639 2246 830 2315 praestemus
846 2239 876 2300 in
893 2255 962 2314 usu,

156 2325 307 2400 Eloquar.
328 2338 368 2382 ex
384 2323 464 2383 omui
480 2331 527 2384 est
543 2331 628 2399 parte
644 2324 798 2399 fugandus
813 2339 909 2384 amor.

114 2410 211 2470 Multa
227 2407 353 2483 quidem
369 2422 408 2467 ex
422 2407 481 2468 illis
499 2408 602 2483 pudor
615 2415 664 2468 est
677 2407 750 2467 milri
766 2408 876 2468 dicere.
899 2406 955 2466 sed
969 2412 1002 2467 tu

57 2503 104 2558 360
156 2492 286 2568 Ingenio
302 2492 407 2551 verbis
423 2493 551 2568 concipe
566 2493 655 2567 plura
671 2492 757 2552 meis.

115 2578 221 2653 Nuper
235 2575 317 2636 enim
332 2583 457 2636 nostros
474 2576 597 2650 quidam
613 2590 758 2651 carpsere
776 2573 904 2637 libellos.

157 2661 297 2735 Quorum
313 2674 443 2720 censura
456 2659 546 2720 Musa
561 2667 707 2735 proterva
721 2674 790 2719 meu
804 2666 860 2720 est.

113 2745 290 2805 Dummodo
305 2744 351 2803 sic
368 2744 520 2819 placeam,
544 2744 615 2804 dum
633 2751 695 2804 tolo
711 2750 816 2804 canter
832 2743 862 2802 in
878 2743 960 2815 orbe,

157 2828 247 2904 Quod
264 2828 363 2901 dolet,
385 2828 553 2904 inpugnant
566 2845 646 2887 unus
662 2833 692 2887 et
709 2829 785 2888 alter
800 2841 889 2902 opus.

58 2921 102 2979 aot
112 2912 271 2989 Ingenium
288 2911 390 2987 magni
404 2912 484 2972 livor
499 2914 648 2972 detractat
659 2911 799 2972 Homeri=

157 2995 305 3071 Quisquis
321 3012 371 3068 es,
395 3012 433 3056 ex
448 2996 516 3068 illo,
537 2995 636 3069 zoile,
660 3011 770 3055 nomen
788 2993 896 3054 habes⁴

112 3082 150 3141 Et
164 3087 216 3140 tua
230 3081 403 3155 sacrilegae
417 3081 568 3139 laniamnt
582 3080 717 3139 cannino
731 3079 862 3154 linguae,

156 3164 283 3225 Pertulit
297 3163 357 3224 huc
375 3162 472 3225 victos
487 3181 549 3238 quo
566 3164 646 3223 duce
658 3161 750 3223 Troia
765 3163 852 3222 deos.

115 3247 241 3310 Summa
256 3248 333 3323 petit
346 3247 434 3307 livor.
458 3246 591 3323 perflant
606 3246 753 3307 altissima
766 3246 864 3305 venti·

59 3341 105 3397 cto
157 3331 284 3393 Summa
297 3337 407 3409 petunt
420 3331 528 3392 dextra
545 3332 671 3392 fulmina
685 3330 780 3389 missa
794 3327 887 3388 Iovis.

114 3419 155 3479 At
170 3425 216 3493 lu,
240 3416 428 3492 quicumque
443 3431 492 3489 es,
516 3433 608 3490 quem
624 3422 729 3475 nostra
742 3411 864 3473 licentia
877 3414 980 3486 laedit,

158 3499 191 3561 Si
206 3501 310 3576 sapis,
335 3499 376 3560 ad
393 3516 537 3561 numeros
553 3501 643 3575 exige
659 3498 794 3574 quidque
809 3513 895 3557 suos.
966 3547 969 3552 .
