2467 4042
110 212 115 222 '
189 211 232 278 36
378 229 460 266 incus
606 211 786 266 ΜΕΤΔΜΜ.

212 378 379 441 505100010
401 378 609 457 omnipotens,
632 379 803 455 pariterque
825 379 965 457 ipsosque
988 379 1154 458 nefasque
1209 369 1215 380 ’

278 465 426 549 Sustulit,
449 474 480 526 et
502 464 592 526 celeri
614 473 714 543 raptos
737 482 792 543 per
814 466 912 525 105015
933 473 1021 526 vento
1118 480 1151 521 ι.
1169 482 1229 521 xvi.

228 622 232 633 ,
277 554 413 634 inposuit
429 549 520 614 05010
534 554 688 641 vicinaque
712 553 809 614 sidera
832 554 919 614 10010.

321 642 466 703 Intumuit
487 641 584 722 luno,
605 649 762 720 postquam
785 644 865 702 10000
887 641 984 702 sidera
1006 642 1120 721 paelex

277 730 393 811 Fulsit,
416 730 503 792 etad
527 747 629 790 canam
652 729 805 790 descendit
826 732 858 789 in
881 748 1009 808 aequora
1031 730 1170 811 Tethyn

82 843 96 870 ν
212 832 264 883 500
278 819 487 897 Oceanumque
511 836 636 898 senem,
659 835 786 896 quorum
809 819 974 878 0000000015
996 820 1096 879 movit

278 908 372 987 Saepe
395 907 488 989 deos,
511 923 689 984 causamque
710 907 774 967 0150
798 904 973 968 scitantibus
996 907 1083 968 iniit:

204 1023 206 1026 ·
279 993 464 1073 Quaeritis,
487 994 628 1055 aetheriis
652 1012 744 1073 quare
766 996 869 1073 regina
891 994 1016 1055 deorum

279 1084 405 1145 Sedibus
427 1083 486 1143 buo
509 1077 633 1143 adsim?
655 1100 710 1162 pro
733 1101 780 1143 me
803 1090 887 1142 00000
908 1081 1000 1143 510005
1022 1082 1171 1146 caelum.

277 1173 403 1234 bientiae
415 1218 424 1254 ,
447 1170 607 1231 obscurum
632 1173 689 1231 0151
711 1189 770 1230 nox
792 1188 861 1231 cum
883 1170 989 1231 lecerit
1010 1170 1119 1233 orbem
1131 1220 1143 1253 ,

212 1273 263 1323 515
277 1261 379 1339 Nuper
401 1259 559 1321 honoratas
582 1277 721 1338 summo,
743 1276 808 1318 mea
830 1257 974 1339 vulnera,
997 1257 1081 1319 caelo

277 1348 416 1409 Videritis
438 1347 538 1408 5001155
560 1346 620 1407 illio
632 1394 642 1428 ,
665 1346 716 1407 ubi
739 1347 869 1407 circulus
892 1364 977 1407 axem

278 1436 404 1498 Ultimus
428 1443 594 1497 extremum
617 1436 772 1513 spatioque
795 1433 988 1496 brevissimus
1010 1434 1122 1497 ambit.

278 1525 333 1586 list
354 1542 446 1605 vero,
469 1541 524 1586 cur
547 1525 614 1603 quis
638 1522 781 1584 lunonem
803 1523 920 1584 laedere
943 1523 1018 1584 nolit

278 1614 486 1691 Oiiensemque
509 1607 648 1673 tremat?
671 1629 746 1690 quae
768 1629 891 1691 prosum
914 1611 976 1671 5015
997 1610 1171 1674 nocendo?

212 1715 264 1765 500
278 1702 325 1783 0,
348 1720 403 1781 ego
418 1709 561 1779 quantum
580 1701 627 1779 egi
640 1698 648 1760 1
673 1716 761 1778 quam
774 1707 856 1761 05505
868 1701 1001 1779 potentie
1020 1709 1126 1761 nostra
1142 1704 1213 1763 0501

277 1791 351 1852 11550
374 1790 524 1850 bominem
545 1790 649 1869 vetui,
672 1788 748 1849 15005
771 1796 817 1849 050
839 1787 915 1849 dea.
942 1789 987 1848 sio
1009 1806 1065 1868 ego
1090 1808 1210 1869 poenas

278 1878 420 1940 Sentibus
443 1879 575 1957 inpono,
598 1878 642 1937 510
665 1884 712 1937 050
733 1894 799 1937 mea
820 1893 925 1955 magna
947 1885 1115 1955 potestas.⁴

277 1966 414 2027 Vindicet
435 1969 584 2043 antiquam
608 1964 714 2025 1501οι0
736 1965 895 2043 vultusque
919 1965 1031 2025 ferinos

277 2054 418 2117 Detrahat
430 2101 439 2137 ,
462 2053 596 2132 Argolica
618 2052 698 2132 quod
721 2055 753 2113 in
775 2060 843 2114 5000
861 2052 1030 2113 Phoronide
1053 2051 1145 2115 100101

212 2155 263 2205 505
279 2142 340 2204 Cur
362 2160 423 2203 uon
446 2150 477 2202 et
499 2141 584 2221 pulsa
608 2141 697 2201 ducat
719 2140 855 2221 lunone,
877 2158 1003 2219 meoque

278 2230 409 2292 Collocet
431 2232 462 2291 10
485 2229 635 2310 thalamo,
658 2246 855 2307 socerumque
878 2227 1014 2307 Lycaona
1037 2227 1166 2291 sumat?

278 2320 315 2381 10
336 2338 390 2380 005
413 2321 438 2380 51
459 2318 555 2378 laesae
579 2325 767 2397 contemptus
790 2318 884 2396 tangit
905 2316 1058 2399 alumnae,

279 2407 401 2486 Gurgite
425 2406 562 2468 05000100
586 2405 708 2485 Septem
729 2404 885 2485 prohibete
908 2406 1040 2490 triones,

279 2496 442 2575 Sideraque
464 2497 496 2556 in
519 2494 599 2555 caelo
623 2496 719 2573 stupri
742 2493 879 2554 mercede
902 2502 1022 2573 recepta

209 2596 260 2647 500
274 2584 401 2665 Pellite,
424 2602 461 2644 ne
484 2602 560 2663 puro
585 2585 737 2661 tinguatur
759 2584 790 2642 in
813 2599 942 2660 aequore
964 2582 1069 2662 paelex
1078 2578 1098 2644 .’

321 2670 470 2733 bimaris
494 2672 680 2732 adnuerant.
707 2669 797 2732 babili
821 2669 960 2730 Saturnia
981 2689 1075 2733 00000

278 2760 447 2839 Ingreditur
465 2759 609 2838 liquidum
632 2758 795 2839 pavonibus
818 2759 938 2819 aethera
960 2761 1067 2839 pictis:

278 2846 351 2909 Tam
373 2867 469 2928 nuper
491 2851 578 2927 pictis
602 2865 689 2908 caeso
711 2845 874 2927 pavonibus
897 2847 996 2927 Argo,

279 2937 374 3009 Quam
401 2946 434 2999 tu
457 2955 553 3015 nuper
576 2953 661 3017 0055,
683 2954 751 2997 cum
775 2935 917 2995 candidus
939 2942 1007 2996 ante
1029 2936 1154 3018 1015505,

209 3036 264 3090 505
279 3025 373 3114 Cprve
395 3025 524 3105 loquax,
548 3023 647 3085 subito
670 3025 821 3102 nigrantes
843 3041 947 3084 versus
970 3025 1002 3084 10
1025 3023 1103 3086 5155.

277 3113 352 3175 Nam
374 3114 431 3175 1010
452 3114 525 3174 baec
549 3112 697 3193 quondam
719 3113 812 3172 niveis
835 3120 974 3192 argentea
995 3116 1103 3191 pennis

278 3203 368 3283 1105,
391 3209 432 3263 00·
447 3209 589 3280 aequaret
611 3209 688 3262 totas
711 3202 776 3261 sine
799 3198 864 3262 labe
888 3199 1059 3282 columbas,

278 3290 340 3352 Nec
362 3293 524 3351 servaturis
547 3289 627 3368 vigili
650 3287 792 3368 Capitolia
814 3307 886 3349 0000

279 3377 406 3439 Cederet
427 3377 583 3438 anseribus
606 3395 662 3438 nec
685 3379 795 3438 amanti
817 3376 938 3438 flumina
958 3395 1071 3458 cycno.

213 3478 264 3527 540
278 3465 392 3545 Lingua
415 3467 472 3527 luit
494 3468 623 3527 damno.
651 3466 751 3545 lingua
769 3466 896 3527 15010000
920 3465 1037 3545 loquaci

280 3553 337 3623 Qui
361 3552 442 3613 color
465 3553 548 3615 51005
572 3563 658 3632 0050,
681 3571 761 3614 0000
784 3561 831 3615 050
853 3558 1020 3617 contrarius
1044 3554 1112 3616 elbo
